"price","change","match_qtty","side","time","total_vol"
13450,-100,935100,"unknown","14:45:00",13942700
13400,-150,11300,"bu","14:29:59",13007600
13350,-200,1000,"sd","14:29:58",12996300
13400,-150,1100,"bu","14:29:51",12995300
13400,-150,6000,"bu","14:29:44",12994200
13400,-150,10000,"bu","14:29:42",12988200
13400,-150,100,"bu","14:29:39",12978200
13400,-150,5000,"bu","14:29:38",12978100
13400,-150,5000,"bu","14:29:35",12973100
13400,-150,2000,"bu","14:29:34",12968100
13400,-150,1000,"bu","14:29:29",12966100
13400,-150,1000,"bu","14:29:28",12965100
13400,-150,800,"bu","14:29:27",12964100
13400,-150,200,"bu","14:29:26",12963300
13400,-150,100,"bu","14:29:26",12963100
13400,-150,400,"bu","14:29:25",12963000
13400,-150,200,"bu","14:29:20",12962600
13400,-150,100,"bu","14:29:19",12962400
13400,-150,10000,"bu","14:29:18",12962300
13400,-150,3700,"bu","14:29:17",12952300
13400,-150,1300,"bu","14:29:17",12948600
13350,-200,26000,"sd","14:29:17",12947300
13400,-150,200,"bu","14:29:15",12921300
13350,-200,7600,"sd","14:29:14",12921100
13400,-150,500,"bu","14:29:14",12913500
13400,-150,100,"bu","14:29:13",12913000
13400,-150,400,"bu","14:29:13",12912900
13400,-150,200,"bu","14:29:13",12912500
13400,-150,100,"bu","14:29:13",12912300
13400,-150,100,"bu","14:29:13",12912200
13400,-150,3500,"bu","14:29:13",12912100
13400,-150,4000,"bu","14:29:13",12908600
13400,-150,100,"bu","14:29:11",12904600
13400,-150,2400,"bu","14:29:04",12904500
13400,-150,400,"bu","14:29:04",12902100
13400,-150,4300,"bu","14:29:04",12901700
13400,-150,100,"bu","14:29:04",12897400
13400,-150,100,"bu","14:29:04",12897300
13400,-150,100,"bu","14:29:04",12897200
13400,-150,1000,"bu","14:29:04",12897100
13400,-150,1200,"bu","14:29:04",12896100
13400,-150,400,"bu","14:29:04",12894900
13400,-150,1500,"bu","14:29:03",12894500
13400,-150,1000,"bu","14:29:00",12893000
13350,-200,200,"sd","14:28:57",12892000
13400,-150,300,"bu","14:28:55",12891800
13400,-150,100,"bu","14:28:54",12891500
13400,-150,2800,"bu","14:28:52",12891400
13400,-150,100,"bu","14:28:52",12888600
13400,-150,1000,"bu","14:28:52",12888500
13400,-150,1000,"bu","14:28:52",12887500
13400,-150,100,"bu","14:28:52",12886500
13400,-150,400,"bu","14:28:51",12886400
13400,-150,100,"bu","14:28:51",12886000
13400,-150,500,"bu","14:28:51",12885900
13400,-150,500,"bu","14:28:49",12885400
13400,-150,1100,"bu","14:28:49",12884900
13400,-150,1000,"bu","14:28:44",12883800
13400,-150,2500,"bu","14:28:39",12882800
13400,-150,1800,"bu","14:28:39",12880300
13400,-150,500,"bu","14:28:39",12878500
13400,-150,5200,"bu","14:28:39",12878000
13350,-200,200,"sd","14:28:38",12872800
13400,-150,2000,"bu","14:28:35",12872600
13400,-150,500,"bu","14:28:33",12870600
13400,-150,500,"bu","14:28:32",12870100
13400,-150,9000,"bu","14:28:30",12869600
13350,-200,1800,"sd","14:28:29",12860600
13400,-150,2000,"bu","14:28:26",12858800
13400,-150,200,"bu","14:28:17",12856800
13350,-200,900,"bu","14:28:17",12856600
13350,-200,700,"bu","14:28:17",12855700
13350,-200,2000,"bu","14:28:17",12855000
13350,-200,4500,"bu","14:28:17",12853000
13350,-200,12300,"bu","14:28:17",12848500
13350,-200,100,"bu","14:28:17",12836200
13350,-200,31000,"bu","14:28:17",12836100
13350,-200,1000,"bu","14:28:17",12805100
13350,-200,2000,"bu","14:28:17",12804100
13350,-200,500,"bu","14:28:17",12802100
13350,-200,100,"bu","14:28:17",12801600
13350,-200,2000,"bu","14:28:17",12801500
13350,-200,1000,"bu","14:28:17",12799500
13350,-200,1000,"bu","14:28:17",12798500
13350,-200,3200,"bu","14:28:17",12797500
13350,-200,1200,"bu","14:28:17",12794300
13350,-200,300,"bu","14:28:16",12793100
13350,-200,2000,"bu","14:28:16",12792800
13300,-250,2500,"sd","14:28:16",12790800
13300,-250,200,"sd","14:28:16",12788300
13300,-250,300,"sd","14:28:16",12788100
13350,-200,500,"bu","14:28:14",12787800
13350,-200,500,"bu","14:28:14",12787300
13350,-200,500,"bu","14:28:13",12786800
13350,-200,1000,"bu","14:28:12",12786300
13350,-200,600,"bu","14:28:12",12785300
13350,-200,1200,"bu","14:28:12",12784700
13350,-200,2000,"bu","14:28:12",12783500
13350,-200,5200,"bu","14:28:12",12781500
13350,-200,100,"bu","14:28:12",12776300
13350,-200,4700,"bu","14:28:10",12776200
13350,-200,100,"bu","14:28:10",12771500
13350,-200,10000,"bu","14:28:10",12771400
13350,-200,2000,"bu","14:28:10",12761400
13350,-200,2600,"bu","14:28:10",12759400
13300,-250,500,"sd","14:28:04",12756800
13300,-250,4200,"sd","14:28:03",12756300
13300,-250,300,"sd","14:28:03",12752100
13300,-250,1000,"sd","14:28:03",12751800
13300,-250,1000,"sd","14:28:03",12750800
13300,-250,2000,"sd","14:28:03",12749800
13300,-250,1000,"sd","14:28:03",12747800
13300,-250,500,"sd","14:28:03",12746800
13300,-250,1000,"sd","14:27:59",12746300
13300,-250,200,"sd","14:27:59",12745300
13300,-250,100,"sd","14:27:59",12745100
13300,-250,700,"sd","14:27:59",12745000
13300,-250,300,"sd","14:27:58",12744300
13300,-250,2000,"sd","14:27:58",12744000
13300,-250,7700,"sd","14:27:58",12742000
13350,-200,700,"bu","14:27:56",12734300
13300,-250,1200,"sd","14:27:55",12733600
13300,-250,1100,"sd","14:27:44",12732400
13300,-250,100,"sd","14:27:44",12731300
13300,-250,100,"sd","14:27:44",12731200
13300,-250,1000,"sd","14:27:44",12731100
13300,-250,500,"sd","14:27:44",12730100
13300,-250,100,"sd","14:27:44",12729600
13300,-250,1000,"sd","14:27:44",12729500
13300,-250,1000,"sd","14:27:44",12728500
13300,-250,3000,"sd","14:27:44",12727500
13300,-250,2100,"sd","14:27:44",12724500
13350,-200,5000,"bu","14:27:41",12722400
13350,-200,4500,"bu","14:27:36",12717400
13300,-250,500,"sd","14:27:36",12712900
13350,-200,2200,"bu","14:27:32",12712400
13350,-200,2800,"bu","14:27:32",12710200
13300,-250,400,"sd","14:27:31",12707400
13300,-250,100,"sd","14:27:31",12707000
13350,-200,100,"bu","14:27:29",12706900
13350,-200,2000,"bu","14:27:29",12706800
13350,-200,100,"bu","14:27:26",12704800
13350,-200,300,"bu","14:27:24",12704700
13350,-200,1500,"bu","14:27:22",12704400
13350,-200,300,"bu","14:27:19",12702900
13350,-200,4500,"bu","14:27:18",12702600
13350,-200,300,"bu","14:27:15",12698100
13350,-200,5000,"bu","14:27:14",12697800
13350,-200,1000,"bu","14:27:13",12692800
13350,-200,100,"bu","14:27:02",12691800
13300,-250,2500,"sd","14:27:01",12691700
13300,-250,100,"sd","14:26:55",12689200
13300,-250,500,"sd","14:26:55",12689100
13300,-250,600,"sd","14:26:55",12688600
13300,-250,100,"sd","14:26:55",12688000
13300,-250,100,"sd","14:26:49",12687900
13350,-200,2000,"bu","14:26:48",12687800
13350,-200,700,"bu","14:26:48",12685800
13300,-250,100,"sd","14:26:47",12685100
13350,-200,300,"bu","14:26:43",12685000
13300,-250,700,"bu","14:26:40",12684700
13300,-250,100,"sd","14:26:39",12684000
13300,-250,3300,"sd","14:26:39",12683900
13300,-250,400,"sd","14:26:39",12680600
13300,-250,300,"sd","14:26:39",12680200
13300,-250,5000,"sd","14:26:39",12679900
13300,-250,200,"sd","14:26:39",12674900
13350,-200,300,"bu","14:26:36",12674700
13300,-250,1700,"bu","14:26:34",12674400
13300,-250,200,"bu","14:26:33",12672700
13300,-250,300,"bu","14:26:33",12672500
13300,-250,500,"sd","14:26:33",12672200
13300,-250,1000,"sd","14:26:33",12671700
13300,-250,10000,"sd","14:26:33",12670700
13300,-250,5400,"sd","14:26:33",12660700
13350,-200,700,"bu","14:26:32",12655300
13350,-200,500,"bu","14:26:32",12654600
13350,-200,500,"bu","14:26:32",12654100
13350,-200,5500,"bu","14:26:32",12653600
13300,-250,100,"bu","14:26:30",12648100
13300,-250,1000,"bu","14:26:30",12648000
13300,-250,800,"bu","14:26:30",12647000
13300,-250,1000,"bu","14:26:30",12646200
13300,-250,1700,"bu","14:26:30",12645200
13300,-250,300,"bu","14:26:30",12643500
13300,-250,1000,"bu","14:26:30",12643200
13300,-250,1700,"bu","14:26:30",12642200
13300,-250,8300,"bu","14:26:28",12640500
13300,-250,1700,"bu","14:26:28",12632200
13300,-250,100,"bu","14:26:28",12630500
13300,-250,700,"bu","14:26:28",12630400
13300,-250,300,"bu","14:26:28",12629700
13300,-250,5000,"bu","14:26:28",12629400
13300,-250,200,"bu","14:26:27",12624400
13300,-250,1000,"bu","14:26:27",12624200
13300,-250,1000,"bu","14:26:27",12623200
13300,-250,7500,"bu","14:26:25",12622200
13300,-250,2500,"bu","14:26:25",12614700
13250,-300,400,"sd","14:26:25",12612200
13300,-250,7900,"bu","14:26:24",12611800
13300,-250,5000,"bu","14:26:23",12603900
13300,-250,100,"bu","14:26:23",12598900
13300,-250,200,"bu","14:26:20",12598800
13300,-250,100,"bu","14:26:20",12598600
13300,-250,3100,"bu","14:26:19",12598500
13250,-300,2100,"sd","14:26:19",12595400
13300,-250,1100,"bu","14:26:16",12593300
13300,-250,500,"bu","14:26:16",12592200
13300,-250,200,"bu","14:26:16",12591700
13300,-250,100,"bu","14:26:16",12591500
13300,-250,600,"bu","14:26:16",12591400
13300,-250,1500,"bu","14:26:15",12590800
13250,-300,9100,"sd","14:26:15",12589300
13250,-300,2000,"sd","14:26:15",12580200
13250,-300,500,"sd","14:26:15",12578200
13250,-300,500,"sd","14:26:15",12577700
13250,-300,100,"sd","14:26:15",12577200
13250,-300,5000,"sd","14:26:15",12577100
13250,-300,100,"sd","14:26:15",12572100
13250,-300,200,"sd","14:26:15",12572000
13250,-300,200,"sd","14:26:15",12571800
13250,-300,200,"sd","14:26:15",12571600
13250,-300,100,"sd","14:26:15",12571400
13250,-300,500,"sd","14:26:15",12571300
13250,-300,200,"sd","14:26:15",12570800
13250,-300,600,"sd","14:26:15",12570600
13250,-300,200,"sd","14:26:15",12570000
13250,-300,500,"sd","14:26:15",12569800
13300,-250,200,"bu","14:26:12",12569300
13300,-250,800,"bu","14:26:12",12569100
13250,-300,500,"sd","14:26:11",12568300
13300,-250,200,"bu","14:26:11",12567800
13300,-250,800,"bu","14:26:10",12567600
13300,-250,200,"bu","14:26:10",12566800
13300,-250,200,"bu","14:26:10",12566600
13250,-300,500,"sd","14:26:08",12566400
13300,-250,200,"bu","14:26:07",12565900
13300,-250,2000,"bu","14:26:06",12565700
13300,-250,300,"bu","14:26:05",12563700
13300,-250,5000,"bu","14:26:05",12563400
13300,-250,500,"bu","14:26:03",12558400
13300,-250,200,"bu","14:26:00",12557900
13300,-250,300,"bu","14:25:57",12557700
13300,-250,1000,"bu","14:25:56",12557400
13250,-300,400,"sd","14:25:55",12556400
13300,-250,100,"bu","14:25:52",12556000
13300,-250,4200,"bu","14:25:50",12555900
13300,-250,700,"bu","14:25:50",12551700
13250,-300,1000,"sd","14:25:46",12551000
13300,-250,1000,"bu","14:25:46",12550000
13300,-250,300,"bu","14:25:45",12549000
13300,-250,5600,"bu","14:25:44",12548700
13300,-250,5000,"bu","14:25:44",12543100
13300,-250,200,"bu","14:25:43",12538100
13300,-250,2300,"bu","14:25:42",12537900
13300,-250,5000,"bu","14:25:42",12535600
13300,-250,1000,"bu","14:25:39",12530600
13300,-250,100,"bu","14:25:39",12529600
13300,-250,200,"sd","14:25:39",12529500
13300,-250,400,"sd","14:25:37",12529300
13300,-250,1000,"sd","14:25:37",12528900
13350,-200,200,"bu","14:25:36",12527900
13300,-250,12800,"bu","14:25:33",12527700
13300,-250,2000,"bu","14:25:32",12514900
13300,-250,2000,"sd","14:25:26",12512900
13300,-250,100,"sd","14:25:26",12510900
13300,-250,2000,"sd","14:25:26",12510800
13300,-250,800,"sd","14:25:26",12508800
13300,-250,100,"sd","14:25:26",12508000
13300,-250,100,"sd","14:25:26",12507900
13300,-250,100,"sd","14:25:26",12507800
13300,-250,2000,"sd","14:25:26",12507700
13300,-250,5500,"sd","14:25:24",12505700
13350,-200,100,"bu","14:25:23",12500200
13350,-200,1000,"bu","14:25:21",12500100
13300,-250,3000,"sd","14:25:21",12499100
13300,-250,100,"sd","14:25:21",12496100
13300,-250,800,"sd","14:25:21",12496000
13300,-250,100,"sd","14:25:21",12495200
13300,-250,500,"sd","14:25:21",12495100
13300,-250,100,"sd","14:25:21",12494600
13300,-250,1000,"sd","14:25:21",12494500
13300,-250,2500,"sd","14:25:21",12493500
13300,-250,600,"sd","14:25:21",12491000
13300,-250,1000,"sd","14:25:21",12490400
13300,-250,1100,"sd","14:25:21",12489400
13300,-250,5300,"sd","14:25:21",12488300
13300,-250,9000,"sd","14:25:21",12483000
13300,-250,100,"sd","14:25:21",12474000
13300,-250,10000,"sd","14:25:21",12473900
13300,-250,500,"sd","14:25:21",12463900
13300,-250,500,"sd","14:25:21",12463400
13300,-250,100,"sd","14:25:21",12462900
13300,-250,500,"sd","14:25:21",12462800
13300,-250,21000,"sd","14:25:21",12462300
13300,-250,10100,"sd","14:25:21",12441300
13300,-250,2200,"sd","14:25:21",12431200
13300,-250,1200,"sd","14:25:21",12429000
13300,-250,500,"sd","14:25:21",12427800
13300,-250,100400,"sd","14:25:21",12427300
13300,-250,1700,"sd","14:25:21",12326900
13300,-250,22200,"sd","14:25:21",12325200
13300,-250,1000,"sd","14:25:21",12303000
13300,-250,1200,"sd","14:25:21",12302000
13300,-250,5000,"sd","14:25:21",12300800
13300,-250,1000,"sd","14:25:21",12295800
13300,-250,5300,"sd","14:25:21",12294800
13300,-250,10000,"sd","14:25:21",12289500
13300,-250,500,"sd","14:25:21",12279500
13300,-250,500,"sd","14:25:21",12279000
13300,-250,2000,"sd","14:25:21",12278500
13300,-250,1500,"sd","14:25:21",12276500
13300,-250,300,"sd","14:25:21",12275000
13300,-250,2000,"sd","14:25:21",12274700
13300,-250,500,"sd","14:25:21",12272700
13300,-250,2900,"sd","14:25:21",12272200
13300,-250,2000,"sd","14:25:21",12269300
13300,-250,2200,"sd","14:25:21",12267300
13300,-250,5200,"sd","14:25:21",12265100
13300,-250,100,"sd","14:25:21",12259900
13300,-250,400,"sd","14:25:21",12259800
13300,-250,1500,"sd","14:25:21",12259400
13300,-250,500,"sd","14:25:21",12257900
13300,-250,200,"sd","14:25:21",12257400
13300,-250,30000,"sd","14:25:21",12257200
13300,-250,4200,"sd","14:25:21",12227200
13300,-250,1000,"sd","14:25:21",12223000
13300,-250,8100,"sd","14:25:21",12222000
13300,-250,6000,"sd","14:25:21",12213900
13300,-250,1000,"sd","14:25:21",12207900
13300,-250,3100,"sd","14:25:21",12206900
13300,-250,100,"sd","14:25:21",12203800
13300,-250,2300,"sd","14:25:21",12203700
13300,-250,200,"sd","14:25:21",12201400
13300,-250,1000,"sd","14:25:21",12201200
13300,-250,2100,"sd","14:25:21",12200200
13300,-250,400,"sd","14:25:21",12198100
13300,-250,8500,"sd","14:25:21",12197700
13300,-250,1000,"sd","14:25:21",12189200
13300,-250,1300,"sd","14:25:21",12188200
13300,-250,2000,"sd","14:25:21",12186900
13300,-250,100,"sd","14:25:21",12184900
13300,-250,200,"sd","14:25:21",12184800
13300,-250,200,"sd","14:25:21",12184600
13300,-250,8000,"sd","14:25:21",12184400
13300,-250,100,"sd","14:25:21",12176400
13300,-250,300,"sd","14:25:21",12176300
13300,-250,100,"sd","14:25:21",12176000
13300,-250,1000,"sd","14:25:21",12175900
13300,-250,10000,"sd","14:25:21",12174900
13300,-250,500,"sd","14:25:21",12164900
13300,-250,2000,"sd","14:25:21",12164400
13300,-250,200,"sd","14:25:21",12162400
13300,-250,10000,"sd","14:25:21",12162200
13300,-250,200,"sd","14:25:21",12152200
13300,-250,200,"sd","14:25:21",12152000
13300,-250,2700,"sd","14:25:21",12151800
13300,-250,3000,"sd","14:25:15",12149100
13350,-200,43200,"bu","14:25:13",12146100
13350,-200,500,"bu","14:25:13",12102900
13350,-200,29400,"bu","14:25:13",12102400
13350,-200,1000,"bu","14:25:11",12073000
13350,-200,3000,"bu","14:25:11",12072000
13350,-200,700,"bu","14:25:01",12069000
13350,-200,100,"bu","14:25:00",12068300
13350,-200,1000,"bu","14:24:59",12068200
13350,-200,1000,"bu","14:24:58",12067200
13300,-250,16700,"sd","14:24:58",12066200
13300,-250,200,"sd","14:24:58",12049500
13300,-250,100,"sd","14:24:58",12049300
13300,-250,2200,"sd","14:24:58",12049200
13350,-200,200,"sd","14:24:55",12047000
13350,-200,5000,"sd","14:24:55",12046800
13350,-200,200,"sd","14:24:55",12041800
13350,-200,200,"sd","14:24:55",12041600
13350,-200,1000,"sd","14:24:55",12041400
13350,-200,3600,"sd","14:24:55",12040400
13350,-200,3100,"sd","14:24:55",12036800
13350,-200,200,"sd","14:24:55",12033700
13350,-200,100,"sd","14:24:55",12033500
13350,-200,100,"sd","14:24:55",12033400
13350,-200,100,"sd","14:24:55",12033300
13350,-200,100,"sd","14:24:55",12033200
13350,-200,1000,"sd","14:24:55",12033100
13350,-200,200,"sd","14:24:55",12032100
13350,-200,500,"sd","14:24:55",12031900
13350,-200,8600,"sd","14:24:55",12031400
13350,-200,1400,"sd","14:24:54",12022800
13350,-200,1900,"sd","14:24:54",12021400
13350,-200,500,"sd","14:24:54",12019500
13350,-200,1200,"sd","14:24:54",12019000
13350,-200,200,"sd","14:24:53",12017800
13350,-200,3100,"sd","14:24:53",12017600
13350,-200,700,"sd","14:24:53",12014500
13350,-200,400,"sd","14:24:53",12013800
13350,-200,100,"sd","14:24:52",12013400
13350,-200,1000,"sd","14:24:52",12013300
13350,-200,100,"sd","14:24:52",12012300
13350,-200,2000,"sd","14:24:52",12012200
13350,-200,100,"sd","14:24:52",12010200
13350,-200,100,"sd","14:24:52",12010100
13350,-200,200,"sd","14:24:52",12010000
13350,-200,100,"sd","14:24:51",12009800
13350,-200,900,"sd","14:24:49",12009700
13350,-200,1000,"sd","14:24:49",12008800
13350,-200,6000,"sd","14:24:49",12007800
13350,-200,100,"sd","14:24:49",12001800
13350,-200,600,"sd","14:24:49",12001700
13350,-200,6400,"sd","14:24:46",12001100
13350,-200,100,"sd","14:24:46",11994700
13350,-200,2000,"sd","14:24:46",11994600
13350,-200,1000,"sd","14:24:46",11992600
13350,-200,500,"sd","14:24:46",11991600
13400,-150,600,"bu","14:24:45",11991100
13350,-200,400,"sd","14:24:32",11990500
13350,-200,8200,"sd","14:24:31",11990100
13350,-200,900,"sd","14:24:26",11981900
13350,-200,1400,"sd","14:24:26",11981000
13350,-200,200,"sd","14:24:26",11979600
13350,-200,500,"sd","14:24:26",11979400
13350,-200,100,"sd","14:24:26",11978900
13350,-200,900,"sd","14:24:26",11978800
13350,-200,9100,"sd","14:24:22",11977900
13350,-200,300,"sd","14:24:22",11968800
13350,-200,1000,"sd","14:24:22",11968500
13350,-200,1800,"sd","14:24:22",11967500
13350,-200,300,"sd","14:24:22",11965700
13350,-200,100,"sd","14:24:22",11965400
13350,-200,700,"sd","14:24:22",11965300
13350,-200,1000,"sd","14:24:22",11964600
13350,-200,200,"sd","14:24:22",11963600
13350,-200,1000,"sd","14:24:22",11963400
13350,-200,100,"sd","14:24:22",11962400
13350,-200,1000,"sd","14:24:22",11962300
13350,-200,100,"sd","14:24:22",11961300
13350,-200,100,"sd","14:24:22",11961200
13350,-200,200,"sd","14:24:22",11961100
13350,-200,2900,"sd","14:24:22",11960900
13350,-200,100,"sd","14:24:22",11958000
13350,-200,1000,"sd","14:24:22",11957900
13350,-200,1600,"sd","14:24:22",11956900
13350,-200,5000,"sd","14:24:22",11955300
13350,-200,400,"sd","14:24:22",11950300
13350,-200,300,"sd","14:24:22",11949900
13350,-200,3000,"sd","14:24:22",11949600
13350,-200,300,"sd","14:24:22",11946600
13350,-200,200,"sd","14:24:22",11946300
13350,-200,100,"sd","14:24:22",11946100
13350,-200,100,"sd","14:24:22",11946000
13350,-200,100,"sd","14:24:22",11945900
13350,-200,400,"sd","14:24:22",11945800
13400,-150,5200,"bu","14:24:21",11945400
13400,-150,2100,"bu","14:24:21",11940200
13350,-200,400,"sd","14:24:20",11938100
13350,-200,200,"sd","14:24:16",11937700
13350,-200,2000,"sd","14:24:16",11937500
13350,-200,2000,"sd","14:24:16",11935500
13350,-200,100,"sd","14:24:16",11933500
13350,-200,100,"sd","14:24:16",11933400
13350,-200,600,"sd","14:24:16",11933300
13400,-150,100,"bu","14:24:14",11932700
13350,-200,500,"sd","14:24:14",11932600
13350,-200,100,"sd","14:24:14",11932100
13350,-200,400,"sd","14:24:14",11932000
13350,-200,100,"sd","14:24:10",11931600
13350,-200,100,"sd","14:24:10",11931500
13350,-200,400,"sd","14:24:10",11931400
13350,-200,4000,"sd","14:24:07",11931000
13350,-200,50000,"sd","14:24:04",11927000
13350,-200,10000,"sd","14:24:03",11877000
13350,-200,1000,"sd","14:24:02",11867000
13350,-200,400,"sd","14:24:00",11866000
13400,-150,100,"bu","14:24:00",11865600
13350,-200,2000,"sd","14:23:59",11865500
13350,-200,50000,"sd","14:23:58",11863500
13350,-200,4800,"sd","14:23:57",11813500
13350,-200,100,"sd","14:23:55",11808700
13350,-200,500,"sd","14:23:50",11808600
13350,-200,2000,"sd","14:23:49",11808100
13400,-150,500,"bu","14:23:48",11806100
13350,-200,8400,"sd","14:23:48",11805600
13350,-200,100,"sd","14:23:45",11797200
13350,-200,600,"sd","14:23:44",11797100
13350,-200,1000,"sd","14:23:41",11796500
13350,-200,3000,"sd","14:23:36",11795500
13350,-200,5000,"sd","14:23:34",11792500
13350,-200,10000,"sd","14:23:31",11787500
13350,-200,200,"sd","14:23:29",11777500
13350,-200,100,"sd","14:23:27",11777300
13350,-200,2000,"sd","14:23:22",11777200
13350,-200,200,"sd","14:23:19",11775200
13350,-200,100,"sd","14:23:13",11775000
13350,-200,100,"sd","14:23:12",11774900
13350,-200,5000,"sd","14:23:11",11774800
13350,-200,5000,"sd","14:23:02",11769800
13400,-150,600,"bu","14:23:01",11764800
13350,-200,51100,"sd","14:22:57",11764200
13350,-200,200,"sd","14:22:56",11713100
13350,-200,1300,"sd","14:22:53",11712900
13350,-200,300,"sd","14:22:51",11711600
13350,-200,5900,"sd","14:22:46",11711300
13350,-200,1000,"sd","14:22:45",11705400
13400,-150,5000,"bu","14:22:44",11704400
13400,-150,1600,"bu","14:22:42",11699400
13400,-150,1400,"bu","14:22:42",11697800
13350,-200,9000,"sd","14:22:40",11696400
13350,-200,600,"sd","14:22:39",11687400
13350,-200,15500,"sd","14:22:36",11686800
13350,-200,20000,"sd","14:22:36",11671300
13350,-200,300,"sd","14:22:36",11651300
13350,-200,5700,"sd","14:22:33",11651000
13350,-200,400,"sd","14:22:31",11645300
13350,-200,10000,"sd","14:22:29",11644900
13350,-200,5000,"sd","14:22:28",11634900
13400,-150,5500,"bu","14:22:28",11629900
13350,-200,1000,"sd","14:22:26",11624400
13350,-200,100,"sd","14:22:26",11623400
13350,-200,13600,"sd","14:22:25",11623300
13350,-200,200,"sd","14:22:25",11609700
13350,-200,3000,"sd","14:22:23",11609500
13350,-200,2900,"sd","14:22:16",11606500
13350,-200,15000,"sd","14:22:14",11603600
13350,-200,500,"sd","14:22:08",11588600
13350,-200,100,"sd","14:22:06",11588100
13350,-200,2000,"sd","14:22:05",11588000
13350,-200,200,"sd","14:22:04",11586000
13350,-200,1000,"sd","14:22:02",11585800
13350,-200,17000,"sd","14:22:01",11584800
13350,-200,500,"sd","14:21:53",11567800
13350,-200,9700,"sd","14:21:52",11567300
13350,-200,10000,"sd","14:21:50",11557600
13350,-200,2000,"sd","14:21:48",11547600
13350,-200,800,"sd","14:21:41",11545600
13350,-200,500,"sd","14:21:40",11544800
13350,-200,5000,"sd","14:21:38",11544300
13350,-200,500,"sd","14:21:36",11539300
13350,-200,1000,"sd","14:21:31",11538800
13350,-200,900,"sd","14:21:27",11537800
13400,-150,100,"bu","14:21:27",11536900
13350,-200,15000,"sd","14:21:24",11536800
13350,-200,2000,"sd","14:21:23",11521800
13350,-200,1000,"sd","14:21:17",11519800
13350,-200,600,"sd","14:21:11",11518800
13400,-150,100,"bu","14:21:06",11518200
13400,-150,3900,"bu","14:21:00",11518100
13400,-150,7400,"bu","14:21:00",11514200
13350,-200,25000,"sd","14:20:55",11506800
13400,-150,2600,"bu","14:20:46",11481800
13400,-150,100,"bu","14:20:46",11479200
13400,-150,5000,"bu","14:20:46",11479100
13400,-150,2300,"bu","14:20:46",11474100
13350,-200,4300,"sd","14:20:44",11471800
13350,-200,5200,"sd","14:20:40",11467500
13350,-200,2000,"sd","14:20:40",11462300
13350,-200,1000,"sd","14:20:40",11460300
13350,-200,1000,"sd","14:20:40",11459300
13350,-200,10000,"sd","14:20:40",11458300
13350,-200,800,"sd","14:20:40",11448300
13400,-150,200,"bu","14:20:39",11447500
13350,-200,100,"sd","14:20:38",11447300
13350,-200,4000,"sd","14:20:34",11447200
13350,-200,1000,"sd","14:20:32",11443200
13350,-200,600,"sd","14:20:31",11442200
13350,-200,10000,"sd","14:20:28",11441600
13350,-200,2500,"sd","14:20:24",11431600
13350,-200,1500,"sd","14:20:16",11429100
13350,-200,100,"sd","14:19:57",11427600
13350,-200,1000,"sd","14:19:54",11427500
13400,-150,100,"bu","14:19:53",11426500
13400,-150,100,"bu","14:19:34",11426400
13350,-200,500,"sd","14:19:27",11426300
13400,-150,1300,"sd","14:19:25",11425800
13400,-150,1000,"bu","14:19:22",11424500
13400,-150,100,"bu","14:19:22",11423500
13400,-150,1100,"bu","14:19:22",11423400
13350,-200,7900,"sd","14:19:20",11422300
13350,-200,10000,"sd","14:19:20",11414400
13350,-200,100,"sd","14:19:20",11404400
13350,-200,500,"sd","14:19:20",11404300
13350,-200,5000,"sd","14:19:20",11403800
13350,-200,10000,"sd","14:19:20",11398800
13350,-200,1700,"sd","14:19:20",11388800
13350,-200,5500,"sd","14:19:16",11387100
13400,-150,200,"sd","14:19:04",11381600
13400,-150,200,"sd","14:19:04",11381400
13400,-150,1000,"sd","14:19:04",11381200
13400,-150,100,"sd","14:19:04",11380200
13400,-150,400,"sd","14:19:04",11380100
13400,-150,100,"sd","14:18:49",11379700
13400,-150,3000,"sd","14:18:42",11379600
13400,-150,500,"bu","14:18:31",11376600
13400,-150,300,"bu","14:18:31",11376100
13400,-150,100,"bu","14:18:31",11375800
13400,-150,700,"bu","14:18:27",11375700
13350,-200,600,"sd","14:18:24",11375000
13400,-150,200,"bu","14:18:10",11374400
13400,-150,600,"bu","14:18:09",11374200
13400,-150,300,"bu","14:18:09",11373600
13400,-150,100,"bu","14:18:09",11373300
13400,-150,100,"bu","14:18:00",11373200
13400,-150,100,"sd","14:17:49",11373100
13400,-150,500,"sd","14:17:49",11373000
13400,-150,1500,"sd","14:17:47",11372500
13400,-150,300,"sd","14:17:47",11371000
13400,-150,300,"sd","14:17:47",11370700
13400,-150,500,"sd","14:17:40",11370400
13400,-150,1000,"sd","14:17:35",11369900
13400,-150,200,"sd","14:17:34",11368900
13400,-150,500,"sd","14:17:26",11368700
13400,-150,5500,"sd","14:17:24",11368200
13400,-150,100,"sd","14:17:23",11362700
13400,-150,1000,"sd","14:17:23",11362600
13400,-150,1200,"sd","14:17:23",11361600
13400,-150,2000,"sd","14:17:23",11360400
13400,-150,600,"sd","14:17:20",11358400
13400,-150,3000,"sd","14:17:18",11357800
13400,-150,1100,"sd","14:17:07",11354800
13400,-150,400,"sd","14:17:04",11353700
13400,-150,100,"sd","14:17:04",11353300
13400,-150,100,"sd","14:17:04",11353200
13400,-150,200,"sd","14:17:04",11353100
13400,-150,100,"sd","14:17:04",11352900
13400,-150,100,"sd","14:17:03",11352800
13400,-150,200,"sd","14:16:48",11352700
13400,-150,100,"sd","14:16:47",11352500
13400,-150,1700,"sd","14:16:47",11352400
13400,-150,1000,"sd","14:16:47",11350700
13400,-150,1000,"sd","14:16:47",11349700
13400,-150,200,"sd","14:16:47",11348700
13400,-150,1000,"sd","14:16:47",11348500
13400,-150,800,"sd","14:16:47",11347500
13400,-150,200,"sd","14:16:47",11346700
13400,-150,100,"sd","14:16:47",11346500
13400,-150,200,"sd","14:16:47",11346400
13400,-150,500,"sd","14:16:47",11346200
13400,-150,100,"sd","14:16:42",11345700
13400,-150,4900,"sd","14:16:42",11345600
13400,-150,100,"sd","14:16:42",11340700
13400,-150,100,"sd","14:16:42",11340600
13400,-150,300,"sd","14:16:42",11340500
13400,-150,3000,"sd","14:16:36",11340200
13400,-150,1000,"sd","14:16:36",11337200
13400,-150,100,"sd","14:16:36",11336200
13400,-150,1000,"sd","14:16:36",11336100
13400,-150,100,"sd","14:16:36",11335100
13400,-150,8800,"sd","14:16:36",11335000
13400,-150,15000,"sd","14:16:32",11326200
13400,-150,20000,"sd","14:16:26",11311200
13400,-150,500,"sd","14:16:19",11291200
13400,-150,10000,"sd","14:16:19",11290700
13400,-150,2000,"sd","14:16:16",11280700
13400,-150,100,"sd","14:16:05",11278700
13400,-150,100,"sd","14:15:56",11278600
13400,-150,200,"sd","14:15:52",11278500
13400,-150,3800,"sd","14:15:52",11278300
13450,-100,1500,"bu","14:15:51",11274500
13450,-100,100,"bu","14:15:51",11273000
13450,-100,10000,"bu","14:15:51",11272900
13450,-100,8400,"bu","14:15:51",11262900
13450,-100,1600,"bu","14:15:47",11254500
13450,-100,500,"bu","14:15:47",11252900
13450,-100,1500,"bu","14:15:47",11252400
13400,-150,4700,"sd","14:15:39",11250900
13400,-150,37000,"sd","14:15:39",11246200
13400,-150,1000,"sd","14:15:39",11209200
13400,-150,500,"sd","14:15:39",11208200
13400,-150,100,"sd","14:15:39",11207700
13400,-150,6500,"sd","14:15:39",11207600
13400,-150,300,"sd","14:15:39",11201100
13400,-150,1000,"sd","14:15:39",11200800
13400,-150,500,"sd","14:15:39",11199800
13400,-150,1000,"sd","14:15:29",11199300
13400,-150,600,"sd","14:15:16",11198300
13450,-100,100,"bu","14:14:58",11197700
13450,-100,200,"bu","14:14:53",11197600
13450,-100,2000,"bu","14:14:39",11197400
13450,-100,100,"bu","14:14:33",11195400
13400,-150,500,"sd","14:14:15",11195300
13400,-150,1400,"sd","14:13:53",11194800
13450,-100,600,"sd","14:13:53",11193400
13450,-100,1000,"sd","14:13:51",11192800
13450,-100,800,"sd","14:13:51",11191800
13450,-100,200,"sd","14:13:51",11191000
13450,-100,500,"sd","14:13:50",11190800
13450,-100,500,"sd","14:13:50",11190300
13450,-100,100,"sd","14:13:50",11189800
13450,-100,800,"sd","14:13:50",11189700
13450,-100,500,"sd","14:13:50",11188900
13450,-100,300,"sd","14:13:50",11188400
13450,-100,200,"sd","14:13:50",11188100
13450,-100,1000,"sd","14:13:50",11187900
13450,-100,2100,"sd","14:13:50",11186900
13500,-50,600,"bu","14:13:48",11184800
13450,-100,800,"sd","14:13:36",11184200
13450,-100,400,"sd","14:13:36",11183400
13450,-100,500,"sd","14:13:18",11183000
13450,-100,500,"sd","14:13:17",11182500
13450,-100,100,"sd","14:13:12",11182000
13450,-100,200,"sd","14:13:12",11181900
13450,-100,300,"sd","14:13:12",11181700
13450,-100,300,"sd","14:13:06",11181400
13450,-100,400,"sd","14:13:01",11181100
13450,-100,100,"sd","14:13:01",11180700
13450,-100,1000,"sd","14:12:46",11180600
13450,-100,2000,"sd","14:12:46",11179600
13450,-100,6300,"sd","14:12:28",11177600
13450,-100,3000,"sd","14:12:28",11171300
13450,-100,400,"sd","14:12:28",11168300
13450,-100,300,"sd","14:12:28",11167900
13450,-100,500,"sd","14:12:22",11167600
13500,-50,400,"bu","14:12:19",11167100
13450,-100,500,"sd","14:12:12",11166700
13450,-100,3000,"sd","14:12:10",11166200
13450,-100,2900,"sd","14:12:08",11163200
13450,-100,7100,"sd","14:12:08",11160300
13450,-100,100,"sd","14:11:44",11153200
13500,-50,100,"bu","14:11:37",11153100
13450,-100,2800,"sd","14:11:16",11153000
13450,-100,200,"sd","14:11:09",11150200
13450,-100,300,"sd","14:11:09",11150000
13450,-100,100,"sd","14:11:09",11149700
13500,-50,300,"bu","14:10:59",11149600
13500,-50,1200,"bu","14:10:55",11149300
13500,-50,1000,"bu","14:10:52",11148100
13500,-50,900,"bu","14:10:52",11147100
13450,-100,200,"sd","14:10:52",11146200
13500,-50,100,"bu","14:10:49",11146000
13500,-50,200,"bu","14:10:35",11145900
13450,-100,2000,"sd","14:10:34",11145700
13450,-100,1000,"sd","14:10:27",11143700
13450,-100,1900,"sd","14:10:11",11142700
13450,-100,1000,"sd","14:10:07",11140800
13450,-100,600,"sd","14:10:05",11139800
13500,-50,3000,"bu","14:10:04",11139200
13500,-50,1000,"bu","14:10:00",11136200
13450,-100,2100,"sd","14:09:47",11135200
13450,-100,200,"sd","14:09:47",11133100
13450,-100,600,"sd","14:09:47",11132900
13450,-100,100,"sd","14:09:47",11132300
13450,-100,100,"sd","14:09:47",11132200
13450,-100,1000,"sd","14:09:47",11132100
13450,-100,300,"sd","14:09:47",11131100
13450,-100,1000,"sd","14:09:47",11130800
13450,-100,9600,"sd","14:09:47",11129800
13450,-100,200,"sd","14:09:46",11120200
13450,-100,200,"sd","14:09:44",11120000
13450,-100,500,"sd","14:09:44",11119800
13450,-100,4300,"sd","14:09:44",11119300
13450,-100,300,"sd","14:09:34",11115000
13500,-50,100,"bu","14:09:23",11114700
13450,-100,3400,"sd","14:09:20",11114600
13450,-100,700,"sd","14:09:20",11111200
13450,-100,200,"sd","14:09:16",11110500
13450,-100,3000,"sd","14:09:16",11110300
13500,-50,2000,"bu","14:09:08",11107300
13450,-100,600,"sd","14:09:01",11105300
13450,-100,100,"sd","14:09:00",11104700
13450,-100,600,"sd","14:09:00",11104600
13450,-100,500,"sd","14:09:00",11104000
13450,-100,1400,"sd","14:08:50",11103500
13450,-100,1700,"sd","14:08:50",11102100
13500,-50,2500,"bu","14:08:48",11100400
13450,-100,500,"bu","14:08:45",11097900
13450,-100,1600,"bu","14:08:45",11097400
13450,-100,100,"bu","14:08:45",11095800
13450,-100,300,"bu","14:08:45",11095700
13450,-100,200,"bu","14:08:45",11095400
13450,-100,5200,"bu","14:08:45",11095200
13450,-100,100,"bu","14:08:45",11090000
13450,-100,100,"bu","14:08:43",11089900
13450,-100,3000,"bu","14:08:42",11089800
13450,-100,100,"bu","14:08:39",11086800
13450,-100,500,"bu","14:08:38",11086700
13450,-100,300,"bu","14:08:38",11086200
13450,-100,1000,"bu","14:08:37",11085900
13450,-100,1000,"bu","14:08:36",11084900
13450,-100,3200,"bu","14:08:34",11083900
13450,-100,100,"bu","14:08:34",11080700
13450,-100,600,"bu","14:08:33",11080600
13450,-100,1000,"bu","14:08:33",11080000
13450,-100,200,"bu","14:08:33",11079000
13450,-100,200,"bu","14:08:33",11078800
13450,-100,3000,"bu","14:08:33",11078600
13450,-100,4400,"bu","14:08:33",11075600
13450,-100,5000,"bu","14:08:21",11071200
13400,-150,800,"sd","14:08:15",11066200
13450,-100,200,"bu","14:08:13",11065400
13450,-100,400,"bu","14:08:11",11065200
13450,-100,100,"bu","14:08:11",11064800
13450,-100,900,"bu","14:08:04",11064700
13450,-100,100,"bu","14:08:04",11063800
13450,-100,3000,"bu","14:08:04",11063700
13450,-100,1000,"bu","14:08:04",11060700
13450,-100,500,"bu","14:08:04",11059700
13400,-150,500,"sd","14:08:00",11059200
13400,-150,100,"sd","14:07:59",11058700
13400,-150,600,"bu","14:07:49",11058600
13400,-150,1100,"bu","14:07:49",11058000
13400,-150,200,"bu","14:07:49",11056900
13400,-150,300,"bu","14:07:49",11056700
13400,-150,1000,"bu","14:07:49",11056400
13400,-150,1000,"bu","14:07:49",11055400
13400,-150,6400,"bu","14:07:49",11054400
13400,-150,200,"bu","14:07:47",11048000
13400,-150,400,"bu","14:07:45",11047800
13400,-150,700,"bu","14:07:45",11047400
13400,-150,600,"bu","14:07:45",11046700
13400,-150,500,"bu","14:07:44",11046100
13400,-150,300,"bu","14:07:44",11045600
13400,-150,300,"bu","14:07:44",11045300
13400,-150,1000,"bu","14:07:44",11045000
13400,-150,200,"bu","14:07:44",11044000
13400,-150,200,"bu","14:07:44",11043800
13400,-150,200,"bu","14:07:44",11043600
13400,-150,1300,"bu","14:07:44",11043400
13400,-150,1000,"bu","14:07:44",11042100
13400,-150,14000,"bu","14:07:43",11041100
13400,-150,200,"bu","14:07:43",11027100
13400,-150,2100,"bu","14:07:43",11026900
13400,-150,5300,"bu","14:07:43",11024800
13400,-150,200,"bu","14:07:43",11019500
13400,-150,200,"bu","14:07:43",11019300
13400,-150,900,"bu","14:07:43",11019100
13400,-150,5000,"bu","14:07:43",11018200
13400,-150,100,"bu","14:07:43",11013200
13400,-150,900,"bu","14:07:43",11013100
13400,-150,500,"bu","14:07:43",11012200
13400,-150,7500,"bu","14:07:43",11011700
13400,-150,1300,"bu","14:07:43",11004200
13400,-150,200,"bu","14:07:43",11002900
13400,-150,500,"bu","14:07:43",11002700
13400,-150,4700,"bu","14:07:43",11002200
13400,-150,100,"bu","14:07:42",10997500
13400,-150,800,"bu","14:07:42",10997400
13400,-150,200,"bu","14:07:42",10996600
13400,-150,800,"bu","14:07:41",10996400
13400,-150,700,"bu","14:07:41",10995600
13400,-150,1000,"bu","14:07:39",10994900
13350,-200,200,"sd","14:07:38",10993900
13400,-150,500,"bu","14:07:37",10993700
13400,-150,100,"bu","14:07:36",10993200
13400,-150,2500,"bu","14:07:34",10993100
13400,-150,5200,"bu","14:07:31",10990600
13400,-150,200,"bu","14:07:31",10985400
13400,-150,1500,"bu","14:07:31",10985200
13400,-150,400,"bu","14:07:31",10983700
13400,-150,600,"bu","14:07:31",10983300
13400,-150,2100,"bu","14:07:31",10982700
13400,-150,100,"bu","14:07:31",10980600
13400,-150,2700,"bu","14:07:29",10980500
13400,-150,100,"bu","14:07:29",10977800
13400,-150,100,"bu","14:07:29",10977700
13400,-150,2000,"bu","14:07:29",10977600
13400,-150,1900,"bu","14:07:29",10975600
13400,-150,3200,"bu","14:07:29",10973700
13400,-150,100,"bu","14:07:28",10970500
13400,-150,1700,"bu","14:07:27",10970400
13400,-150,1000,"bu","14:07:27",10968700
13400,-150,300,"bu","14:07:27",10967700
13400,-150,100,"bu","14:07:08",10967400
13350,-200,600,"sd","14:06:56",10967300
13350,-200,1400,"sd","14:06:44",10966700
13350,-200,500,"sd","14:06:44",10965300
13350,-200,100,"sd","14:06:44",10964800
13350,-200,400,"sd","14:06:44",10964700
13350,-200,300,"sd","14:06:44",10964300
13350,-200,1000,"sd","14:06:44",10964000
13350,-200,300,"sd","14:06:44",10963000
13350,-200,100,"sd","14:06:43",10962700
13350,-200,600,"sd","14:06:43",10962600
13350,-200,200,"sd","14:06:43",10962000
13350,-200,1000,"sd","14:06:43",10961800
13350,-200,1000,"sd","14:06:43",10960800
13350,-200,1200,"sd","14:06:43",10959800
13350,-200,500,"sd","14:06:40",10958600
13350,-200,2000,"sd","14:06:38",10958100
13350,-200,1300,"sd","14:06:30",10956100
13350,-200,200,"sd","14:06:30",10954800
13350,-200,1000,"sd","14:06:30",10954600
13300,-250,2800,"sd","14:06:23",10953600
13300,-250,200,"sd","14:06:23",10950800
13300,-250,300,"sd","14:06:23",10950600
13300,-250,200,"sd","14:06:23",10950300
13300,-250,200,"sd","14:06:23",10950100
13300,-250,1000,"sd","14:06:23",10949900
13300,-250,100,"sd","14:06:23",10948900
13350,-200,200,"sd","14:06:23",10948800
13350,-200,1500,"sd","14:06:23",10948600
13350,-200,1000,"sd","14:06:23",10947100
13350,-200,1000,"sd","14:06:23",10946100
13350,-200,200,"sd","14:06:23",10945100
13350,-200,1000,"sd","14:06:23",10944900
13350,-200,1500,"sd","14:06:23",10943900
13350,-200,7800,"sd","14:06:23",10942400
13350,-200,200,"sd","14:06:23",10934600
13350,-200,2000,"unknown","14:06:15",10934400
13350,-200,5600,"bu","14:06:09",10932400
13350,-200,1000,"bu","14:06:08",10926800
13350,-200,5000,"bu","14:06:07",10925800
13300,-250,100,"sd","14:06:07",10920800
13300,-250,100,"sd","14:06:07",10920700
13350,-200,500,"bu","14:06:07",10920600
13300,-250,400,"sd","14:06:07",10920100
13300,-250,500,"sd","14:06:07",10919700
13300,-250,2100,"sd","14:06:07",10919200
13350,-200,500,"bu","14:06:05",10917100
13300,-250,300,"sd","14:06:03",10916600
13350,-200,100,"bu","14:06:02",10916300
13300,-250,400,"sd","14:05:59",10916200
13300,-250,500,"sd","14:05:56",10915800
13350,-200,100,"bu","14:05:55",10915300
13350,-200,3000,"bu","14:05:54",10915200
13350,-200,4200,"sd","14:05:50",10912200
13350,-200,200,"bu","14:05:48",10908000
13350,-200,300,"bu","14:05:48",10907800
13350,-200,1000,"bu","14:05:47",10907500
13350,-200,600,"bu","14:05:47",10906500
13350,-200,1100,"bu","14:05:47",10905900
13350,-200,1000,"bu","14:05:47",10904800
13350,-200,100,"bu","14:05:41",10903800
13350,-200,500,"bu","14:05:38",10903700
13350,-200,200,"bu","14:05:38",10903200
13350,-200,1800,"bu","14:05:34",10903000
13350,-200,400,"bu","14:05:34",10901200
13350,-200,7800,"bu","14:05:34",10900800
13350,-200,3000,"bu","14:05:34",10893000
13350,-200,1000,"bu","14:05:32",10890000
13350,-200,100,"bu","14:05:28",10889000
13350,-200,500,"bu","14:05:27",10888900
13300,-250,6000,"sd","14:05:25",10888400
13350,-200,3000,"bu","14:05:25",10882400
13350,-200,200,"bu","14:05:25",10879400
13300,-250,700,"sd","14:05:24",10879200
13300,-250,2000,"sd","14:05:24",10878500
13300,-250,2000,"sd","14:05:24",10876500
13300,-250,100,"sd","14:05:24",10874500
13300,-250,100,"sd","14:05:24",10874400
13300,-250,3800,"sd","14:05:24",10874300
13300,-250,100,"sd","14:05:24",10870500
13300,-250,100,"sd","14:05:24",10870400
13300,-250,1000,"sd","14:05:24",10870300
13300,-250,2300,"sd","14:05:24",10869300
13300,-250,100,"sd","14:05:24",10867000
13300,-250,3000,"sd","14:05:24",10866900
13350,-200,100,"bu","14:05:23",10863900
13350,-200,1700,"sd","14:05:18",10863800
13350,-200,800,"sd","14:05:17",10862100
13350,-200,1800,"sd","14:05:17",10861300
13350,-200,200,"bu","14:05:16",10859500
13350,-200,300,"bu","14:05:16",10859300
13350,-200,700,"bu","14:05:16",10859000
13350,-200,900,"bu","14:05:15",10858300
13350,-200,100,"bu","14:05:15",10857400
13350,-200,800,"bu","14:05:14",10857300
13350,-200,500,"bu","14:05:14",10856500
13350,-200,200,"bu","14:05:14",10856000
13350,-200,200,"bu","14:05:12",10855800
13350,-200,100,"bu","14:05:11",10855600
13350,-200,500,"bu","14:05:10",10855500
13350,-200,100,"bu","14:05:10",10855000
13350,-200,400,"bu","14:05:10",10854900
13350,-200,100,"bu","14:05:09",10854500
13350,-200,800,"bu","14:05:09",10854400
13350,-200,10000,"bu","14:05:04",10853600
13350,-200,4900,"bu","14:05:01",10843600
13350,-200,3900,"sd","14:04:58",10838700
13350,-200,1000,"sd","14:04:58",10834800
13350,-200,200,"sd","14:04:58",10833800
13350,-200,100,"sd","14:04:58",10833600
13350,-200,100,"sd","14:04:58",10833500
13350,-200,8400,"sd","14:04:58",10833400
13350,-200,800,"sd","14:04:55",10825000
13350,-200,500,"sd","14:04:55",10824200
13400,-150,500,"bu","14:04:49",10823700
13350,-200,300,"sd","14:04:47",10823200
13350,-200,2000,"sd","14:04:47",10822900
13350,-200,500,"sd","14:04:47",10820900
13350,-200,200,"sd","14:04:47",10820400
13350,-200,5000,"sd","14:04:47",10820200
13350,-200,2000,"sd","14:04:47",10815200
13350,-200,900,"sd","14:04:46",10813200
13350,-200,100,"sd","14:04:46",10812300
13350,-200,900,"sd","14:04:43",10812200
13350,-200,500,"sd","14:04:43",10811300
13350,-200,15200,"sd","14:04:43",10810800
13350,-200,1000,"sd","14:04:42",10795600
13350,-200,2000,"sd","14:04:40",10794600
13350,-200,10000,"sd","14:04:38",10792600
13350,-200,18000,"sd","14:04:33",10782600
13350,-200,1800,"sd","14:04:32",10764600
13350,-200,1000,"sd","14:04:32",10762800
13350,-200,200,"bu","14:04:18",10761800
13350,-200,500,"bu","14:04:18",10761600
13350,-200,300,"bu","14:04:18",10761100
13300,-250,1200,"sd","14:04:18",10760800
13300,-250,300,"sd","14:04:18",10759600
13350,-200,10000,"bu","14:04:17",10759300
13300,-250,200,"sd","14:04:17",10744500
13300,-250,4700,"sd","14:04:17",10749300
13300,-250,100,"sd","14:04:17",10744600
13350,-200,1000,"bu","14:04:17",10744300
13350,-200,1000,"bu","14:04:15",10743300
13350,-200,5000,"bu","14:04:15",10742300
13350,-200,100,"bu","14:04:15",10737300
13350,-200,100,"bu","14:04:15",10737200
13350,-200,3700,"bu","14:04:15",10737100
13350,-200,100,"bu","14:04:15",10733400
13350,-200,200,"bu","14:04:13",10733300
13350,-200,500,"bu","14:04:09",10733100
13350,-200,500,"bu","14:04:09",10732600
13350,-200,3000,"sd","14:04:07",10732100
13350,-200,200,"sd","14:04:07",10729100
13350,-200,100,"sd","14:04:07",10728900
13350,-200,2000,"sd","14:04:07",10728800
13350,-200,200,"sd","14:04:07",10726800
13350,-200,600,"sd","14:04:07",10726600
13350,-200,600,"sd","14:04:07",10726000
13350,-200,500,"sd","14:04:06",10725400
13350,-200,200,"sd","14:04:03",10724900
13350,-200,500,"sd","14:03:59",10724700
13350,-200,500,"sd","14:03:54",10724200
13350,-200,1000,"sd","14:03:50",10723700
13350,-200,200,"sd","14:03:50",10722700
13350,-200,300,"sd","14:03:50",10722500
13350,-200,300,"sd","14:03:50",10722200
13350,-200,200,"sd","14:03:50",10721900
13350,-200,800,"sd","14:03:47",10721700
13350,-200,200,"sd","14:03:47",10720900
13350,-200,800,"sd","14:03:43",10720700
13350,-200,1000,"sd","14:03:43",10719900
13350,-200,200,"sd","14:03:43",10718900
13350,-200,100,"bu","14:03:37",10718700
13350,-200,600,"bu","14:03:36",10718600
13350,-200,500,"bu","14:03:34",10718000
13350,-200,1200,"bu","14:03:33",10717500
13350,-200,300,"bu","14:03:33",10716300
13350,-200,500,"bu","14:03:33",10716000
13350,-200,200,"sd","14:03:25",10715500
13350,-200,200,"sd","14:03:25",10715300
13350,-200,200,"sd","14:03:25",10715100
13350,-200,100,"sd","14:03:25",10714900
13350,-200,200,"sd","14:03:25",10714800
13350,-200,600,"sd","14:03:25",10714600
13350,-200,500,"sd","14:03:18",10714000
13350,-200,900,"sd","14:03:17",10713500
13350,-200,8000,"sd","14:03:14",10712600
13350,-200,100,"sd","14:03:14",10704600
13350,-200,1900,"sd","14:03:14",10704500
13350,-200,2000,"sd","14:03:11",10702600
13350,-200,100,"sd","14:03:06",10700600
13350,-200,500,"sd","14:03:04",10700500
13350,-200,100,"sd","14:03:04",10700000
13350,-200,100,"sd","14:03:02",10699900
13350,-200,3900,"sd","14:03:02",10699800
13350,-200,200,"sd","14:03:01",10695900
13350,-200,900,"sd","14:02:59",10695700
13350,-200,2000,"sd","14:02:59",10694800
13350,-200,100,"sd","14:02:59",10692800
13350,-200,7500,"sd","14:02:59",10692700
13350,-200,100,"sd","14:02:59",10685200
13350,-200,5000,"sd","14:02:59",10685100
13350,-200,2500,"sd","14:02:59",10680100
13350,-200,2700,"sd","14:02:59",10677600
13350,-200,500,"sd","14:02:59",10674900
13350,-200,100,"sd","14:02:59",10674400
13350,-200,100,"sd","14:02:59",10674300
13350,-200,100,"sd","14:02:59",10674200
13350,-200,500,"sd","14:02:59",10674100
13350,-200,7900,"sd","14:02:59",10673600
13350,-200,2100,"sd","14:02:57",10665700
13350,-200,100,"sd","14:02:57",10663600
13350,-200,1500,"sd","14:02:57",10663500
13350,-200,700,"sd","14:02:57",10662000
13350,-200,9700,"sd","14:02:57",10661300
13350,-200,200,"sd","14:02:57",10651600
13350,-200,500,"sd","14:02:57",10651400
13350,-200,1000,"sd","14:02:57",10650900
13350,-200,14200,"sd","14:02:57",10649900
13350,-200,500,"sd","14:02:52",10635700
13350,-200,30000,"sd","14:02:43",10635200
13400,-150,3300,"bu","14:02:32",10605200
13350,-200,1000,"sd","14:02:32",10601900
13400,-150,5800,"bu","14:02:31",10600900
13400,-150,200,"bu","14:02:31",10595100
13400,-150,100,"bu","14:02:30",10594900
13350,-200,1300,"sd","14:02:29",10594800
13350,-200,2000,"sd","14:02:29",10593500
13350,-200,100,"sd","14:02:29",10591500
13350,-200,1000,"sd","14:02:29",10591400
13350,-200,200,"sd","14:02:29",10590400
13350,-200,1600,"sd","14:02:29",10590200
13350,-200,300,"sd","14:02:29",10588600
13350,-200,900,"sd","14:02:29",10588300
13350,-200,1800,"sd","14:02:29",10587400
13350,-200,800,"sd","14:02:29",10585600
13350,-200,200,"sd","14:02:29",10584800
13400,-150,100,"bu","14:02:28",10584600
13350,-200,300,"sd","14:02:23",10584500
13350,-200,100,"sd","14:02:21",10584200
13350,-200,500,"sd","14:02:19",10584100
13350,-200,300,"sd","14:02:19",10583600
13350,-200,2000,"sd","14:02:14",10583300
13350,-200,700,"sd","14:02:13",10581300
13350,-200,1000,"sd","14:02:12",10580600
13350,-200,200,"sd","14:02:12",10579600
13350,-200,100,"sd","14:02:12",10579400
13350,-200,100,"sd","14:02:12",10579300
13350,-200,100,"sd","14:02:12",10579200
13350,-200,200,"sd","14:02:12",10579100
13350,-200,100,"sd","14:02:12",10578900
13350,-200,200,"sd","14:02:12",10578800
13350,-200,300,"sd","14:02:04",10578600
13350,-200,200,"sd","14:02:04",10578300
13350,-200,700,"sd","14:02:04",10578100
13350,-200,300,"sd","14:02:03",10577400
13350,-200,700,"sd","14:02:03",10577100
13350,-200,200,"sd","14:01:58",10576400
13400,-150,900,"bu","14:01:54",10576200
13350,-200,1000,"sd","14:01:52",10575300
13350,-200,9900,"sd","14:01:51",10574300
13350,-200,600,"sd","14:01:49",10564400
13350,-200,2000,"sd","14:01:41",10563800
13350,-200,100,"sd","14:01:35",10561800
13350,-200,200,"sd","14:01:32",10561700
13350,-200,1000,"sd","14:01:32",10561500
13350,-200,1000,"sd","14:01:30",10560500
13350,-200,300,"sd","14:01:27",10559500
13350,-200,5000,"sd","14:01:22",10559200
13350,-200,5000,"sd","14:01:21",10554200
13350,-200,5500,"sd","14:01:19",10549200
13350,-200,15000,"sd","14:01:17",10543700
13350,-200,1500,"sd","14:01:15",10528700
13350,-200,100,"sd","14:01:15",10527200
13350,-200,2000,"sd","14:01:15",10527100
13350,-200,100,"sd","14:01:15",10525100
13350,-200,100,"sd","14:01:15",10525000
13350,-200,400,"sd","14:01:15",10524900
13350,-200,5000,"sd","14:01:15",10524500
13350,-200,100,"sd","14:01:15",10519500
13350,-200,1000,"sd","14:00:58",10519400
13350,-200,1000,"sd","14:00:53",10518400
13350,-200,500,"sd","14:00:50",10517400
13350,-200,600,"sd","14:00:46",10516900
13400,-150,100,"bu","14:00:40",10516300
13350,-200,1000,"sd","14:00:37",10516200
13400,-150,6000,"bu","14:00:35",10515200
13400,-150,2000,"bu","14:00:32",10509200
13400,-150,100,"bu","14:00:29",10507200
13400,-150,200,"bu","14:00:25",10507100
13350,-200,63000,"sd","14:00:24",10506900
13350,-200,1000,"sd","14:00:24",10443900
13350,-200,5000,"sd","14:00:24",10442900
13350,-200,500,"sd","14:00:24",10437900
13350,-200,200,"sd","14:00:24",10437400
13350,-200,100,"sd","14:00:24",10437200
13350,-200,100,"sd","14:00:24",10437100
13350,-200,1000,"sd","14:00:24",10437000
13350,-200,100,"sd","14:00:24",10436000
13350,-200,600,"sd","14:00:24",10435900
13350,-200,1000,"sd","14:00:24",10435300
13350,-200,200,"sd","14:00:24",10434300
13350,-200,200,"sd","14:00:24",10434100
13350,-200,200,"sd","14:00:24",10433900
13350,-200,2000,"sd","14:00:24",10433700
13350,-200,100,"sd","14:00:24",10431700
13350,-200,100,"sd","14:00:24",10431600
13350,-200,100,"sd","14:00:24",10431500
13350,-200,1000,"sd","14:00:24",10431400
13350,-200,10000,"sd","14:00:24",10430400
13350,-200,200,"sd","14:00:24",10420400
13350,-200,1000,"sd","14:00:24",10420200
13350,-200,100,"sd","14:00:24",10419200
13350,-200,12200,"sd","14:00:24",10419100
13350,-200,400,"sd","14:00:21",10406900
13400,-150,3000,"bu","14:00:20",10406500
13400,-150,1000,"bu","14:00:17",10403500
13350,-200,4000,"sd","14:00:16",10402500
13350,-200,3400,"sd","14:00:15",10398500
13400,-150,1200,"bu","14:00:14",10395100
13400,-150,100,"bu","14:00:13",10393900
13400,-150,100,"bu","14:00:11",10393800
13400,-150,400,"sd","14:00:08",10393700
13400,-150,4500,"sd","14:00:07",10393300
13400,-150,5500,"sd","14:00:05",10388800
13400,-150,4500,"sd","14:00:05",10383300
13400,-150,200,"sd","14:00:03",10378800
13400,-150,3300,"sd","14:00:03",10378600
13400,-150,100,"sd","14:00:03",10375300
13400,-150,1000,"sd","14:00:03",10375200
13400,-150,1000,"sd","14:00:03",10374200
13400,-150,500,"sd","14:00:03",10373200
13400,-150,4100,"sd","14:00:03",10372700
13400,-150,900,"sd","14:00:02",10368600
13400,-150,500,"sd","14:00:02",10367700
13400,-150,1000,"sd","14:00:02",10367200
13400,-150,600,"sd","14:00:02",10366200
13400,-150,400,"sd","14:00:01",10365600
13400,-150,2000,"sd","14:00:01",10365200
13400,-150,600,"sd","14:00:01",10363200
13400,-150,900,"sd","14:00:00",10362600
13400,-150,100,"sd","14:00:00",10361700
13400,-150,200,"sd","14:00:00",10361600
13400,-150,200,"sd","14:00:00",10361400
13400,-150,500,"sd","14:00:00",10361200
13400,-150,100,"sd","14:00:00",10360700
13400,-150,500,"sd","13:59:58",10360600
13400,-150,400,"sd","13:59:58",10360100
13400,-150,500,"sd","13:59:58",10359700
13400,-150,200,"sd","13:59:57",10359200
13400,-150,1000,"sd","13:59:57",10359000
13400,-150,100,"sd","13:59:57",10358000
13400,-150,1500,"sd","13:59:57",10357900
13400,-150,1300,"sd","13:59:57",10356400
13400,-150,700,"sd","13:59:57",10355100
13400,-150,100,"sd","13:59:57",10354400
13400,-150,4200,"sd","13:59:57",10354300
13400,-150,5800,"sd","13:59:56",10350100
13400,-150,100,"sd","13:59:56",10344300
13400,-150,400,"sd","13:59:56",10344200
13400,-150,300,"sd","13:59:51",10343800
13400,-150,1500,"sd","13:59:50",10343500
13400,-150,1600,"sd","13:59:50",10342000
13400,-150,200,"sd","13:59:50",10340400
13400,-150,20000,"sd","13:59:47",10340200
13400,-150,500,"sd","13:59:46",10320200
13400,-150,600,"sd","13:59:40",10319700
13400,-150,10000,"sd","13:59:39",10319100
13400,-150,10000,"sd","13:59:33",10309100
13400,-150,500,"sd","13:59:32",10299100
13400,-150,2600,"sd","13:59:29",10298600
13400,-150,2000,"sd","13:59:28",10296000
13450,-100,100,"bu","13:59:27",10294000
13400,-150,2000,"sd","13:59:23",10293900
13450,-100,200,"bu","13:59:19",10291900
13400,-150,100,"sd","13:59:18",10291700
13400,-150,100,"sd","13:59:18",10291600
13400,-150,400,"sd","13:59:18",10291500
13400,-150,100,"sd","13:59:18",10291100
13400,-150,20000,"sd","13:59:18",10291000
13400,-150,6500,"sd","13:59:18",10271000
13400,-150,2000,"sd","13:59:18",10264500
13400,-150,48800,"sd","13:59:18",10262500
13400,-150,4100,"sd","13:59:18",10213700
13400,-150,1900,"sd","13:59:18",10209600
13400,-150,700,"sd","13:59:18",10207700
13400,-150,1000,"sd","13:59:18",10207000
13400,-150,100,"sd","13:59:18",10206000
13400,-150,7300,"sd","13:59:18",10205900
13400,-150,1200,"sd","13:59:18",10198600
13400,-150,500,"sd","13:59:18",10197400
13400,-150,100,"sd","13:59:18",10196900
13400,-150,100,"sd","13:59:18",10196800
13400,-150,4700,"sd","13:59:18",10196700
13400,-150,2000,"sd","13:59:18",10192000
13400,-150,9200,"sd","13:59:18",10190000
13400,-150,400,"sd","13:59:18",10180800
13400,-150,1000,"sd","13:59:18",10180400
13400,-150,200,"sd","13:59:18",10179400
13400,-150,100,"sd","13:59:18",10179200
13400,-150,100,"sd","13:59:18",10179100
13400,-150,100,"sd","13:59:18",10179000
13400,-150,1000,"sd","13:59:18",10178900
13400,-150,1200,"sd","13:59:18",10177900
13400,-150,200,"sd","13:59:18",10176700
13400,-150,1400,"sd","13:59:18",10176500
13400,-150,300,"sd","13:59:18",10175100
13400,-150,6000,"sd","13:59:18",10174800
13400,-150,200,"sd","13:59:18",10168800
13400,-150,100,"sd","13:59:18",10168600
13400,-150,13300,"sd","13:59:18",10168500
13400,-150,100,"sd","13:59:18",10155200
13400,-150,2000,"sd","13:59:18",10155100
13400,-150,500,"sd","13:59:18",10153100
13400,-150,600,"sd","13:59:18",10152600
13400,-150,100,"sd","13:59:18",10152000
13400,-150,500,"sd","13:59:18",10151900
13400,-150,1000,"sd","13:59:18",10151400
13400,-150,1000,"sd","13:59:18",10150400
13400,-150,600,"sd","13:59:18",10149400
13400,-150,100,"sd","13:59:18",10148800
13400,-150,500,"sd","13:59:18",10148700
13400,-150,5300,"sd","13:59:18",10148200
13400,-150,2000,"sd","13:59:18",10142900
13400,-150,1100,"sd","13:59:18",10140900
13400,-150,200,"sd","13:59:18",10139800
13400,-150,5000,"sd","13:59:18",10139600
13400,-150,9100,"sd","13:59:18",10134600
13400,-150,1000,"sd","13:59:18",10125500
13400,-150,5000,"sd","13:59:18",10124500
13400,-150,100,"sd","13:59:18",10119500
13400,-150,5000,"sd","13:59:18",10119400
13400,-150,1400,"sd","13:59:18",10114400
13400,-150,1000,"sd","13:59:18",10113000
13400,-150,1000,"sd","13:59:18",10112000
13400,-150,10200,"sd","13:59:18",10111000
13400,-150,3000,"sd","13:59:18",10100800
13400,-150,1000,"sd","13:59:18",10097800
13400,-150,1500,"sd","13:59:18",10096800
13400,-150,100,"sd","13:59:18",10095300
13400,-150,200,"sd","13:59:18",10095200
13400,-150,1000,"sd","13:59:18",10095000
13400,-150,500,"sd","13:59:18",10094000
13400,-150,400,"sd","13:59:18",10093500
13400,-150,200,"sd","13:59:18",10093100
13400,-150,100,"sd","13:59:18",10092900
13400,-150,200,"sd","13:59:18",10092800
13400,-150,2000,"sd","13:59:18",10092600
13400,-150,500,"sd","13:59:18",10090600
13400,-150,500,"sd","13:59:18",10090100
13400,-150,10000,"sd","13:59:18",10089600
13400,-150,100,"sd","13:59:18",10079600
13400,-150,9300,"sd","13:59:18",10079500
13400,-150,200,"sd","13:59:18",10070200
13400,-150,2100,"sd","13:59:18",10070000
13400,-150,900,"sd","13:59:18",10067900
13450,-100,4200,"bu","13:59:14",10067000
13450,-100,1000,"bu","13:59:14",10062800
13450,-100,1000,"bu","13:59:14",10061800
13450,-100,3800,"bu","13:59:14",10060800
13400,-150,200,"sd","13:58:53",10057000
13450,-100,200,"bu","13:58:52",10056800
13450,-100,600,"bu","13:58:48",10056600
13400,-150,1900,"sd","13:58:41",10056000
13400,-150,100,"sd","13:58:41",10054100
13400,-150,200,"sd","13:58:37",10054000
13400,-150,200,"sd","13:58:37",10053800
13400,-150,200,"sd","13:58:37",10053600
13400,-150,300,"sd","13:58:32",10053400
13400,-150,500,"sd","13:58:22",10053100
13400,-150,5000,"sd","13:58:22",10052600
13400,-150,200,"sd","13:58:22",10047600
13400,-150,100,"sd","13:58:22",10047400
13450,-100,1500,"sd","13:58:22",10047300
13450,-100,3000,"sd","13:58:22",10045800
13450,-100,100,"sd","13:58:22",10042800
13450,-100,10000,"sd","13:58:22",10042700
13450,-100,100,"sd","13:58:22",10032700
13450,-100,100,"sd","13:58:22",10032600
13450,-100,100,"sd","13:58:22",10032500
13450,-100,5000,"sd","13:58:22",10032400
13450,-100,1000,"sd","13:58:22",10027400
13450,-100,500,"sd","13:58:22",10026400
13450,-100,400,"sd","13:58:22",10025900
13450,-100,2000,"sd","13:58:22",10025500
13450,-100,1000,"sd","13:58:22",10023500
13450,-100,2000,"sd","13:58:22",10022500
13450,-100,200,"sd","13:58:22",10020500
13450,-100,2000,"sd","13:58:22",10020300
13450,-100,1000,"sd","13:58:22",10018300
13450,-100,700,"sd","13:58:22",10017300
13450,-100,1000,"sd","13:58:20",10016600
13450,-100,2300,"sd","13:58:10",10015600
13450,-100,500,"sd","13:58:10",10013300
13450,-100,1000,"sd","13:58:10",10012800
13450,-100,2000,"sd","13:58:10",10011800
13450,-100,200,"sd","13:58:10",10009800
13450,-100,1000,"sd","13:58:01",10009600
13450,-100,100,"sd","13:58:01",10008600
13450,-100,100,"sd","13:58:01",10008500
13450,-100,100,"sd","13:58:01",10008400
13450,-100,700,"sd","13:58:01",10008300
13450,-100,300,"sd","13:58:00",10007600
13450,-100,3000,"sd","13:58:00",10007300
13450,-100,1000,"sd","13:58:00",10004300
13450,-100,100,"sd","13:58:00",10003300
13450,-100,100,"sd","13:58:00",10003200
13450,-100,100,"sd","13:58:00",10003100
13450,-100,400,"sd","13:58:00",10003000
13450,-100,500,"sd","13:57:43",10002600
13450,-100,200,"sd","13:57:41",10002100
13450,-100,1800,"sd","13:57:36",10001900
13450,-100,500,"sd","13:57:35",10000100
13450,-100,200,"sd","13:57:34",9999600
13450,-100,1400,"sd","13:57:21",9999400
13450,-100,900,"sd","13:57:21",9998000
13450,-100,500,"sd","13:57:21",9997100
13450,-100,100,"sd","13:57:21",9996600
13450,-100,100,"sd","13:57:21",9996500
13450,-100,100,"sd","13:57:21",9996400
13450,-100,2000,"sd","13:57:21",9996300
13450,-100,200,"sd","13:57:21",9994300
13450,-100,100,"sd","13:57:21",9994100
13450,-100,1000,"sd","13:57:21",9994000
13450,-100,2600,"sd","13:57:21",9993000
13450,-100,300,"sd","13:57:21",9990400
13450,-100,700,"sd","13:57:20",9990100
13450,-100,1000,"sd","13:57:20",9989400
13450,-100,3000,"sd","13:57:20",9988400
13450,-100,2000,"sd","13:57:19",9985400
13450,-100,100,"sd","13:57:19",9983400
13450,-100,2900,"sd","13:57:19",9983300
13450,-100,100,"sd","13:57:17",9980400
13450,-100,200,"sd","13:57:17",9980300
13450,-100,100,"sd","13:57:17",9980100
13450,-100,1000,"sd","13:57:17",9980000
13450,-100,1000,"sd","13:57:17",9979000
13450,-100,500,"sd","13:57:17",9978000
13450,-100,400,"sd","13:57:17",9977500
13450,-100,500,"sd","13:57:17",9977100
13450,-100,100,"sd","13:57:17",9976600
13450,-100,1100,"sd","13:57:17",9976500
13450,-100,200,"sd","13:57:16",9975400
13450,-100,10000,"sd","13:57:13",9975200
13450,-100,300,"sd","13:57:04",9965200
13450,-100,1000,"sd","13:57:01",9964900
13450,-100,3000,"sd","13:57:00",9963900
13450,-100,500,"sd","13:56:59",9960900
13450,-100,3000,"sd","13:56:57",9960400
13450,-100,100,"sd","13:56:57",9957400
13450,-100,1000,"sd","13:56:55",9957300
13450,-100,5000,"sd","13:56:55",9956300
13450,-100,800,"sd","13:56:55",9951300
13450,-100,700,"sd","13:56:55",9950500
13450,-100,200,"sd","13:56:55",9949800
13450,-100,100,"sd","13:56:55",9949600
13450,-100,3000,"sd","13:56:55",9949500
13450,-100,1000,"sd","13:56:55",9946500
13450,-100,100,"sd","13:56:55",9945500
13450,-100,2000,"sd","13:56:55",9945400
13450,-100,1000,"sd","13:56:55",9943400
13450,-100,1000,"sd","13:56:55",9942400
13450,-100,1000,"sd","13:56:55",9941400
13450,-100,5000,"sd","13:56:55",9940400
13450,-100,100,"sd","13:56:55",9935400
13450,-100,2000,"sd","13:56:55",9935300
13450,-100,300,"sd","13:56:55",9933300
13450,-100,100,"sd","13:56:53",9933000
13450,-100,900,"sd","13:56:51",9932900
13450,-100,1000,"sd","13:56:51",9932000
13450,-100,100,"sd","13:56:51",9931000
13450,-100,400,"sd","13:56:48",9930900
13450,-100,1800,"sd","13:56:48",9930500
13450,-100,200,"sd","13:56:43",9928700
13450,-100,10000,"sd","13:56:38",9928500
13450,-100,1000,"sd","13:56:37",9918500
13450,-100,300,"sd","13:56:36",9917500
13450,-100,500,"sd","13:56:34",9917200
13450,-100,1000,"sd","13:56:31",9916700
13450,-100,5000,"sd","13:56:24",9915700
13450,-100,600,"sd","13:56:24",9910700
13450,-100,1000,"sd","13:56:23",9910100
13450,-100,4000,"sd","13:56:17",9909100
13450,-100,1600,"sd","13:56:16",9905100
13450,-100,2000,"sd","13:56:08",9903500
13450,-100,1000,"sd","13:56:08",9901500
13450,-100,2400,"sd","13:56:08",9900500
13450,-100,30000,"sd","13:56:04",9898100
13450,-100,10000,"sd","13:55:58",9868100
13450,-100,4900,"sd","13:55:39",9858100
13450,-100,500,"sd","13:55:34",9853200
13450,-100,2500,"sd","13:55:29",9852700
13450,-100,4000,"sd","13:55:25",9850200
13450,-100,500,"sd","13:55:20",9846200
13450,-100,4000,"sd","13:55:19",9845700
13450,-100,3000,"sd","13:55:15",9841700
13450,-100,1000,"sd","13:55:12",9838700
13450,-100,300,"sd","13:55:09",9837700
13450,-100,2300,"sd","13:55:00",9837400
13450,-100,6600,"sd","13:54:59",9835100
13450,-100,100,"sd","13:54:59",9828500
13450,-100,1100,"sd","13:54:59",9828400
13450,-100,1000,"sd","13:54:59",9827300
13450,-100,200,"sd","13:54:58",9826300
13450,-100,1200,"sd","13:54:52",9826100
13450,-100,9500,"sd","13:54:51",9824900
13450,-100,100,"sd","13:54:51",9815400
13450,-100,200,"sd","13:54:51",9815300
13450,-100,200,"sd","13:54:51",9815100
13450,-100,100,"sd","13:54:49",9814900
13450,-100,400,"sd","13:54:49",9814800
13450,-100,500,"sd","13:54:49",9814400
13450,-100,1000,"sd","13:54:47",9813900
13450,-100,1500,"sd","13:54:45",9812900
13450,-100,400,"sd","13:54:45",9811400
13450,-100,5000,"sd","13:54:45",9811000
13450,-100,200,"sd","13:54:44",9806000
13450,-100,300,"sd","13:54:41",9805800
13450,-100,100,"sd","13:54:41",9805500
13450,-100,500,"sd","13:54:41",9805400
13450,-100,200,"sd","13:54:41",9804900
13450,-100,3400,"sd","13:54:41",9804700
13450,-100,1000,"sd","13:54:41",9801300
13450,-100,100,"sd","13:54:41",9800300
13450,-100,500,"sd","13:54:41",9800200
13450,-100,1000,"sd","13:54:41",9799700
13450,-100,200,"sd","13:54:41",9798700
13450,-100,400,"sd","13:54:41",9798500
13450,-100,100,"sd","13:54:41",9798100
13450,-100,1000,"sd","13:54:41",9798000
13450,-100,1000,"sd","13:54:41",9797000
13450,-100,300,"sd","13:54:41",9796000
13450,-100,500,"sd","13:54:33",9795700
13500,-50,300,"bu","13:54:29",9795200
13500,-50,900,"bu","13:54:13",9794900
13450,-100,1300,"sd","13:54:11",9794000
13450,-100,900,"sd","13:54:11",9792700
13450,-100,200,"sd","13:54:11",9791800
13450,-100,700,"sd","13:54:11",9791600
13500,-50,500,"bu","13:54:02",9790900
13450,-100,100,"sd","13:54:00",9790400
13500,-50,100,"bu","13:53:46",9790300
13450,-100,3000,"sd","13:53:46",9790200
13450,-100,500,"sd","13:53:36",9787200
13450,-100,500,"sd","13:53:32",9786700
13500,-50,1500,"bu","13:53:20",9786200
13450,-100,6000,"sd","13:53:15",9784700
13500,-50,100,"bu","13:53:05",9778700
13500,-50,300,"bu","13:53:03",9778600
13500,-50,5400,"bu","13:52:52",9778300
13500,-50,1400,"bu","13:52:52",9772900
13500,-50,100,"sd","13:52:50",9771500
13500,-50,300,"sd","13:52:49",9771400
13500,-50,700,"sd","13:52:49",9771100
13500,-50,100,"sd","13:52:49",9770400
13500,-50,100,"sd","13:52:49",9770300
13500,-50,500,"sd","13:52:49",9770200
13500,-50,200,"sd","13:52:49",9769700
13500,-50,100,"sd","13:52:49",9769500
13500,-50,2000,"sd","13:52:49",9769400
13500,-50,2000,"sd","13:52:49",9767400
13500,-50,2000,"sd","13:52:49",9765400
13500,-50,100,"sd","13:52:49",9763400
13500,-50,7900,"sd","13:52:49",9763300
13500,-50,600,"sd","13:52:48",9755400
13500,-50,100,"sd","13:52:48",9754800
13500,-50,100,"sd","13:52:48",9754700
13500,-50,1000,"sd","13:52:48",9754600
13500,-50,1900,"sd","13:52:48",9753600
13500,-50,5000,"sd","13:52:48",9751700
13500,-50,100,"sd","13:52:48",9746700
13500,-50,200,"sd","13:52:48",9746600
13500,-50,100,"sd","13:52:48",9746400
13500,-50,1200,"sd","13:52:48",9746300
13500,-50,100,"sd","13:52:48",9745100
13500,-50,200,"sd","13:52:48",9745000
13500,-50,100,"sd","13:52:48",9744800
13500,-50,1500,"sd","13:52:48",9744700
13500,-50,2000,"sd","13:52:48",9743200
13500,-50,2000,"sd","13:52:48",9741200
13500,-50,600,"sd","13:52:48",9739200
13500,-50,100,"sd","13:52:48",9738600
13500,-50,500,"sd","13:52:48",9738500
13500,-50,200,"sd","13:52:48",9738000
13500,-50,100,"sd","13:52:48",9737800
13500,-50,300,"sd","13:52:48",9737700
13500,-50,100,"sd","13:52:48",9737400
13500,-50,1300,"sd","13:52:48",9737300
13500,-50,100,"sd","13:52:48",9736000
13500,-50,100,"sd","13:52:48",9735900
13500,-50,200,"sd","13:52:48",9735800
13500,-50,1300,"sd","13:52:48",9735600
13500,-50,5200,"sd","13:52:48",9734300
13500,-50,200,"sd","13:52:48",9729100
13500,-50,100,"sd","13:52:48",9728900
13500,-50,200,"sd","13:52:48",9728800
13500,-50,2000,"sd","13:52:48",9728600
13500,-50,2000,"sd","13:52:48",9726600
13500,-50,1500,"sd","13:52:48",9724600
13500,-50,3900,"sd","13:52:48",9723100
13500,-50,1400,"sd","13:52:48",9719200
13500,-50,1000,"sd","13:52:48",9717800
13500,-50,1000,"sd","13:52:48",9716800
13500,-50,1000,"sd","13:52:48",9715800
13500,-50,500,"sd","13:52:48",9714800
13500,-50,100,"sd","13:52:48",9714300
13500,-50,5200,"sd","13:52:48",9714200
13500,-50,20000,"sd","13:52:48",9709000
13500,-50,500,"sd","13:52:48",9689000
13500,-50,100,"sd","13:52:48",9688500
13500,-50,100,"sd","13:52:48",9688400
13500,-50,500,"sd","13:52:48",9688300
13500,-50,400,"sd","13:52:48",9687800
13500,-50,700,"sd","13:52:48",9687400
13500,-50,100,"sd","13:52:48",9686700
13500,-50,11200,"sd","13:52:48",9686600
13500,-50,18800,"sd","13:52:44",9675400
13500,-50,1000,"sd","13:52:44",9656600
13500,-50,18000,"sd","13:52:44",9655600
13500,-50,1500,"sd","13:52:44",9637600
13500,-50,100,"sd","13:52:44",9636100
13500,-50,600,"sd","13:52:44",9636000
13500,-50,100,"sd","13:52:44",9635400
13500,-50,2900,"sd","13:52:44",9635300
13500,-50,1000,"sd","13:52:44",9632400
13500,-50,500,"sd","13:52:31",9631400
13500,-50,600,"sd","13:52:23",9630900
13500,-50,400,"sd","13:52:23",9630300
13500,-50,200,"sd","13:52:20",9629900
13500,-50,100,"sd","13:52:20",9629700
13500,-50,1000,"sd","13:52:20",9629600
13500,-50,200,"sd","13:52:20",9628600
13500,-50,1500,"sd","13:52:20",9628400
13550,0,300,"bu","13:52:16",9626900
13550,0,1700,"bu","13:52:16",9626600
13550,0,1500,"bu","13:51:32",9624900
13500,-50,500,"sd","13:51:30",9623400
13550,0,300,"bu","13:51:29",9622900
13500,-50,3100,"sd","13:51:23",9622600
13550,0,500,"bu","13:51:20",9619500
13550,0,100,"bu","13:51:14",9619000
13550,0,2000,"bu","13:51:09",9618900
13500,-50,500,"sd","13:50:56",9616900
13550,0,500,"bu","13:50:53",9616400
13550,0,1000,"bu","13:50:49",9615900
13550,0,1000,"bu","13:50:48",9614900
13550,0,10000,"bu","13:50:46",9613900
13550,0,200,"bu","13:50:30",9603900
13550,0,200,"bu","13:50:27",9603700
13500,-50,500,"sd","13:50:27",9603500
13550,0,100,"bu","13:50:24",9603000
13550,0,100,"bu","13:50:23",9602900
13550,0,10000,"bu","13:50:07",9602800
13550,0,5000,"bu","13:49:59",9592800
13500,-50,2500,"sd","13:49:58",9587800
13550,0,61000,"bu","13:49:28",9585300
13550,0,5000,"bu","13:49:27",9524300
13500,-50,600,"sd","13:49:22",9519300
13550,0,100,"bu","13:49:13",9518700
13550,0,3000,"bu","13:49:01",9518600
13550,0,100,"bu","13:49:01",9515600
13550,0,100,"bu","13:49:01",9515500
13550,0,15800,"bu","13:48:53",9515400
13550,0,15000,"bu","13:48:47",9499600
13550,0,100,"bu","13:48:39",9484600
13500,-50,6800,"sd","13:48:39",9484500
13500,-50,1000,"sd","13:48:39",9477700
13500,-50,3100,"sd","13:48:39",9476700
13500,-50,3000,"sd","13:48:39",9473600
13500,-50,1000,"sd","13:48:39",9470600
13500,-50,2000,"sd","13:48:39",9469600
13500,-50,2000,"sd","13:48:39",9467600
13500,-50,3000,"sd","13:48:39",9465600
13500,-50,5000,"sd","13:48:39",9462600
13500,-50,100,"sd","13:48:39",9457600
13500,-50,100,"sd","13:48:39",9457500
13500,-50,700,"sd","13:48:39",9457400
13500,-50,100,"sd","13:48:39",9456700
13500,-50,10000,"sd","13:48:39",9456600
13500,-50,1000,"sd","13:48:39",9446600
13500,-50,100,"sd","13:48:39",9445600
13500,-50,9700,"sd","13:48:39",9445500
13500,-50,500,"sd","13:48:39",9435800
13500,-50,300,"sd","13:48:39",9435300
13500,-50,100,"sd","13:48:39",9435000
13500,-50,400,"sd","13:48:39",9434900
13500,-50,200,"sd","13:48:30",9434500
13550,0,3000,"bu","13:48:24",9434300
13500,-50,200,"sd","13:48:20",9431300
13500,-50,300,"sd","13:48:20",9431100
13550,0,1000,"bu","13:48:02",9430800
13550,0,1000,"bu","13:47:57",9429800
13550,0,5000,"bu","13:47:51",9428800
13550,0,2500,"bu","13:47:42",9423800
13550,0,500,"bu","13:47:23",9421300
13500,-50,500,"sd","13:47:17",9420800
13550,0,100,"bu","13:47:06",9420300
13550,0,200,"bu","13:46:56",9420200
13550,0,1000,"bu","13:46:55",9420000
13550,0,1000,"bu","13:46:36",9419000
13500,-50,200,"sd","13:46:34",9418000
13500,-50,1800,"sd","13:46:34",9417800
13500,-50,200,"sd","13:46:17",9416000
13500,-50,300,"sd","13:46:17",9415800
13550,0,400,"bu","13:46:00",9415500
13550,0,700,"bu","13:45:55",9415100
13550,0,300,"bu","13:45:54",9414400
13500,-50,200,"sd","13:45:45",9414100
13550,0,400,"bu","13:45:27",9413900
13500,-50,2500,"sd","13:45:26",9413500
13500,-50,500,"sd","13:45:14",9411000
13500,-50,500,"sd","13:45:14",9410500
13500,-50,500,"sd","13:45:14",9410000
13500,-50,100,"sd","13:45:07",9409500
13500,-50,1000,"sd","13:45:01",9409400
13550,0,4700,"bu","13:44:48",9408400
13550,0,1000,"bu","13:44:33",9403700
13500,-50,6400,"sd","13:44:23",9402700
13500,-50,1000,"sd","13:44:23",9396300
13500,-50,1000,"sd","13:44:23",9395300
13500,-50,200,"sd","13:44:23",9394300
13500,-50,100,"sd","13:44:23",9394100
13500,-50,400,"sd","13:44:23",9394000
13500,-50,900,"sd","13:44:23",9393600
13550,0,1500,"bu","13:44:17",9392700
13500,-50,500,"sd","13:44:13",9391200
13550,0,700,"bu","13:44:01",9390700
13500,-50,1000,"sd","13:43:58",9390000
13550,0,100,"bu","13:43:57",9389000
13550,0,200,"bu","13:43:56",9388900
13550,0,200,"bu","13:43:53",9388700
13550,0,500,"bu","13:43:36",9388500
13550,0,1800,"bu","13:43:31",9388000
13550,0,100,"bu","13:43:26",9386200
13500,-50,600,"sd","13:43:08",9386100
13550,0,2800,"bu","13:43:04",9385500
13550,0,6600,"bu","13:43:01",9382700
13550,0,1000,"bu","13:43:01",9376100
13550,0,1000,"bu","13:42:59",9375100
13550,0,5000,"bu","13:42:55",9374100
13550,0,5000,"bu","13:42:53",9369100
13550,0,500,"bu","13:42:50",9364100
13550,0,100,"bu","13:42:49",9363600
13550,0,5000,"bu","13:42:47",9363500
13550,0,800,"bu","13:42:45",9358500
13500,-50,1000,"sd","13:42:45",9357700
13550,0,200,"bu","13:42:42",9356700
13550,0,2000,"bu","13:42:41",9356500
13550,0,900,"bu","13:42:38",9354500
13550,0,1200,"bu","13:42:33",9353600
13550,0,10000,"bu","13:42:23",9352400
13550,0,1000,"bu","13:42:22",9342400
13550,0,500,"bu","13:42:12",9341400
13500,-50,600,"sd","13:42:03",9340900
13550,0,1000,"bu","13:42:03",9340300
13550,0,100,"bu","13:41:57",9339300
13550,0,1000,"bu","13:41:56",9339200
13550,0,500,"bu","13:41:55",9338200
13550,0,100,"bu","13:41:47",9337700
13550,0,8000,"bu","13:41:45",9337600
13550,0,400,"bu","13:41:43",9329600
13550,0,200,"bu","13:41:41",9329200
13550,0,400,"bu","13:41:28",9329000
13550,0,1000,"bu","13:41:00",9328600
13500,-50,600,"sd","13:40:59",9327600
13550,0,2000,"bu","13:40:57",9327000
13500,-50,100,"sd","13:40:56",9325000
13500,-50,300,"sd","13:40:48",9324900
13500,-50,3800,"sd","13:40:36",9324600
13500,-50,1000,"sd","13:40:36",9320800
13500,-50,100,"sd","13:40:36",9319800
13500,-50,100,"sd","13:40:36",9319700
13500,-50,5000,"sd","13:40:36",9319600
13550,0,400,"bu","13:40:25",9314600
13550,0,500,"bu","13:40:23",9314200
13500,-50,100,"sd","13:40:21",9313700
13500,-50,100,"sd","13:40:09",9313600
13500,-50,100,"sd","13:40:01",9313500
13550,0,300,"bu","13:39:59",9313400
13500,-50,500,"sd","13:39:58",9313100
13500,-50,100,"sd","13:39:55",9312600
13550,0,35900,"bu","13:39:55",9312500
13550,0,30000,"bu","13:39:50",9276600
13550,0,100,"bu","13:39:35",9246600
13550,0,4000,"bu","13:39:22",9246500
13550,0,8000,"bu","13:39:15",9242500
13550,0,900,"bu","13:39:14",9234500
13550,0,10000,"bu","13:39:08",9233600
13550,0,200,"bu","13:38:57",9223600
13500,-50,600,"sd","13:38:54",9223400
13550,0,400,"bu","13:38:53",9222800
13550,0,2000,"bu","13:38:52",9222400
13550,0,300,"bu","13:38:42",9220400
13550,0,3000,"bu","13:38:40",9220100
13550,0,100,"bu","13:38:34",9217100
13550,0,1000,"bu","13:38:33",9217000
13550,0,10000,"bu","13:38:06",9216000
13550,0,2000,"bu","13:38:04",9206000
13500,-50,500,"sd","13:37:52",9204000
13500,-50,4000,"sd","13:37:51",9203500
13500,-50,300,"sd","13:37:51",9199500
13550,0,3700,"bu","13:37:27",9199200
13550,0,26600,"bu","13:37:24",9195500
13550,0,500,"bu","13:37:13",9168900
13550,0,400,"bu","13:36:52",9168400
13500,-50,200,"sd","13:36:46",9168000
13500,-50,400,"sd","13:36:46",9167800
13500,-50,500,"sd","13:36:45",9167400
13550,0,100,"bu","13:36:45",9166900
13550,0,1000,"bu","13:36:43",9166800
13550,0,100,"bu","13:36:38",9165800
13550,0,200,"bu","13:36:26",9165700
13550,0,6000,"bu","13:36:26",9165500
13550,0,500,"bu","13:36:23",9159500
13550,0,5000,"bu","13:36:16",9159000
13550,0,10000,"bu","13:36:02",9154000
13550,0,100,"bu","13:35:57",9144000
13550,0,500,"bu","13:35:41",9143900
13500,-50,600,"sd","13:35:41",9143400
13550,0,1500,"bu","13:35:40",9142800
13550,0,2000,"bu","13:35:31",9141300
13550,0,500,"bu","13:35:25",9139300
13550,0,17800,"bu","13:35:24",9138800
13550,0,3000,"bu","13:35:22",9121000
13550,0,600,"bu","13:35:11",9118000
13500,-50,700,"sd","13:35:10",9117400
13500,-50,500,"sd","13:35:10",9116700
13500,-50,900,"sd","13:35:10",9116200
13550,0,5000,"bu","13:35:10",9115300
13550,0,700,"bu","13:35:08",9110300
13550,0,500,"bu","13:35:02",9109600
13500,-50,100,"sd","13:34:40",9109100
13500,-50,400,"sd","13:34:40",9109000
13550,0,4400,"bu","13:34:27",9108600
13500,-50,200,"sd","13:34:07",9104200
13500,-50,300,"sd","13:34:07",9104000
13500,-50,100,"sd","13:33:59",9103700
13500,-50,500,"sd","13:33:38",9103600
13500,-50,100,"sd","13:33:32",9103100
13500,-50,100,"sd","13:33:32",9103000
13500,-50,400,"sd","13:33:32",9102900
13500,-50,100,"sd","13:33:32",9102500
13500,-50,100,"sd","13:33:29",9102400
13500,-50,100,"sd","13:33:29",9102300
13500,-50,100,"sd","13:33:29",9102200
13500,-50,600,"sd","13:33:29",9102100
13500,-50,1400,"sd","13:33:29",9101500
13550,0,300,"bu","13:33:26",9100100
13500,-50,1000,"sd","13:33:17",9099800
13550,0,500,"bu","13:33:17",9098800
13550,0,800,"bu","13:33:11",9098300
13500,-50,1000,"sd","13:32:50",9097500
13500,-50,1000,"sd","13:32:46",9096500
13500,-50,600,"sd","13:32:34",9095500
13500,-50,1000,"sd","13:32:25",9094900
13500,-50,1000,"sd","13:32:24",9093900
13500,-50,100,"sd","13:32:15",9092900
13500,-50,100,"sd","13:32:09",9092800
13500,-50,100,"sd","13:32:07",9092700
13500,-50,2600,"sd","13:32:03",9092600
13500,-50,100,"sd","13:32:01",9090000
13500,-50,700,"sd","13:32:01",9089900
13500,-50,1000,"sd","13:32:00",9089200
13500,-50,2000,"sd","13:31:58",9088200
13500,-50,4000,"sd","13:31:58",9086200
13500,-50,100,"sd","13:31:50",9082200
13500,-50,2200,"sd","13:31:45",9082100
13500,-50,100,"sd","13:31:45",9079900
13500,-50,100,"sd","13:31:45",9079800
13500,-50,200,"sd","13:31:45",9079700
13500,-50,2000,"sd","13:31:45",9079500
13500,-50,200,"sd","13:31:45",9077500
13500,-50,500,"sd","13:31:45",9077300
13500,-50,500,"sd","13:31:45",9076800
13500,-50,1300,"sd","13:31:45",9076300
13500,-50,500,"sd","13:31:45",9075000
13500,-50,200,"sd","13:31:45",9074500
13500,-50,4000,"sd","13:31:45",9074300
13500,-50,100,"sd","13:31:45",9070300
13500,-50,1000,"sd","13:31:45",9070200
13500,-50,500,"sd","13:31:45",9069200
13500,-50,1600,"sd","13:31:45",9068700
13500,-50,100,"sd","13:31:42",9067100
13500,-50,100,"sd","13:31:36",9067000
13500,-50,3200,"sd","13:31:35",9066900
13500,-50,4200,"sd","13:31:35",9063700
13500,-50,4000,"sd","13:31:35",9059500
13500,-50,900,"sd","13:31:35",9055500
13500,-50,2000,"sd","13:31:35",9054600
13500,-50,1000,"sd","13:31:35",9052600
13500,-50,5700,"sd","13:31:35",9051600
13500,-50,4300,"sd","13:31:33",9045900
13500,-50,700,"sd","13:31:33",9041600
13500,-50,100,"sd","13:31:30",9040900
13500,-50,100,"sd","13:31:30",9040800
13500,-50,400,"sd","13:31:30",9040700
13500,-50,600,"sd","13:31:29",9040300
13500,-50,200,"sd","13:31:29",9039700
13500,-50,1400,"sd","13:31:29",9039500
13500,-50,2300,"sd","13:31:29",9038100
13500,-50,1000,"sd","13:31:29",9035800
13500,-50,4100,"sd","13:31:29",9034800
13500,-50,100,"sd","13:31:29",9030700
13500,-50,100,"sd","13:31:29",9030600
13500,-50,1000,"sd","13:31:29",9030500
13500,-50,300,"sd","13:31:29",9029500
13500,-50,1000,"sd","13:31:29",9029200
13500,-50,1000,"sd","13:31:29",9028200
13500,-50,100,"sd","13:31:29",9027200
13500,-50,1000,"sd","13:31:29",9027100
13500,-50,300,"sd","13:31:29",9026100
13500,-50,500,"sd","13:31:29",9025800
13500,-50,2000,"sd","13:31:28",9025300
13500,-50,500,"sd","13:31:13",9023300
13500,-50,1000,"sd","13:31:13",9022800
13500,-50,3000,"sd","13:31:12",9021800
13500,-50,500,"sd","13:31:12",9018800
13500,-50,1500,"sd","13:31:12",9018300
13500,-50,200,"sd","13:31:06",9016800
13500,-50,100,"sd","13:31:03",9016600
13500,-50,3200,"sd","13:30:47",9016500
13500,-50,2000,"sd","13:30:47",9013300
13500,-50,1000,"sd","13:30:47",9011300
13500,-50,5100,"sd","13:30:47",9010300
13500,-50,1000,"sd","13:30:47",9005200
13500,-50,200,"sd","13:30:47",9004200
13500,-50,4000,"sd","13:30:47",9004000
13500,-50,1000,"sd","13:30:47",9000000
13500,-50,1000,"sd","13:30:47",8999000
13500,-50,700,"sd","13:30:47",8998000
13500,-50,500,"sd","13:30:47",8997300
13500,-50,100,"sd","13:30:47",8996800
13500,-50,1000,"sd","13:30:47",8996700
13500,-50,1000,"sd","13:30:47",8995700
13500,-50,1300,"sd","13:30:47",8994700
13500,-50,200,"sd","13:30:47",8993400
13500,-50,200,"sd","13:30:47",8993200
13500,-50,100,"sd","13:30:47",8993000
13500,-50,5000,"sd","13:30:47",8992900
13500,-50,800,"sd","13:30:47",8987900
13500,-50,400,"sd","13:30:47",8987100
13500,-50,200,"sd","13:30:47",8986700
13500,-50,100,"sd","13:30:42",8986500
13500,-50,500,"sd","13:30:39",8986400
13500,-50,30800,"sd","13:30:38",8985900
13500,-50,100,"sd","13:30:36",8955100
13500,-50,1000,"sd","13:30:33",8955000
13500,-50,600,"sd","13:30:26",8954000
13500,-50,100,"sd","13:30:21",8953400
13500,-50,7000,"sd","13:30:04",8953300
13550,0,2000,"bu","13:29:59",8946300
13500,-50,1000,"sd","13:29:59",8944300
13550,0,100,"bu","13:29:41",8943300
13500,-50,500,"sd","13:29:32",8943200
13500,-50,2000,"sd","13:29:31",8942700
13500,-50,1000,"sd","13:29:28",8940700
13500,-50,2000,"sd","13:29:27",8939700
13500,-50,600,"sd","13:29:22",8937700
13500,-50,100,"sd","13:29:21",8937100
13500,-50,100,"sd","13:29:02",8937000
13500,-50,1000,"sd","13:29:00",8936900
13500,-50,500,"sd","13:28:58",8935900
13500,-50,200,"sd","13:28:40",8935400
13500,-50,600,"sd","13:28:35",8935200
13500,-50,400,"sd","13:28:35",8934600
13500,-50,100,"sd","13:28:34",8934200
13500,-50,100,"sd","13:28:34",8934100
13500,-50,100,"sd","13:28:28",8934000
13500,-50,600,"sd","13:28:19",8933900
13500,-50,1000,"sd","13:28:08",8933300
13500,-50,1000,"sd","13:28:02",8932300
13550,0,100,"bu","13:28:02",8931300
13500,-50,1000,"sd","13:27:55",8931200
13500,-50,1300,"sd","13:27:54",8930200
13500,-50,500,"sd","13:27:54",8928900
13500,-50,200,"sd","13:27:54",8928400
13500,-50,2800,"sd","13:27:53",8928200
13500,-50,3800,"sd","13:27:53",8925400
13500,-50,100,"sd","13:27:53",8921600
13500,-50,2100,"sd","13:27:53",8921500
13500,-50,7900,"sd","13:27:40",8919400
13500,-50,5000,"sd","13:27:40",8911500
13500,-50,200,"sd","13:27:40",8906500
13500,-50,1000,"sd","13:27:40",8906300
13500,-50,900,"sd","13:27:40",8905300
13500,-50,1000,"sd","13:27:35",8904400
13500,-50,200,"sd","13:27:33",8903400
13500,-50,4700,"sd","13:27:33",8903200
13500,-50,2300,"sd","13:27:33",8898500
13500,-50,900,"sd","13:27:26",8896200
13500,-50,500,"sd","13:27:25",8895300
13500,-50,1000,"sd","13:27:25",8894800
13500,-50,100,"sd","13:27:25",8893800
13500,-50,5000,"sd","13:27:25",8893700
13500,-50,600,"sd","13:27:25",8888700
13500,-50,1000,"sd","13:27:25",8888100
13500,-50,10900,"sd","13:27:25",8887100
13500,-50,500,"sd","13:27:18",8876200
13500,-50,2000,"sd","13:27:18",8875700
13500,-50,2100,"sd","13:27:15",8873700
13500,-50,500,"sd","13:27:13",8871600
13500,-50,2000,"sd","13:27:08",8871100
13500,-50,34000,"sd","13:26:54",8869100
13550,0,200,"bu","13:26:53",8835100
13500,-50,100,"sd","13:26:52",8834900
13500,-50,100,"sd","13:26:48",8834800
13500,-50,2000,"sd","13:26:36",8834700
13500,-50,100,"sd","13:26:29",8832700
13550,0,800,"bu","13:26:25",8832600
13500,-50,600,"sd","13:26:15",8831800
13550,0,200,"bu","13:26:13",8831200
13550,0,1000,"bu","13:26:12",8831000
13500,-50,4000,"sd","13:26:07",8830000
13500,-50,2000,"sd","13:26:00",8826000
13500,-50,100,"sd","13:25:37",8824000
13500,-50,1000,"sd","13:25:33",8823900
13550,0,2600,"bu","13:25:27",8822900
13500,-50,2100,"sd","13:25:15",8820300
13500,-50,600,"sd","13:25:12",8818200
13550,0,6100,"bu","13:24:53",8817600
13500,-50,1000,"sd","13:24:47",8811500
13550,0,1000,"bu","13:24:17",8810500
13500,-50,600,"sd","13:24:09",8809500
13550,0,10000,"bu","13:23:46",8808900
13500,-50,1000,"sd","13:23:45",8798900
13500,-50,100,"sd","13:23:39",8797900
13500,-50,1000,"sd","13:23:37",8797800
13500,-50,200,"sd","13:23:35",8796800
13550,0,2300,"bu","13:23:33",8796600
13500,-50,1000,"sd","13:23:32",8794300
13500,-50,1400,"sd","13:23:32",8793300
13500,-50,30000,"sd","13:23:26",8791900
13500,-50,500,"sd","13:23:18",8761900
13500,-50,4000,"sd","13:23:13",8761400
13500,-50,600,"sd","13:23:03",8757400
13500,-50,1000,"sd","13:23:02",8756800
13500,-50,1000,"sd","13:22:53",8755800
13500,-50,1000,"sd","13:22:49",8754800
13500,-50,30000,"sd","13:22:35",8753800
13500,-50,1000,"sd","13:22:32",8723800
13500,-50,5000,"sd","13:22:30",8722800
13500,-50,20000,"sd","13:22:28",8717800
13550,0,300,"bu","13:22:24",8697800
13500,-50,100,"sd","13:22:24",8697500
13500,-50,20000,"sd","13:22:20",8697400
13500,-50,500,"sd","13:22:17",8677400
13500,-50,300,"sd","13:22:09",8676900
13550,0,300,"bu","13:22:04",8676600
13500,-50,900,"sd","13:22:03",8676300
13500,-50,500,"sd","13:22:02",8675400
13500,-50,4000,"sd","13:21:49",8674900
13500,-50,20000,"sd","13:21:47",8670900
13550,0,200,"bu","13:21:45",8650900
13500,-50,3200,"sd","13:21:44",8650700
13500,-50,10000,"sd","13:21:43",8647500
13500,-50,10000,"sd","13:21:40",8637500
13550,0,3400,"bu","13:21:38",8627500
13550,0,400,"bu","13:21:36",8624100
13500,-50,15000,"sd","13:21:32",8623700
13550,0,100,"bu","13:21:29",8608700
13500,-50,4100,"sd","13:21:27",8608600
13500,-50,1000,"sd","13:21:26",8604500
13550,0,1400,"bu","13:21:22",8603500
13500,-50,1300,"sd","13:21:22",8602100
13500,-50,55000,"sd","13:21:10",8600800
13550,0,1100,"bu","13:21:05",8545800
13500,-50,800,"sd","13:20:58",8544700
13500,-50,600,"sd","13:20:57",8543900
13500,-50,1000,"sd","13:20:39",8543300
13550,0,11000,"bu","13:20:39",8542300
13550,0,1000,"bu","13:20:29",8531300
13500,-50,20000,"sd","13:20:20",8530300
13500,-50,11300,"sd","13:20:13",8510300
13550,0,1000,"bu","13:19:59",8499000
13500,-50,1000,"sd","13:19:57",8498000
13550,0,200,"bu","13:19:55",8497000
13500,-50,600,"sd","13:19:54",8496800
13550,0,6200,"bu","13:19:53",8496200
13500,-50,3000,"sd","13:19:50",8490000
13550,0,400,"bu","13:19:45",8487000
13550,0,2700,"bu","13:19:26",8486600
13550,0,300,"bu","13:19:23",8483900
13550,0,600,"bu","13:19:22",8483600
13550,0,5000,"bu","13:19:14",8483000
13550,0,1000,"bu","13:19:02",8478000
13550,0,1000,"bu","13:18:54",8477000
13500,-50,600,"sd","13:18:49",8476000
13500,-50,1500,"sd","13:18:41",8475400
13500,-50,1100,"sd","13:18:35",8473900
13550,0,100,"bu","13:18:33",8472800
13500,-50,2000,"sd","13:18:21",8472700
13500,-50,1000,"sd","13:18:18",8470700
13550,0,500,"bu","13:18:18",8469700
13500,-50,100,"sd","13:18:13",8469200
13500,-50,1000,"sd","13:18:08",8469100
13500,-50,500,"sd","13:17:49",8468100
13500,-50,600,"sd","13:17:44",8467600
13500,-50,5000,"sd","13:17:37",8467000
13550,0,2000,"bu","13:17:35",8462000
13500,-50,100,"sd","13:17:26",8460000
13500,-50,100,"sd","13:17:22",8459900
13500,-50,1200,"sd","13:17:17",8459800
13500,-50,4000,"sd","13:17:13",8458600
13500,-50,1000,"sd","13:17:04",8454600
13500,-50,20000,"sd","13:16:59",8453600
13500,-50,700,"sd","13:16:48",8433600
13500,-50,500,"sd","13:16:43",8432900
13550,0,100,"bu","13:16:32",8432400
13550,0,100,"bu","13:16:25",8432300
13500,-50,1000,"sd","13:16:20",8432200
13500,-50,400,"sd","13:16:07",8431200
13550,0,1000,"bu","13:16:00",8430800
13500,-50,500,"sd","13:15:41",8429800
13500,-50,600,"sd","13:15:40",8429300
13550,0,500,"bu","13:15:38",8428700
13550,0,2000,"bu","13:15:33",8428200
13550,0,200,"bu","13:15:20",8426200
13500,-50,5000,"sd","13:15:16",8426000
13550,0,5200,"bu","13:15:13",8421000
13500,-50,1000,"sd","13:15:02",8415800
13550,0,100,"bu","13:15:01",8414800
13500,-50,2000,"sd","13:15:00",8414700
13500,-50,600,"sd","13:14:56",8412700
13500,-50,3000,"sd","13:14:55",8412100
13500,-50,600,"sd","13:14:37",8409100
13550,0,900,"bu","13:14:33",8408500
13550,0,200,"bu","13:14:31",8407600
13500,-50,2000,"sd","13:14:28",8407400
13550,0,1100,"bu","13:14:24",8405400
13550,0,300,"bu","13:14:24",8404300
13500,-50,300,"sd","13:14:18",8404000
13500,-50,1000,"sd","13:14:16",8403700
13500,-50,4000,"sd","13:14:16",8402700
13500,-50,100,"sd","13:14:14",8398700
13500,-50,2400,"sd","13:14:04",8398600
13500,-50,100,"sd","13:14:04",8396200
13500,-50,1000,"sd","13:14:00",8396100
13500,-50,1500,"sd","13:13:55",8395100
13500,-50,500,"sd","13:13:53",8393600
13500,-50,1000,"sd","13:13:52",8393100
13500,-50,3000,"sd","13:13:51",8392100
13500,-50,200,"sd","13:13:42",8389100
13500,-50,200,"sd","13:13:36",8388900
13500,-50,500,"sd","13:13:35",8388700
13500,-50,10000,"sd","13:13:30",8388200
13500,-50,2000,"sd","13:13:00",8378200
13550,0,700,"bu","13:12:53",8376200
13500,-50,500,"sd","13:12:32",8375500
13500,-50,500,"sd","13:12:17",8375000
13500,-50,100,"sd","13:12:13",8374500
13500,-50,500,"sd","13:12:12",8374400
13500,-50,10000,"sd","13:12:10",8373900
13500,-50,100,"sd","13:12:09",8363900
13500,-50,10000,"sd","13:12:08",8363800
13500,-50,10000,"sd","13:12:06",8353800
13500,-50,1000,"sd","13:12:06",8343800
13500,-50,10000,"sd","13:12:06",8342800
13500,-50,6200,"sd","13:12:05",8332800
13500,-50,16300,"sd","13:11:59",8326600
13500,-50,200,"sd","13:11:59",8310300
13500,-50,200,"sd","13:11:59",8310100
13500,-50,200,"sd","13:11:59",8309900
13500,-50,10000,"sd","13:11:59",8309700
13500,-50,1000,"sd","13:11:59",8299700
13500,-50,200,"sd","13:11:59",8298700
13500,-50,10000,"sd","13:11:59",8298500
13500,-50,1700,"sd","13:11:59",8288500
13500,-50,200,"sd","13:11:59",8286800
13500,-50,1000,"sd","13:11:59",8286600
13500,-50,10000,"sd","13:11:59",8285600
13500,-50,500,"sd","13:11:59",8275600
13500,-50,1000,"sd","13:11:59",8275100
13500,-50,3000,"sd","13:11:59",8274100
13500,-50,11600,"sd","13:11:59",8271100
13500,-50,3000,"sd","13:11:56",8259500
13500,-50,1600,"sd","13:11:54",8256500
13500,-50,8000,"sd","13:11:54",8254900
13500,-50,3000,"sd","13:11:53",8246900
13500,-50,22800,"sd","13:11:50",8243900
13500,-50,34000,"sd","13:11:50",8221100
13500,-50,1500,"sd","13:11:44",8187100
13500,-50,100,"sd","13:11:41",8185600
13500,-50,1700,"sd","13:11:33",8185500
13500,-50,5000,"sd","13:11:30",8183800
13500,-50,600,"sd","13:11:28",8178800
13500,-50,100,"sd","13:11:26",8178200
13500,-50,700,"sd","13:11:25",8178100
13500,-50,1000,"sd","13:11:02",8177400
13500,-50,5000,"sd","13:10:52",8176400
13500,-50,300,"sd","13:10:46",8171400
13500,-50,1000,"sd","13:10:46",8171100
13500,-50,700,"sd","13:10:46",8170100
13550,0,500,"bu","13:10:41",8169400
13550,0,7000,"bu","13:10:41",8168900
13550,0,100,"bu","13:10:38",8161900
13500,-50,300,"sd","13:10:25",8161800
13500,-50,100,"sd","13:10:25",8161500
13500,-50,200,"sd","13:10:25",8161400
13550,0,800,"bu","13:10:24",8161200
13550,0,500,"bu","13:10:24",8160400
13550,0,400,"bu","13:10:17",8159900
13550,0,2500,"sd","13:10:10",8159500
13550,0,7100,"sd","13:10:10",8157000
13550,0,2900,"sd","13:10:03",8149900
13550,0,1000,"sd","13:10:03",8147000
13550,0,1100,"sd","13:10:03",8146000
13550,0,800,"sd","13:09:52",8144900
13550,0,700,"sd","13:09:52",8144100
13550,0,2300,"sd","13:09:48",8143400
13550,0,3000,"sd","13:09:48",8141100
13550,0,200,"sd","13:09:48",8138100
13550,0,300,"sd","13:09:38",8137900
13550,0,600,"sd","13:09:21",8137600
13550,0,1400,"sd","13:09:19",8137000
13550,0,500,"sd","13:09:19",8135600
13550,0,1000,"sd","13:09:19",8135100
13550,0,1500,"sd","13:09:19",8134100
13550,0,2800,"sd","13:09:19",8132600
13550,0,100,"sd","13:09:08",8129800
13550,0,100,"sd","13:08:56",8129700
13550,0,500,"sd","13:08:52",8129600
13550,0,1000,"sd","13:08:30",8129100
13600,50,400,"bu","13:08:30",8128100
13600,50,200,"bu","13:08:30",8127700
13600,50,400,"bu","13:08:30",8127500
13550,0,500,"bu","13:08:21",8127100
13500,-50,500,"sd","13:08:19",8126600
13550,0,1000,"bu","13:08:11",8126100
13550,0,400,"bu","13:08:10",8125100
13550,0,1000,"sd","13:08:06",8124700
13550,0,200,"sd","13:08:06",8123700
13550,0,1000,"sd","13:08:06",8123500
13550,0,400,"sd","13:08:06",8122500
13550,0,500,"sd","13:08:06",8122100
13550,0,100,"sd","13:08:05",8121600
13550,0,100,"sd","13:07:58",8121500
13550,0,300,"sd","13:07:43",8121400
13550,0,200,"sd","13:07:43",8121100
13550,0,100,"sd","13:07:43",8120900
13550,0,700,"sd","13:07:43",8120800
13550,0,100,"sd","13:07:43",8120100
13550,0,600,"sd","13:07:43",8120000
13550,0,200,"sd","13:07:38",8119400
13550,0,500,"sd","13:07:34",8119200
13550,0,700,"sd","13:07:34",8118700
13550,0,1000,"sd","13:07:32",8118000
13550,0,1500,"sd","13:07:30",8117000
13550,0,500,"sd","13:07:23",8115500
13550,0,3500,"sd","13:07:23",8115000
13550,0,400,"sd","13:07:21",8111500
13550,0,500,"sd","13:07:19",8111100
13550,0,1000,"sd","13:07:10",8110600
13600,50,1000,"bu","13:07:10",8109600
13550,0,5000,"sd","13:07:05",8108600
13550,0,1200,"sd","13:06:58",8103600
13550,0,2300,"sd","13:06:52",8102400
13550,0,2700,"sd","13:06:52",8100100
13550,0,3300,"sd","13:06:47",8097400
13550,0,200,"sd","13:06:47",8094100
13550,0,2000,"sd","13:06:46",8093900
13600,50,300,"bu","13:06:42",8091900
13550,0,100,"sd","13:06:36",8091600
13550,0,900,"sd","13:06:35",8091500
13550,0,1100,"sd","13:06:35",8090600
13550,0,900,"sd","13:06:28",8089500
13550,0,10000,"sd","13:06:28",8088600
13550,0,500,"sd","13:06:28",8078600
13550,0,1000,"sd","13:06:28",8078100
13550,0,1900,"sd","13:06:28",8077100
13550,0,200,"sd","13:06:28",8075200
13550,0,500,"sd","13:06:28",8075000
13550,0,30000,"sd","13:06:28",8074500
13550,0,500,"sd","13:06:16",8044500
13550,0,500,"sd","13:06:01",8044000
13550,0,10000,"sd","13:05:54",8043500
13550,0,2700,"sd","13:05:51",8033500
13600,50,800,"bu","13:05:50",8030800
13550,0,200,"sd","13:05:22",8030000
13550,0,500,"sd","13:05:13",8029800
13550,0,7400,"sd","13:05:10",8029300
13550,0,1000,"sd","13:05:10",8021900
13550,0,600,"sd","13:05:10",8020900
13550,0,4500,"sd","13:05:10",8020300
13550,0,1000,"sd","13:05:10",8015800
13550,0,10000,"sd","13:05:10",8014800
13550,0,1000,"sd","13:05:10",8004800
13550,0,10000,"sd","13:05:10",8003800
13550,0,2300,"sd","13:05:10",7993800
13550,0,2000,"sd","13:05:10",7991500
13550,0,1600,"sd","13:05:10",7989500
13550,0,8600,"sd","13:05:10",7987900
13600,50,1100,"bu","13:05:03",7979300
13550,0,1000,"sd","13:05:01",7978200
13550,0,100,"sd","13:05:00",7977200
13550,0,300,"sd","13:04:46",7977100
13550,0,200,"sd","13:04:46",7976800
13600,50,900,"bu","13:04:39",7976600
13600,50,45100,"bu","13:04:38",7975700
13600,50,5000,"bu","13:04:14",7930600
13500,-50,700,"sd","13:04:10",7925600
13500,-50,100,"sd","13:04:10",7924900
13500,-50,400,"sd","13:04:10",7924800
13500,-50,100,"sd","13:04:10",7924400
13500,-50,900,"sd","13:04:06",7924300
13550,0,100,"sd","13:04:06",7923400
13500,-50,200,"sd","13:04:04",7923300
13500,-50,500,"sd","13:04:04",7923100
13500,-50,100,"sd","13:04:04",7922600
13500,-50,100,"sd","13:04:04",7922500
13500,-50,200,"sd","13:04:04",7922400
13550,0,100,"sd","13:04:04",7922200
13500,-50,200,"sd","13:04:04",7922100
13550,0,400,"sd","13:04:04",7921900
13500,-50,200,"sd","13:04:04",7921500
13550,0,500,"sd","13:04:04",7921300
13500,-50,200,"sd","13:04:04",7920800
13550,0,300,"sd","13:04:04",7920600
13500,-50,2000,"sd","13:04:04",7917200
13550,0,2800,"sd","13:04:04",7920300
13550,0,300,"sd","13:04:04",7917500
13550,0,1000,"sd","13:04:04",7915200
13550,0,1500,"sd","13:04:04",7914200
13550,0,1000,"sd","13:04:01",7912700
13550,0,4000,"sd","13:04:01",7911700
13550,0,2200,"sd","13:03:55",7907700
13550,0,3800,"sd","13:03:55",7905500
13550,0,600,"sd","13:03:55",7901700
13550,0,600,"sd","13:03:55",7901100
13550,0,9400,"sd","13:03:49",7900500
13550,0,1200,"sd","13:03:49",7891100
13550,0,19400,"sd","13:03:49",7889900
13600,50,11200,"bu","13:03:46",7870500
13550,0,900,"sd","13:03:22",7859300
13550,0,100,"sd","13:03:22",7858400
13550,0,2600,"sd","13:03:22",7858300
13550,0,500,"sd","13:03:18",7855700
13550,0,3000,"sd","13:03:18",7855200
13550,0,3100,"sd","13:03:18",7852200
13550,0,500,"sd","13:03:18",7849100
13550,0,1000,"sd","13:03:18",7848600
13550,0,300,"sd","13:03:18",7847600
13550,0,300,"sd","13:03:18",7847300
13550,0,2900,"sd","13:03:18",7847000
13550,0,100,"sd","13:03:18",7844100
13550,0,300,"sd","13:03:18",7844000
13550,0,300,"sd","13:03:18",7843700
13550,0,500,"sd","13:03:18",7843400
13550,0,800,"sd","13:03:18",7842900
13550,0,100,"sd","13:03:18",7842100
13550,0,300,"sd","13:03:18",7842000
13550,0,5000,"sd","13:03:18",7841700
13550,0,2200,"sd","13:03:18",7836700
13550,0,1000,"sd","13:03:18",7834500
13550,0,900,"sd","13:03:18",7833500
13550,0,100,"sd","13:03:18",7832600
13550,0,300,"sd","13:03:18",7832500
13550,0,2600,"sd","13:03:18",7832200
13550,0,600,"sd","13:03:18",7829600
13550,0,1400,"sd","13:03:18",7829000
13550,0,5000,"sd","13:03:18",7827600
13550,0,11000,"sd","13:03:18",7822600
13550,0,1100,"sd","13:03:18",7811600
13550,0,3000,"sd","13:03:18",7810500
13550,0,1600,"sd","13:03:18",7807500
13550,0,700,"sd","13:03:18",7805900
13550,0,500,"sd","13:03:18",7805200
13550,0,13600,"sd","13:03:18",7804700
13550,0,6700,"sd","13:03:18",7791100
13550,0,700,"sd","13:03:18",7784400
13550,0,200,"sd","13:03:18",7783700
13550,0,1000,"sd","13:03:18",7783500
13550,0,200,"sd","13:03:18",7782500
13550,0,17400,"sd","13:03:18",7782300
13550,0,1000,"sd","13:03:18",7764900
13550,0,1000,"sd","13:03:18",7763900
13550,0,3000,"sd","13:03:18",7762900
13550,0,1500,"sd","13:03:18",7759900
13550,0,300,"sd","13:03:18",7758400
13550,0,300,"sd","13:03:18",7758100
13550,0,500,"sd","13:03:18",7757800
13550,0,100,"sd","13:03:18",7757300
13550,0,10000,"sd","13:03:18",7757200
13550,0,1800,"sd","13:03:18",7747200
13550,0,5000,"sd","13:03:18",7745400
13550,0,100,"sd","13:03:18",7740400
13550,0,2400,"sd","13:03:18",7740300
13550,0,500,"sd","13:03:18",7737900
13550,0,100,"sd","13:03:18",7737400
13550,0,200,"sd","13:03:18",7737300
13550,0,5000,"sd","13:03:18",7737100
13550,0,200,"sd","13:03:18",7732100
13550,0,3100,"sd","13:03:18",7731900
13550,0,100,"sd","13:03:18",7728800
13550,0,100,"sd","13:03:18",7728700
13550,0,1100,"sd","13:03:18",7728600
13550,0,300,"sd","13:03:18",7727500
13550,0,1000,"sd","13:03:18",7727200
13550,0,100,"sd","13:03:18",7726200
13550,0,10000,"sd","13:03:18",7726100
13550,0,100,"sd","13:03:18",7716100
13550,0,800,"sd","13:03:18",7716000
13550,0,4400,"sd","13:03:18",7715200
13600,50,400,"bu","13:03:15",7710800
13550,0,600,"sd","13:03:05",7710400
13600,50,1500,"bu","13:02:56",7709800
13600,50,100,"bu","13:02:45",7708300
13600,50,100,"bu","13:02:33",7708200
13600,50,100,"bu","13:02:32",7708100
13600,50,500,"bu","13:02:32",7708000
13600,50,500,"bu","13:02:32",7707500
13600,50,500,"bu","13:02:22",7707000
13600,50,500,"bu","13:02:22",7706500
13600,50,100,"bu","13:02:21",7706000
13600,50,900,"bu","13:02:21",7705900
13600,50,100,"bu","13:02:10",7705000
13550,0,1000,"sd","13:02:08",7704900
13550,0,3800,"sd","13:02:03",7703900
13550,0,600,"sd","13:02:02",7700100
13550,0,600,"sd","13:01:44",7699500
13550,0,400,"sd","13:01:44",7698900
13550,0,100,"sd","13:01:44",7698500
13550,0,200,"sd","13:01:44",7698400
13600,50,3700,"bu","13:01:44",7698200
13600,50,1000,"bu","13:01:42",7694500
13600,50,300,"bu","13:01:42",7693500
13550,0,400,"sd","13:01:38",7693200
13650,100,800,"bu","13:01:29",7692800
13650,100,100,"bu","13:01:29",7692000
13650,100,300,"bu","13:01:29",7691900
13650,100,100,"bu","13:01:28",7691600
13650,100,100,"bu","13:01:28",7691500
13650,100,2300,"bu","13:01:28",7691400
13600,50,200,"bu","13:01:28",7689100
13600,50,1000,"bu","13:01:28",7688900
13600,50,15000,"bu","13:01:28",7687900
13600,50,100,"bu","13:01:28",7672900
13600,50,100,"bu","13:01:28",7672800
13600,50,1000,"bu","13:01:28",7672700
13600,50,2900,"bu","13:01:28",7671700
13600,50,800,"bu","13:01:28",7668800
13600,50,100,"bu","13:01:28",7668000
13600,50,400,"bu","13:01:28",7667900
13600,50,100,"bu","13:01:28",7667500
13600,50,2000,"bu","13:01:28",7667400
13600,50,700,"bu","13:01:28",7665400
13600,50,1900,"bu","13:01:28",7664700
13600,50,300,"bu","13:01:22",7662800
13600,50,500,"bu","13:01:10",7662500
13550,0,600,"sd","13:01:04",7662000
13600,50,100,"bu","13:00:46",7661400
13550,0,3800,"sd","13:00:43",7661300
13550,0,2000,"sd","13:00:43",7657500
13550,0,1000,"sd","13:00:43",7655500
13550,0,1200,"sd","13:00:43",7654500
13600,50,1000,"bu","13:00:40",7653300
13600,50,1600,"bu","13:00:21",7652300
13600,50,200,"bu","13:00:20",7650700
13600,50,200,"bu","13:00:19",7650500
13600,50,100,"bu","13:00:18",7650300
13600,50,3000,"bu","13:00:16",7650200
13600,50,5000,"bu","13:00:16",7647200
13600,50,5000,"bu","13:00:16",7642200
13600,50,400,"bu","13:00:15",7637200
13550,0,500,"sd","13:00:11",7636800
13600,50,400,"bu","13:00:11",7636300
13600,50,900,"bu","13:00:11",7635900
13600,50,100,"bu","13:00:11",7635000
13600,50,200,"bu","13:00:11",7634900
13600,50,200,"bu","13:00:11",7634700
13600,50,200,"bu","13:00:11",7634500
13600,50,800,"bu","13:00:11",7634300
13600,50,1000,"bu","13:00:10",7633500
13550,0,900,"sd","13:00:10",7632500
13550,0,100,"sd","13:00:10",7631600
13600,50,2000,"sd","13:00:08",7631500
13600,50,1000,"sd","13:00:08",7629500
13600,50,1000,"bu","13:00:08",7628500
13600,50,2000,"bu","13:00:08",7627500
13600,50,4000,"bu","13:00:08",7625500
13600,50,1000,"bu","13:00:06",7621500
13600,50,500,"sd","13:00:05",7620500
13600,50,1500,"sd","13:00:05",7620000
13600,50,100,"sd","13:00:05",7618500
13600,50,12000,"sd","13:00:05",7618400
13600,50,100,"sd","13:00:05",7606400
13600,50,200,"sd","13:00:05",7606300
13600,50,3000,"sd","13:00:05",7606100
13600,50,100,"sd","13:00:05",7603100
13600,50,28300,"sd","13:00:05",7603000
13600,50,200,"sd","13:00:05",7574700
13550,0,15000,"sd","13:00:05",7574500
13600,50,1000,"sd","13:00:05",7559500
13600,50,200,"sd","13:00:05",7558500
13550,0,2500,"sd","13:00:05",7558300
13600,50,1000,"sd","13:00:05",7555800
13600,50,600,"sd","13:00:05",7554800
13600,50,300,"sd","13:00:05",7554200
13600,50,100,"sd","13:00:05",7553900
13600,50,1000,"sd","13:00:05",7553800
13550,0,100,"sd","13:00:05",7552800
13600,50,21500,"sd","13:00:05",7552700
13550,0,10400,"sd","13:00:05",7531200
13600,50,3000,"sd","13:00:05",7520800
13600,50,800,"sd","13:00:05",7517800
13600,50,2500,"sd","13:00:05",7517000
13600,50,900,"sd","13:00:05",7514500
13600,50,2500,"sd","13:00:05",7513600
13600,50,1800,"sd","13:00:05",7511100
13600,50,100,"sd","13:00:05",7509300
13600,50,600,"sd","13:00:04",7509200
13600,50,100,"sd","13:00:04",7508600
13600,50,1300,"sd","13:00:04",7508500
13600,50,500,"sd","13:00:04",7507200
13600,50,200,"sd","13:00:03",7506700
13600,50,800,"sd","13:00:03",7506500
13600,50,1700,"sd","13:00:02",7505700
13600,50,100,"sd","13:00:02",7504000
13600,50,100,"sd","13:00:02",7503900
13600,50,300,"sd","13:00:02",7503800
13600,50,400,"sd","13:00:02",7503500
13600,50,2500,"sd","13:00:02",7503100
13600,50,100,"sd","13:00:02",7500600
13600,50,100,"sd","13:00:02",7500500
13650,100,100,"bu","13:00:02",7500400
13650,100,100,"bu","13:00:01",7500300
13650,100,100,"bu","13:00:01",7500200
13650,100,1000,"bu","13:00:01",7500100
13600,50,300,"sd","13:00:01",7499100
13600,50,300,"sd","13:00:01",7498800
13600,50,600,"sd","13:00:01",7498500
13600,50,300,"sd","13:00:01",7497900
13600,50,300,"sd","13:00:01",7497600
13600,50,100,"sd","13:00:01",7497300
13600,50,100,"sd","13:00:00",7497200
13600,50,500,"sd","13:00:00",7497100
13600,50,100,"sd","13:00:00",7496600
13600,50,600,"sd","13:00:00",7496500
13650,100,300,"bu","13:00:00",7495900
13600,50,200,"sd","13:00:00",7495600
13650,100,100,"bu","13:00:00",7495400
13600,50,100,"sd","13:00:00",7495300
13600,50,200,"sd","11:28:37",7495200
13600,50,100,"sd","11:28:28",7495000
13600,50,1500,"sd","11:28:28",7494900
13650,100,200,"bu","11:27:40",7493400
13600,50,600,"sd","11:27:32",7493200
13600,50,900,"sd","11:27:17",7492600
13600,50,100,"sd","11:27:17",7491700
13600,50,100,"sd","11:27:14",7491600
13650,100,300,"bu","11:27:13",7491500
13600,50,500,"sd","11:26:32",7491200
13600,50,1300,"sd","11:26:22",7490700
13600,50,300,"sd","11:26:22",7489400
13600,50,100,"sd","11:26:22",7489100
13600,50,3300,"sd","11:26:22",7489000
13600,50,100,"sd","11:26:22",7485700
13600,50,100,"sd","11:26:22",7485600
13600,50,2000,"sd","11:26:22",7485500
13600,50,1000,"sd","11:26:22",7483500
13600,50,5000,"sd","11:26:22",7482500
13600,50,1800,"sd","11:26:22",7477500
13650,100,800,"bu","11:26:15",7475700
13650,100,500,"bu","11:26:15",7474900
13650,100,400,"bu","11:26:15",7474400
13600,50,100,"sd","11:26:04",7474000
13600,50,600,"sd","11:25:28",7473900
13600,50,600,"sd","11:24:53",7473300
13600,50,1000,"sd","11:24:50",7472700
13600,50,900,"sd","11:24:35",7471700
13600,50,200,"sd","11:24:35",7470800
13600,50,200,"sd","11:24:35",7470600
13600,50,100,"sd","11:24:35",7470400
13600,50,3400,"sd","11:24:27",7470300
13600,50,600,"sd","11:24:24",7466900
13600,50,900,"sd","11:24:00",7466300
13600,50,1000,"sd","11:23:59",7465400
13600,50,1100,"sd","11:23:59",7464400
13600,50,1000,"sd","11:23:37",7463300
13600,50,500,"sd","11:23:23",7462300
13600,50,500,"bu","11:22:50",7461800
13600,50,500,"bu","11:22:47",7461300
13600,50,400,"bu","11:22:47",7460800
13600,50,1000,"bu","11:22:46",7460400
13600,50,1000,"bu","11:22:44",7459400
13600,50,2000,"bu","11:22:40",7458400
