"price","change","match_qtty","side","time","total_vol"
8030,130,7600,"unknown","14:45:00",434900
8030,130,700,"sd","14:29:10",427300
8060,160,800,"bu","14:28:52",426600
8060,160,900,"bu","14:28:52",425800
8060,160,200,"bu","14:28:52",424900
8050,150,100,"sd","14:28:22",424700
8050,150,1000,"bu","14:27:53",424600
8050,150,3000,"bu","14:27:53",423600
8040,140,500,"bu","14:27:04",420600
8030,130,500,"bu","14:26:44",420100
8010,110,100,"sd","14:26:06",419600
8010,110,1200,"sd","14:25:13",419500
8010,110,400,"sd","14:24:40",418300
8010,110,200,"bu","14:24:34",417900
8000,100,100,"sd","14:24:32",417700
8000,100,500,"sd","14:24:32",417600
8000,100,100,"sd","14:24:32",417100
8000,100,1600,"sd","14:24:32",417000
8000,100,200,"sd","14:24:32",415400
8010,110,700,"bu","14:23:44",415200
8010,110,1000,"sd","14:23:44",414500
8010,110,500,"sd","14:23:42",413500
8010,110,600,"sd","14:23:20",413000
8010,110,200,"sd","14:22:43",412400
8020,120,1000,"sd","14:22:21",412200
8020,120,500,"sd","14:22:21",411200
8030,130,500,"bu","14:21:58",410700
8030,130,100,"bu","14:21:45",410200
8030,130,400,"bu","14:21:25",410100
8030,130,100,"sd","14:21:21",409700
8030,130,300,"sd","14:21:18",409600
8030,130,200,"sd","14:21:01",409300
8030,130,200,"sd","14:21:01",409100
8040,140,1000,"sd","14:20:13",408900
8040,140,1000,"sd","14:19:32",407900
8040,140,1000,"sd","14:19:20",406900
8040,140,900,"sd","14:18:55",405900
8040,140,1000,"sd","14:17:30",405000
8060,160,100,"bu","14:14:57",404000
8040,140,800,"bu","14:14:44",403900
8040,140,200,"sd","14:14:27",403100
8040,140,100,"sd","14:13:49",402900
8040,140,1000,"sd","14:13:49",402800
8040,140,600,"sd","14:13:49",401800
8040,140,300,"sd","14:13:49",401200
8040,140,500,"sd","14:06:15",400900
8040,140,200,"sd","14:05:18",400400
8040,140,300,"sd","14:05:18",400200
8040,140,200,"sd","14:03:55",399900
8040,140,800,"sd","14:03:55",399700
8040,140,1000,"sd","14:03:07",398900
8080,180,200,"bu","14:02:56",397900
8090,190,100,"bu","14:00:22",397700
8080,180,400,"bu","14:00:22",397600
8080,180,1500,"bu","14:00:14",397200
8080,180,1000,"bu","14:00:14",395700
8080,180,300,"bu","14:00:14",394700
8070,170,300,"bu","14:00:14",394400
8060,160,1000,"bu","14:00:14",394100
8050,150,1900,"bu","14:00:14",393100
8040,140,200,"bu","13:59:19",391200
8040,140,500,"bu","13:59:02",391000
8040,140,300,"sd","13:58:59",390500
8040,140,1000,"bu","13:58:28",390200
8040,140,700,"bu","13:58:28",389200
8030,130,100,"sd","13:58:26",388500
8030,130,100,"sd","13:58:26",388400
8040,140,500,"sd","13:57:37",388300
8040,140,200,"sd","13:57:37",387800
8040,140,200,"sd","13:57:18",387600
8040,140,100,"sd","13:57:18",387400
8040,140,100,"sd","13:57:18",387300
8040,140,100,"sd","13:57:18",387200
8040,140,100,"sd","13:56:55",387100
8040,140,4900,"sd","13:56:55",387000
8050,150,100,"sd","13:56:08",382100
8050,150,2000,"sd","13:55:55",382000
8050,150,300,"sd","13:55:38",380000
8050,150,2000,"sd","13:55:30",379700
8050,150,5700,"sd","13:55:26",377700
8050,150,1500,"sd","13:55:26",372000
8050,150,100,"sd","13:55:26",370500
8050,150,700,"sd","13:55:26",370400
8050,150,9300,"sd","13:55:06",369700
8050,150,700,"sd","13:55:06",360400
8050,150,800,"sd","13:54:28",359700
8060,160,1600,"sd","13:54:28",358900
8060,160,3000,"bu","13:53:52",357300
8060,160,100,"bu","13:53:52",354300
8060,160,300,"bu","13:53:52",354200
8060,160,100,"bu","13:53:10",353900
8060,160,300,"bu","13:52:52",353800
8060,160,200,"sd","13:52:38",353500
8060,160,100,"sd","13:52:38",353300
8060,160,100,"sd","13:52:38",353200
8060,160,300,"sd","13:52:38",353100
8060,160,600,"sd","13:52:38",352800
8080,180,200,"bu","13:51:21",352200
8080,180,100,"sd","13:50:40",352000
8090,190,1100,"bu","13:49:56",351900
8090,190,500,"bu","13:49:56",350800
8090,190,3000,"bu","13:49:56",350300
8090,190,400,"bu","13:49:56",347300
8090,190,100,"bu","13:49:12",346900
8090,190,100,"bu","13:46:47",346800
8090,190,300,"sd","13:46:26",346700
8090,190,600,"sd","13:46:26",346400
8090,190,200,"sd","13:45:47",345800
8090,190,100,"sd","13:45:29",345600
8090,190,300,"sd","13:44:56",345500
8090,190,1500,"bu","13:44:29",345200
8090,190,100,"bu","13:44:29",343700
8080,180,200,"bu","13:44:29",343600
8090,190,200,"bu","13:44:07",343400
8090,190,4800,"bu","13:44:07",343200
8090,190,200,"bu","13:43:40",338400
8090,190,1000,"bu","13:43:40",338200
8070,170,800,"bu","13:43:27",337200
8050,150,1000,"sd","13:42:45",336400
8070,170,900,"sd","13:41:53",335400
8070,170,100,"bu","13:41:04",334500
8070,170,100,"sd","13:40:39",334400
8070,170,400,"sd","13:40:39",334300
8070,170,1800,"sd","13:40:39",333900
8080,180,300,"sd","13:40:39",332100
8080,180,300,"sd","13:40:39",331800
8090,190,600,"sd","13:40:39",331500
8090,190,800,"bu","13:40:37",330900
8090,190,1000,"sd","13:40:23",330100
8090,190,200,"sd","13:40:23",329100
8100,200,500,"bu","13:39:50",328900
8100,200,100,"bu","13:39:31",328400
8090,190,500,"sd","13:39:05",328300
8090,190,1000,"sd","13:39:05",327800
8090,190,1000,"sd","13:39:05",326800
8100,200,100,"bu","13:38:52",325800
8100,200,500,"bu","13:38:35",325700
8100,200,500,"bu","13:38:19",325200
8100,200,1000,"bu","13:38:17",324700
8100,200,500,"bu","13:38:00",323700
8090,190,1500,"unknown","13:37:39",323200
8090,190,1000,"sd","13:37:23",321700
8090,190,100,"bu","13:37:17",320700
8090,190,500,"bu","13:37:17",320600
8090,190,400,"bu","13:37:17",320100
8080,180,100,"sd","13:35:32",319700
8090,190,600,"bu","13:35:31",319600
8090,190,400,"bu","13:35:31",319000
8090,190,100,"bu","13:34:10",318600
8090,190,1000,"bu","13:32:06",318500
8070,170,400,"sd","13:30:59",317500
8070,170,100,"sd","13:30:59",317100
8090,190,500,"sd","13:30:04",317000
8100,200,100,"bu","13:29:46",316500
8100,200,100,"bu","13:29:30",316400
8100,200,6900,"bu","13:29:29",316300
8100,200,400,"bu","13:29:29",309400
8100,200,500,"bu","13:29:29",309000
8100,200,200,"bu","13:29:29",308500
8100,200,1000,"bu","13:29:29",308300
8100,200,700,"bu","13:29:29",307300
8100,200,300,"bu","13:29:29",306600
8100,200,100,"bu","13:29:25",306300
8090,190,500,"bu","13:29:12",306200
8090,190,1000,"bu","13:28:39",305700
8090,190,1500,"bu","13:28:10",304700
8090,190,500,"bu","13:28:10",303200
8090,190,4200,"sd","13:27:58",302700
8090,190,500,"bu","13:27:15",298500
8090,190,600,"bu","13:27:15",298000
8090,190,1000,"bu","13:27:15",297400
8090,190,600,"bu","13:27:15",296400
8090,190,400,"bu","13:25:45",295800
8090,190,500,"bu","13:25:45",295400
8090,190,500,"bu","13:25:45",294900
8090,190,600,"bu","13:25:45",294400
8090,190,400,"bu","13:25:22",293800
8090,190,600,"bu","13:25:22",293400
8080,180,100,"bu","13:24:41",292800
8080,180,200,"bu","13:24:14",292700
8080,180,1700,"bu","13:23:59",292500
8080,180,300,"bu","13:23:59",290800
8080,180,300,"bu","13:23:54",290500
8070,170,500,"sd","13:23:12",290200
8070,170,400,"sd","13:23:12",289700
8070,170,100,"bu","13:22:53",289300
8050,150,1500,"sd","13:21:52",289200
8050,150,200,"bu","13:20:27",287700
8050,150,300,"bu","13:19:39",287500
8050,150,1000,"bu","13:19:20",287200
8050,150,500,"bu","13:19:20",286200
8050,150,100,"bu","13:18:39",285700
8050,150,200,"bu","13:17:56",285600
8040,140,5100,"sd","13:16:48",285400
8040,140,1900,"sd","13:16:48",280300
8050,150,2000,"bu","13:15:41",278400
8050,150,100,"bu","13:15:16",276400
8050,150,600,"sd","13:15:09",276300
8060,160,100,"bu","13:15:07",275700
8050,150,2100,"bu","13:13:55",275600
8050,150,700,"sd","13:13:20",273500
8050,150,200,"sd","13:13:20",272800
8050,150,100,"sd","13:12:49",272600
8050,150,300,"bu","13:12:45",272500
8050,150,100,"bu","13:12:20",272200
8050,150,200,"sd","13:12:19",272100
8050,150,300,"sd","13:12:19",271900
8070,170,500,"bu","13:11:49",271600
8070,170,100,"bu","13:11:49",271100
8070,170,500,"bu","13:10:38",271000
8070,170,500,"bu","13:09:48",270500
8070,170,500,"bu","13:09:48",270000
8070,170,100,"bu","13:09:37",269500
8050,150,100,"bu","13:07:01",269400
8050,150,600,"bu","13:07:01",269300
8050,150,400,"sd","13:04:23",268700
8050,150,1000,"sd","13:04:23",268300
8050,150,100,"sd","13:04:23",267300
8050,150,400,"sd","13:04:23",267200
8050,150,1000,"sd","13:03:46",266800
8050,150,1200,"sd","13:03:40",265800
8050,150,1500,"sd","13:03:40",264600
8050,150,2500,"sd","13:03:27",263100
8050,150,1000,"sd","13:03:11",260600
8050,150,4800,"sd","13:02:46",259600
8050,150,200,"sd","13:02:46",254800
8050,150,4000,"sd","13:02:22",254600
8070,170,300,"sd","13:01:05",250600
8070,170,200,"sd","13:01:05",250300
8070,170,100,"sd","13:01:05",250100
8080,180,100,"bu","13:00:20",250000
8080,180,300,"bu","13:00:15",249900
8080,180,700,"bu","13:00:15",249600
8080,180,100,"bu","13:00:05",248900
8080,180,200,"bu","13:00:05",248800
8080,180,600,"bu","13:00:05",248600
8080,180,400,"bu","13:00:00",248000
8080,180,600,"bu","13:00:00",247600
8080,180,200,"bu","11:27:50",247000
8080,180,200,"sd","11:25:41",246800
8080,180,100,"sd","11:25:22",246600
8080,180,200,"sd","11:25:10",246500
8080,180,500,"sd","11:24:14",246300
8080,180,1000,"sd","11:23:58",245800
8080,180,800,"bu","11:22:20",244800
8080,180,1000,"bu","11:22:20",244000
8050,150,3000,"sd","11:19:31",243000
8050,150,2800,"sd","11:18:36",240000
8050,150,200,"sd","11:18:36",237200
8050,150,400,"sd","11:17:31",237000
8050,150,100,"sd","11:15:01",236600
8050,150,500,"sd","11:14:21",236500
8050,150,400,"sd","11:14:14",236000
8090,190,400,"bu","11:08:56",235600
8100,200,500,"bu","11:08:18",235200
8100,200,1000,"bu","11:08:18",234700
8090,190,100,"bu","11:08:18",233700
8090,190,400,"bu","11:08:18",233600
8090,190,1600,"bu","11:08:02",233200
8090,190,1000,"bu","11:08:02",231600
8090,190,200,"bu","11:08:02",230600
8090,190,200,"bu","11:08:02",230400
8090,190,400,"bu","11:08:02",230200
8080,180,200,"bu","11:08:02",229800
8080,180,1000,"bu","11:08:02",229600
8080,180,400,"bu","11:08:02",228600
8080,180,900,"bu","11:08:02",228200
8070,170,1000,"bu","11:08:02",227300
8060,160,1300,"bu","11:08:02",226300
8060,160,500,"bu","11:08:02",225000
8060,160,1300,"bu","11:08:02",224500
8030,130,1900,"sd","11:03:34",223200
8030,130,100,"sd","11:03:34",221300
8060,160,100,"bu","10:59:52",221200
8060,160,100,"bu","10:59:36",221100
8060,160,100,"bu","10:58:34",221000
8010,110,800,"sd","10:53:35",220900
8010,110,100,"bu","10:52:11",220100
8010,110,100,"bu","10:51:58",220000
8010,110,200,"bu","10:51:15",219900
8010,110,100,"bu","10:51:15",219700
8010,110,1000,"bu","10:51:15",219600
8010,110,500,"bu","10:51:15",218600
8010,110,1200,"bu","10:51:15",218100
8020,120,100,"bu","10:51:15",216900
8020,120,2000,"sd","10:51:01",216800
8010,110,300,"sd","10:39:59",214800
8010,110,200,"sd","10:39:59",214500
8010,110,1000,"sd","10:39:12",214300
8010,110,1900,"sd","10:38:33",213300
8060,160,1100,"bu","10:37:45",211400
8050,150,100,"bu","10:37:45",210300
8050,150,200,"bu","10:37:45",210200
8050,150,500,"bu","10:37:45",210000
8050,150,600,"bu","10:37:45",209500
8020,120,500,"bu","10:37:45",208900
8010,110,100,"sd","10:37:36",208400
8010,110,1800,"sd","10:37:07",208300
8010,110,400,"sd","10:37:07",206500
8010,110,100,"sd","10:36:54",206100
8010,110,1000,"sd","10:36:54",206000
8010,110,500,"sd","10:36:54",205000
8010,110,200,"sd","10:36:54",204500
8020,120,1000,"bu","10:33:47",204300
8020,120,1200,"bu","10:33:36",203300
8020,120,1000,"bu","10:33:25",202100
8020,120,1000,"bu","10:33:03",201100
8020,120,2000,"bu","10:31:50",200100
8020,120,300,"sd","10:31:35",198100
8020,120,200,"sd","10:31:22",197800
8020,120,300,"sd","10:31:22",197600
8020,120,100,"sd","10:30:56",197300
8020,120,100,"unknown","10:30:53",197200
8020,120,1000,"sd","10:30:45",197100
8020,120,500,"sd","10:30:45",196100
8020,120,500,"sd","10:30:45",195600
8020,120,300,"sd","10:30:45",195100
8020,120,100,"sd","10:30:45",194800
8030,130,2500,"bu","10:30:19",194700
8030,130,500,"bu","10:29:27",192200
8030,130,500,"bu","10:29:27",191700
8030,130,1000,"bu","10:29:14",191200
8030,130,1000,"bu","10:29:02",190200
8020,120,100,"sd","10:28:54",189200
8020,120,1000,"sd","10:28:54",189100
8020,120,100,"sd","10:28:54",188100
8020,120,1000,"sd","10:28:30",188000
8020,120,2100,"sd","10:28:26",187000
8020,120,1000,"sd","10:28:26",184900
8030,130,500,"sd","10:28:26",183900
8030,130,200,"sd","10:28:26",183400
8030,130,200,"sd","10:28:26",183200
8030,130,1000,"sd","10:28:26",183000
8040,140,1000,"bu","10:28:07",182000
8040,140,100,"bu","10:27:32",181000
8040,140,500,"sd","10:27:14",180900
8040,140,100,"sd","10:27:14",180400
8040,140,100,"sd","10:26:35",180300
8040,140,500,"sd","10:26:31",180200
8050,150,600,"bu","10:26:14",179700
8050,150,100,"sd","10:24:52",179100
8050,150,100,"sd","10:24:37",179000
8050,150,300,"sd","10:24:13",178900
8050,150,600,"sd","10:24:12",178600
8050,150,100,"sd","10:23:50",178000
8050,150,500,"sd","10:23:23",177900
8050,150,3700,"sd","10:23:23",177400
8050,150,100,"sd","10:23:23",173700
8060,160,300,"bu","10:20:09",173600
8050,150,100,"bu","10:19:47",173300
8050,150,3900,"bu","10:19:44",173200
8050,150,1100,"bu","10:19:44",169300
8050,150,900,"bu","10:18:01",168200
8050,150,200,"bu","10:18:01",167300
8050,150,400,"bu","10:18:01",167100
8040,140,200,"sd","10:15:37",166700
8040,140,1000,"sd","10:14:14",166500
8040,140,500,"sd","10:13:18",165500
8050,150,1100,"bu","10:10:22",165000
8050,150,500,"bu","10:10:22",163900
8050,150,300,"bu","10:10:22",163400
8050,150,100,"bu","10:10:22",163100
8050,150,100,"bu","10:09:56",163000
8060,160,1000,"sd","10:07:21",162900
8060,160,1000,"sd","10:07:21",161900
8060,160,1900,"sd","10:07:21",160900
8070,170,1000,"bu","10:07:21",159000
8070,170,1000,"bu","10:06:55",158000
8070,170,5000,"sd","10:04:41",157000
8070,170,100,"sd","10:04:41",152000
8070,170,100,"sd","10:04:05",151900
8070,170,400,"sd","10:04:05",151800
8070,170,600,"bu","10:03:21",151400
8070,170,500,"sd","10:00:46",150800
8070,170,100,"sd","10:00:46",150300
8070,170,100,"bu","09:57:46",150200
8070,170,300,"bu","09:57:46",150100
8070,170,200,"sd","09:56:38",149800
8070,170,300,"sd","09:55:50",149600
8070,170,500,"bu","09:55:41",149300
8070,170,100,"bu","09:55:18",148800
8070,170,400,"sd","09:55:03",148700
8070,170,600,"sd","09:54:44",148300
8070,170,500,"sd","09:54:44",147700
8070,170,100,"sd","09:54:44",147200
8070,170,800,"sd","09:54:44",147100
8070,170,2000,"sd","09:54:41",146300
8070,170,1200,"sd","09:53:56",144300
8070,170,3800,"sd","09:53:56",143100
8070,170,500,"sd","09:53:38",139300
8080,180,2000,"sd","09:53:29",138800
8080,180,300,"sd","09:53:29",136800
8080,180,2800,"sd","09:53:29",136500
8080,180,100,"sd","09:53:29",133700
8080,180,100,"sd","09:53:29",133600
8080,180,1000,"sd","09:53:29",133500
8080,180,3200,"sd","09:53:29",132500
8090,190,100,"bu","09:52:22",129300
8080,180,4700,"sd","09:52:14",129200
8090,190,500,"bu","09:52:03",124500
8090,190,500,"bu","09:51:36",124000
8090,190,100,"bu","09:51:36",123500
8080,180,200,"sd","09:51:31",123400
8080,180,200,"sd","09:50:19",123200
8080,180,900,"sd","09:50:00",123000
8090,190,500,"bu","09:49:23",122100
8090,190,400,"sd","09:48:52",121600
8090,190,300,"sd","09:47:40",121200
8090,190,100,"bu","09:47:39",120900
8090,190,200,"sd","09:47:12",120800
8090,190,300,"sd","09:47:12",120600
8090,190,100,"sd","09:46:55",120300
8090,190,200,"sd","09:46:24",120200
8090,190,2000,"sd","09:46:24",120000
8090,190,800,"sd","09:46:24",118000
8090,190,1000,"sd","09:45:46",117200
8090,190,900,"sd","09:44:09",116200
8090,190,2000,"sd","09:43:47",115300
8090,190,300,"sd","09:43:34",113300
8090,190,200,"sd","09:43:34",113000
8090,190,500,"bu","09:43:05",112800
8080,180,800,"sd","09:42:38",112300
8080,180,100,"sd","09:42:20",111500
8080,180,800,"sd","09:42:09",111400
8100,200,500,"bu","09:41:27",110600
8100,200,500,"bu","09:41:27",110100
8100,200,500,"bu","09:41:10",109600
8100,200,100,"bu","09:39:48",109100
8100,200,500,"bu","09:39:48",109000
8100,200,9000,"bu","09:39:00",108500
8070,170,700,"sd","09:38:58",99500
8070,170,100,"sd","09:38:58",98800
8100,200,100,"bu","09:38:35",98700
8100,200,100,"sd","09:36:58",98600
8100,200,300,"sd","09:36:58",98500
8100,200,700,"sd","09:36:14",98200
8100,200,300,"sd","09:36:14",97500
8100,200,200,"sd","09:35:55",97200
8140,240,1000,"bu","09:35:37",97000
8140,240,2000,"bu","09:35:22",96000
8140,240,700,"bu","09:34:42",94000
8140,240,500,"bu","09:34:15",93300
8060,160,7400,"sd","09:34:10",92800
8100,200,800,"sd","09:34:10",85400
8100,200,200,"sd","09:34:09",84600
8060,160,200,"sd","09:33:52",84400
8100,200,500,"bu","09:33:35",84200
8100,200,500,"bu","09:33:28",83700
8100,200,3000,"sd","09:33:12",83200
8100,200,100,"sd","09:33:12",80200
8100,200,700,"sd","09:33:12",80100
8100,200,300,"sd","09:32:37",79400
8150,250,200,"bu","09:32:25",79100
8150,250,800,"bu","09:32:22",78900
8150,250,100,"sd","09:32:12",78100
8150,250,100,"sd","09:32:02",78000
8170,270,300,"bu","09:31:35",77900
8170,270,500,"bu","09:31:35",77600
8150,250,100,"sd","09:31:33",77100
8150,250,100,"sd","09:31:33",77000
8180,280,1000,"bu","09:30:44",76900
8190,290,400,"bu","09:29:35",75900
8180,280,500,"bu","09:29:35",75500
8180,280,100,"bu","09:29:35",75000
8190,290,1000,"bu","09:29:05",74900
8190,290,200,"bu","09:29:02",73900
8190,290,400,"bu","09:29:02",73700
8190,290,400,"bu","09:29:02",73300
8190,290,100,"bu","09:29:02",72900
8180,280,100,"bu","09:29:02",72800
8180,280,1000,"bu","09:29:02",72700
8180,280,600,"bu","09:29:02",71700
8150,250,100,"bu","09:29:01",71100
8150,250,1700,"bu","09:29:01",71000
8150,250,100,"sd","09:29:00",69300
8150,250,100,"sd","09:28:57",69200
8150,250,200,"sd","09:28:48",69100
8150,250,100,"bu","09:28:30",68900
8150,250,300,"bu","09:28:30",68800
8150,250,100,"bu","09:28:30",68500
8150,250,500,"bu","09:28:30",68400
8150,250,200,"bu","09:28:30",67900
8150,250,100,"bu","09:27:53",67700
8150,250,500,"bu","09:27:53",67600
8150,250,500,"sd","09:27:53",67100
8150,250,500,"bu","09:26:58",66600
8150,250,9400,"bu","09:26:58",66100
8150,250,500,"bu","09:26:58",56700
8140,240,2000,"bu","09:26:58",56200
8110,210,200,"bu","09:26:58",54200
8100,200,1500,"bu","09:26:58",54000
8100,200,1000,"bu","09:26:47",52500
8100,200,500,"bu","09:26:47",51500
8100,200,500,"bu","09:26:47",51000
8100,200,1000,"bu","09:26:47",50500
8100,200,300,"bu","09:26:47",49500
8100,200,500,"bu","09:26:47",49200
8100,200,200,"bu","09:26:47",48700
8090,190,900,"bu","09:26:47",48500
8080,180,100,"bu","09:26:47",47600
8060,160,500,"sd","09:26:29",47500
8060,160,1000,"bu","09:25:50",47000
8060,160,2500,"bu","09:25:42",46000
8060,160,3000,"bu","09:25:31",43500
8050,150,100,"sd","09:25:31",40500
8050,150,4900,"sd","09:25:31",40400
8060,160,500,"bu","09:25:29",35500
8060,160,3000,"bu","09:25:26",35000
8050,150,100,"sd","09:25:18",32000
8000,100,3400,"sd","09:25:15",31900
8000,100,2000,"sd","09:25:15",28500
8030,130,100,"sd","09:25:15",26500
8030,130,600,"sd","09:25:15",26400
8040,140,1000,"sd","09:25:15",25800
8040,140,2900,"sd","09:25:15",24800
8050,150,400,"bu","09:25:13",21900
8050,150,400,"bu","09:25:13",21500
8050,150,200,"bu","09:25:13",21100
8040,140,1500,"bu","09:25:03",20900
8040,140,600,"bu","09:25:03",19400
8030,130,300,"bu","09:24:46",18800
8030,130,100,"bu","09:24:46",18500
8010,110,100,"sd","09:24:31",18400
8000,100,100,"bu","09:23:03",18300
8000,100,1000,"bu","09:23:03",18200
8000,100,100,"bu","09:23:03",17200
8000,100,100,"bu","09:23:03",17100
8000,100,100,"bu","09:23:03",17000
8000,100,400,"bu","09:23:03",16900
8000,100,100,"bu","09:23:01",16500
8000,100,800,"bu","09:23:01",16400
8000,100,500,"bu","09:23:01",15600
8000,100,100,"bu","09:23:01",15100
8000,100,500,"bu","09:23:01",15000
8000,100,2000,"bu","09:22:04",14500
7990,90,100,"bu","09:20:50",12500
7990,90,100,"bu","09:20:50",12400
7990,90,200,"bu","09:20:50",12300
7990,90,100,"bu","09:20:50",12100
7990,90,2300,"bu","09:20:50",12000
7990,90,100,"bu","09:19:34",9700
7990,90,300,"bu","09:19:28",9600
7990,90,500,"bu","09:19:28",9300
7990,90,100,"bu","09:19:23",8800
7990,90,200,"bu","09:18:49",8700
7990,90,500,"bu","09:17:42",8500
7990,90,300,"bu","09:17:42",8000
7990,90,200,"bu","09:16:27",7700
7990,90,800,"bu","09:16:27",7500
8000,100,300,"bu","09:15:17",6700
8000,100,3000,"bu","09:15:15",6400
8000,100,3400,"bu","09:15:00",3400
