"price","change","match_qtty","side","time","total_vol"
52800,300,76300,"bu","14:45:01",981800
52500,0,400,"sd","14:29:58",905500
52600,100,1000,"sd","14:29:58",905100
52800,300,1000,"bu","14:29:38",904100
52800,300,300,"bu","14:29:36",903100
52500,0,1100,"sd","14:29:32",902800
52700,200,300,"sd","14:29:32",901700
52900,400,1400,"sd","14:29:32",901400
52900,400,100,"sd","14:29:31",900000
52900,400,100,"sd","14:29:27",899900
52900,400,3000,"bu","14:29:24",899800
52800,300,400,"bu","14:29:24",896800
52800,300,200,"bu","14:29:17",896400
52800,300,100,"sd","14:29:17",896200
52800,300,300,"sd","14:29:16",896100
52800,300,1700,"sd","14:29:16",895800
52800,300,400,"bu","14:29:05",894100
52800,300,700,"bu","14:29:05",893700
52800,300,300,"bu","14:29:00",893000
52800,300,4700,"bu","14:29:00",892700
52800,300,2000,"bu","14:28:58",888000
52800,300,800,"bu","14:28:58",886000
52800,300,100,"bu","14:28:53",885200
52800,300,200,"bu","14:28:50",885100
52800,300,200,"bu","14:28:50",884900
52800,300,1700,"bu","14:28:34",884700
52800,300,400,"bu","14:28:34",883000
52800,300,600,"bu","14:28:08",882600
52800,300,400,"bu","14:28:08",882000
52800,300,100,"bu","14:27:45",881600
52500,0,200,"sd","14:27:04",881500
52500,0,500,"sd","14:26:54",881300
52500,0,500,"sd","14:26:54",880800
52400,-100,300,"bu","14:26:06",880300
52400,-100,3300,"bu","14:26:06",880000
52400,-100,2000,"bu","14:25:54",876700
52400,-100,500,"bu","14:25:51",874700
52200,-300,100,"sd","14:25:47",874200
52200,-300,200,"sd","14:25:47",874100
52300,-200,200,"sd","14:25:47",873900
52400,-100,200,"bu","14:25:24",873700
52400,-100,300,"bu","14:25:24",873500
52400,-100,100,"bu","14:25:15",873200
52300,-200,100,"bu","14:25:15",873100
52300,-200,200,"bu","14:25:14",873000
52300,-200,100,"bu","14:25:11",872800
52300,-200,500,"bu","14:25:09",872700
52300,-200,500,"bu","14:25:03",872200
52300,-200,100,"bu","14:25:03",871700
52200,-300,100,"sd","14:25:00",871600
52200,-300,200,"sd","14:24:45",871500
52200,-300,100,"sd","14:24:45",871300
52200,-300,100,"sd","14:24:45",871200
52200,-300,300,"sd","14:24:45",871100
52200,-300,500,"sd","14:24:44",870800
52200,-300,200,"sd","14:24:44",870300
52300,-200,200,"bu","14:24:42",870100
52300,-200,100,"sd","14:24:35",869900
52300,-200,600,"sd","14:24:35",869800
52300,-200,1000,"sd","14:24:30",869200
52300,-200,200,"sd","14:24:30",868200
52300,-200,500,"sd","14:24:30",868000
52300,-200,300,"sd","14:24:30",867500
52300,-200,100,"sd","14:24:30",867200
52300,-200,100,"sd","14:24:30",867100
52300,-200,2800,"sd","14:24:30",867000
52300,-200,1000,"sd","14:24:29",864200
52300,-200,300,"sd","14:24:26",863200
52400,-100,1000,"bu","14:24:25",862900
52300,-200,900,"sd","14:24:23",861900
52300,-200,100,"sd","14:24:23",861000
52300,-200,400,"sd","14:24:23",860900
52400,-100,600,"bu","14:24:21",860500
52400,-100,1400,"bu","14:24:21",859900
52400,-100,700,"bu","14:24:21",858500
52400,-100,300,"bu","14:24:21",857800
52400,-100,200,"bu","14:24:21",857500
52400,-100,900,"bu","14:24:06",857300
52400,-100,2100,"bu","14:24:06",856400
52400,-100,200,"bu","14:24:04",854300
52400,-100,400,"sd","14:23:56",854100
52400,-100,100,"sd","14:23:56",853700
52400,-100,500,"sd","14:23:56",853600
52400,-100,1000,"sd","14:23:56",853100
52400,-100,500,"sd","14:23:56",852100
52400,-100,100,"sd","14:23:56",851600
52400,-100,2000,"sd","14:23:56",851500
52400,-100,100,"sd","14:23:56",849500
52400,-100,500,"sd","14:23:56",849400
52400,-100,400,"sd","14:23:56",848900
52400,-100,3800,"sd","14:23:56",848500
52400,-100,1200,"sd","14:23:48",844700
52400,-100,300,"sd","14:23:48",843500
52500,0,100,"bu","14:23:47",843200
52500,0,600,"bu","14:23:27",843100
52500,0,300,"bu","14:23:27",842500
52500,0,200,"bu","14:23:19",842200
52500,0,200,"sd","14:22:57",842000
52500,0,300,"sd","14:22:57",841800
52500,0,700,"sd","14:22:57",841500
52500,0,200,"sd","14:22:57",840800
52500,0,600,"sd","14:22:57",840600
52500,0,2000,"sd","14:22:46",840000
52500,0,3000,"sd","14:22:37",838000
52500,0,100,"sd","14:22:36",835000
52500,0,100,"sd","14:22:24",834900
52500,0,1500,"bu","14:22:17",834800
52500,0,1500,"bu","14:22:17",833300
52500,0,200,"bu","14:22:17",831800
52500,0,1000,"bu","14:22:17",831600
52400,-100,200,"sd","14:22:14",830600
52400,-100,500,"sd","14:22:10",830400
52500,0,2000,"bu","14:22:08",829900
52400,-100,100,"sd","14:21:46",827900
52400,-100,100,"sd","14:20:57",827800
52400,-100,100,"sd","14:20:55",827700
52400,-100,1000,"sd","14:20:47",827600
52400,-100,100,"sd","14:20:47",826600
52400,-100,200,"sd","14:20:47",826500
52400,-100,200,"sd","14:20:47",826300
52400,-100,200,"sd","14:20:47",826100
52400,-100,100,"sd","14:20:47",825900
52400,-100,500,"sd","14:20:47",825800
52400,-100,200,"sd","14:20:45",825300
52500,0,700,"sd","14:20:31",825100
52500,0,400,"sd","14:20:31",824400
52500,0,600,"sd","14:20:27",824000
52500,0,100,"sd","14:20:27",823400
52500,0,100,"sd","14:20:27",823300
52500,0,200,"sd","14:20:27",823200
52500,0,1000,"sd","14:20:27",823000
52500,0,500,"sd","14:20:17",822000
52500,0,1000,"sd","14:20:17",821500
52600,100,1000,"sd","14:20:13",820500
52600,100,2000,"sd","14:20:13",819500
52600,100,200,"sd","14:20:13",817500
52600,100,300,"sd","14:20:13",817300
52600,100,500,"sd","14:20:13",817000
52600,100,200,"sd","14:20:13",816500
52600,100,100,"sd","14:20:13",816300
52600,100,300,"sd","14:20:13",816200
52600,100,400,"sd","14:20:13",815900
52600,100,600,"sd","14:20:11",815500
52600,100,100,"sd","14:20:11",814900
52600,100,1300,"sd","14:20:10",814800
52700,200,3000,"bu","14:20:03",813500
52700,200,8100,"bu","14:20:03",810500
52700,200,1900,"sd","14:19:46",802400
52700,200,700,"sd","14:19:46",800500
52700,200,200,"sd","14:19:46",799800
52700,200,200,"sd","14:19:46",799600
52700,200,1100,"sd","14:19:05",799400
52700,200,1300,"sd","14:18:47",798300
52700,200,100,"sd","14:18:45",797000
52700,200,600,"sd","14:18:42",796900
52700,200,700,"sd","14:18:41",796300
52700,200,100,"sd","14:18:33",795600
52700,200,900,"sd","14:18:00",795500
52700,200,100,"sd","14:18:00",794600
52800,300,1000,"bu","14:17:34",794500
52800,300,1000,"unknown","14:17:34",793500
52800,300,100,"sd","14:17:34",792500
52800,300,2400,"sd","14:17:34",792400
52800,300,200,"sd","14:17:32",790000
52800,300,100,"sd","14:17:16",789800
52800,300,2500,"sd","14:17:05",789700
52900,400,200,"bu","14:16:11",787200
52800,300,400,"sd","14:15:46",787000
52800,300,1800,"sd","14:15:25",786600
52900,400,500,"bu","14:14:59",784800
52900,400,300,"bu","14:14:59",784300
52900,400,200,"bu","14:14:59",784000
52800,300,2600,"sd","14:14:53",783800
52800,300,200,"sd","14:14:53",781200
52900,400,1000,"bu","14:14:11",781000
52900,400,800,"bu","14:13:49",780000
52900,400,200,"bu","14:13:49",779200
52900,400,100,"bu","14:13:19",779000
52900,400,500,"bu","14:13:19",778900
52900,400,1400,"bu","14:13:19",778400
52900,400,1000,"sd","14:11:56",777000
52900,400,400,"sd","14:11:56",776000
52900,400,500,"sd","14:11:56",775600
52900,400,100,"sd","14:11:56",775100
52900,400,600,"sd","14:11:56",775000
53000,500,300,"bu","14:11:53",774400
53000,500,100,"bu","14:11:53",774100
53000,500,100,"bu","14:11:53",774000
53000,500,2500,"bu","14:11:53",773900
52900,400,400,"sd","14:10:23",771400
52900,400,3000,"bu","14:10:14",771000
52900,400,100,"bu","14:09:49",768000
52800,300,2000,"bu","14:08:52",767900
52600,100,700,"sd","14:06:29",765900
52600,100,100,"sd","14:06:21",765200
52600,100,200,"sd","14:06:21",765100
52600,100,1100,"sd","14:06:05",764900
52600,100,1200,"sd","14:06:02",763800
52600,100,500,"bu","14:05:43",762600
52500,0,900,"sd","14:05:40",762100
52600,100,1000,"sd","14:05:02",761200
52700,200,100,"sd","14:04:08",760200
52800,300,1000,"sd","14:03:18",760100
52800,300,500,"sd","14:03:18",759100
52800,300,500,"sd","14:03:18",758600
52800,300,1000,"sd","14:03:18",758100
52900,400,100,"bu","14:02:20",757100
52900,400,100,"bu","14:02:12",757000
52900,400,100,"sd","14:02:06",756900
53000,500,100,"bu","14:02:04",756800
52900,400,1000,"bu","14:01:29",756700
52900,400,200,"sd","14:01:15",755700
52900,400,800,"sd","14:01:08",755500
52900,400,200,"sd","14:01:08",754700
52900,400,1100,"sd","14:00:18",754500
53000,500,100,"bu","14:00:00",753400
53000,500,400,"bu","13:59:40",753300
53000,500,500,"bu","13:59:31",752900
53000,500,200,"bu","13:59:23",752400
52900,400,100,"bu","13:59:16",752200
52900,400,800,"bu","13:59:16",752100
52900,400,3000,"bu","13:59:12",751300
52900,400,3800,"bu","13:59:11",748300
52900,400,500,"bu","13:59:04",744500
52900,400,200,"bu","13:58:59",744000
52900,400,200,"bu","13:58:59",743800
52800,300,800,"bu","13:58:51",743600
52800,300,1000,"bu","13:58:48",742800
52800,300,1000,"bu","13:58:40",741800
52700,200,100,"bu","13:58:34",740800
52700,200,300,"bu","13:58:34",740700
52700,200,800,"bu","13:58:34",740400
52700,200,200,"bu","13:58:21",739600
52600,100,2000,"bu","13:58:10",739400
52600,100,400,"bu","13:58:09",737400
52600,100,2000,"bu","13:58:07",737000
52600,100,100,"bu","13:58:02",735000
52600,100,1000,"bu","13:58:00",734900
52600,100,1000,"bu","13:58:00",733900
52600,100,100,"bu","13:57:58",732900
52600,100,200,"bu","13:57:58",732800
52600,100,1900,"bu","13:57:54",732600
52600,100,200,"bu","13:57:43",730700
52500,0,1100,"bu","13:57:40",730500
52500,0,3900,"bu","13:57:38",729400
52500,0,1100,"bu","13:57:38",725500
52500,0,500,"bu","13:57:32",724400
52500,0,400,"bu","13:57:30",723900
52500,0,100,"bu","13:57:30",723500
52500,0,200,"bu","13:57:20",723400
52500,0,400,"bu","13:57:20",723200
52500,0,4400,"bu","13:57:20",722800
52400,-100,100,"bu","13:57:06",718400
52400,-100,500,"bu","13:56:57",718300
52400,-100,200,"bu","13:56:51",717800
52300,-200,600,"sd","13:56:48",717600
52300,-200,100,"sd","13:56:48",717000
52300,-200,300,"sd","13:56:48",716900
52400,-100,100,"bu","13:56:48",716600
52400,-100,400,"bu","13:56:48",716500
52400,-100,500,"bu","13:56:36",716100
52300,-200,300,"sd","13:56:35",715600
52400,-100,200,"bu","13:56:24",715300
52400,-100,100,"sd","13:56:03",715100
52400,-100,500,"sd","13:56:03",715000
52400,-100,1000,"sd","13:56:03",714500
52400,-100,500,"sd","13:56:03",713500
52400,-100,300,"sd","13:56:03",713000
52400,-100,1000,"sd","13:56:03",712700
52500,0,500,"sd","13:55:35",711700
52500,0,200,"sd","13:55:35",711200
52500,0,500,"sd","13:55:35",711000
52500,0,4400,"sd","13:55:35",710500
52500,0,600,"sd","13:55:17",706100
52500,0,900,"sd","13:55:17",705500
52600,100,2000,"bu","13:55:15",704600
52500,0,100,"sd","13:55:13",702600
52500,0,200,"sd","13:55:13",702500
52500,0,100,"sd","13:55:13",702300
52500,0,100,"sd","13:55:11",702200
52500,0,100,"sd","13:55:11",702100
52500,0,200,"sd","13:55:03",702000
52500,0,1000,"sd","13:55:02",701800
52600,100,300,"sd","13:54:48",700800
52600,100,400,"sd","13:54:48",700500
52600,100,200,"sd","13:54:48",700100
52600,100,1000,"sd","13:54:48",699900
52600,100,6000,"sd","13:54:48",698900
52600,100,100,"sd","13:54:48",692900
52600,100,3000,"sd","13:54:48",692800
52600,100,1300,"sd","13:54:48",689800
52600,100,700,"sd","13:54:43",688500
52600,100,100,"sd","13:54:43",687800
52600,100,1000,"sd","13:54:43",687700
52700,200,100,"bu","13:54:33",686700
52700,200,500,"sd","13:54:03",686600
52700,200,200,"sd","13:53:53",686100
52700,200,1800,"sd","13:53:53",685900
52700,200,1000,"sd","13:53:53",684100
52700,200,200,"sd","13:53:41",683100
52700,200,1000,"sd","13:53:41",682900
52700,200,100,"sd","13:53:41",681900
52700,200,1200,"sd","13:53:41",681800
52700,200,300,"sd","13:53:40",680600
52800,300,1000,"sd","13:53:27",680300
52800,300,100,"sd","13:53:27",679300
52800,300,200,"sd","13:53:27",679200
52800,300,100,"sd","13:53:27",679000
52800,300,200,"sd","13:53:27",678900
52800,300,2000,"sd","13:53:27",678700
52800,300,100,"sd","13:53:27",676700
52800,300,900,"sd","13:53:27",676600
52800,300,1100,"sd","13:53:25",675700
52800,300,100,"sd","13:53:21",674600
52800,300,2200,"sd","13:53:21",674500
52800,300,100,"sd","13:53:19",672300
52800,300,2000,"sd","13:52:53",672200
52800,300,500,"sd","13:52:22",670200
52800,300,100,"sd","13:52:10",669700
52900,400,1000,"bu","13:51:21",669600
52900,400,100,"bu","13:51:08",668600
52900,400,200,"bu","13:51:08",668500
52900,400,100,"bu","13:51:08",668300
52900,400,100,"sd","13:50:01",668200
52900,400,900,"sd","13:50:01",668100
52900,400,1800,"sd","13:50:00",667200
52900,400,100,"sd","13:50:00",665400
52900,400,100,"sd","13:50:00",665300
52900,400,900,"sd","13:48:38",665200
52900,400,400,"sd","13:48:38",664300
52900,400,200,"sd","13:47:29",663900
53000,500,500,"sd","13:47:07",663700
53000,500,2100,"sd","13:47:07",663200
53100,600,1000,"bu","13:44:38",661100
53000,500,2400,"sd","13:44:11",660100
53000,500,100,"bu","13:44:10",657700
53000,500,400,"bu","13:44:10",657600
52900,400,100,"sd","13:43:29",657200
52900,400,700,"sd","13:42:45",657100
52900,400,800,"sd","13:42:26",656400
52900,400,1000,"sd","13:41:58",655600
52900,400,6800,"sd","13:40:24",654600
53000,500,1000,"sd","13:40:24",647800
53000,500,100,"sd","13:40:24",646800
53000,500,100,"sd","13:40:24",646700
53000,500,200,"sd","13:40:01",646600
53000,500,700,"bu","13:39:42",646400
53000,500,1000,"sd","13:39:22",645700
53000,500,400,"sd","13:39:22",644700
53000,500,100,"sd","13:39:22",644300
53000,500,200,"sd","13:39:05",644200
53000,500,100,"sd","13:38:40",644000
53000,500,100,"sd","13:38:40",643900
53100,600,1000,"sd","13:37:53",643800
53100,600,4000,"sd","13:37:49",642800
53100,600,1000,"sd","13:37:49",638800
53200,700,500,"sd","13:37:18",637800
53200,700,500,"sd","13:37:18",637300
53200,700,7000,"sd","13:37:18",636800
53200,700,7000,"sd","13:36:52",629800
53200,700,2000,"sd","13:36:52",622800
53400,900,200,"bu","13:36:17",620800
53400,900,200,"bu","13:36:17",620600
53400,900,100,"bu","13:36:17",620400
53300,800,200,"sd","13:36:15",620300
53300,800,2300,"sd","13:35:50",620100
53300,800,200,"sd","13:35:31",617800
53300,800,200,"bu","13:35:24",617600
53300,800,1000,"bu","13:35:24",617400
53300,800,100,"bu","13:35:24",616400
53300,800,100,"bu","13:35:24",616300
53300,800,900,"bu","13:35:24",616200
53300,800,300,"bu","13:32:49",615300
53300,800,500,"bu","13:32:26",615000
53300,800,1300,"bu","13:31:54",614500
53300,800,700,"bu","13:31:17",613200
53300,800,200,"bu","13:30:18",612500
53300,800,300,"bu","13:30:17",612300
53200,700,2600,"sd","13:30:13",612000
53200,700,600,"sd","13:30:11",609400
53300,800,800,"sd","13:29:57",608800
53300,800,1000,"sd","13:29:55",608000
53300,800,100,"sd","13:29:47",607000
53300,800,300,"bu","13:28:59",606900
53300,800,400,"bu","13:28:59",606600
53300,800,2400,"bu","13:28:59",606200
53200,700,1000,"sd","13:28:08",603800
53300,800,2000,"bu","13:28:03",602800
53300,800,2000,"bu","13:27:53",600800
53300,800,100,"bu","13:27:39",598800
53300,800,10000,"bu","13:27:23",598700
53300,800,200,"bu","13:27:06",588700
53300,800,500,"bu","13:26:56",588500
53300,800,500,"bu","13:26:46",588000
53200,700,500,"sd","13:26:44",587500
53300,800,2300,"bu","13:26:41",587000
53300,800,300,"bu","13:26:41",584700
53300,800,12400,"bu","13:26:41",584400
53300,800,100,"bu","13:26:38",572000
53300,800,100,"bu","13:26:15",571900
53300,800,2000,"bu","13:25:30",571800
53300,800,10100,"bu","13:22:15",569800
53300,800,300,"bu","13:22:08",559700
53300,800,2000,"sd","13:22:02",559400
53300,800,500,"sd","13:22:02",557400
53300,800,2500,"sd","13:22:02",556900
53300,800,100,"sd","13:20:36",554400
53300,800,500,"bu","13:20:05",554300
53300,800,500,"bu","13:20:05",553800
53300,800,6400,"bu","13:20:05",553300
53200,700,500,"sd","13:19:52",546900
53200,700,500,"sd","13:19:48",546400
53300,800,3600,"sd","13:19:39",545900
53300,800,200,"bu","13:19:25",542300
53300,800,500,"bu","13:19:25",542100
53300,800,100,"bu","13:19:25",541600
53300,800,100,"bu","13:19:25",541500
53300,800,500,"bu","13:19:25",541400
53300,800,500,"bu","13:17:50",540900
53300,800,4500,"bu","13:17:50",540400
53300,800,2000,"bu","13:17:13",535900
53300,800,3000,"bu","13:16:14",533900
53300,800,200,"bu","13:15:59",530900
53300,800,100,"bu","13:15:44",530700
53300,800,100,"sd","13:15:39",530600
53300,800,100,"sd","13:15:39",530500
53400,900,300,"bu","13:15:35",530400
53400,900,200,"bu","13:15:35",530100
53300,800,500,"bu","13:15:12",529900
53300,800,200,"sd","13:14:01",529400
53300,800,300,"sd","13:14:01",529200
53300,800,500,"sd","13:13:41",528900
53300,800,100,"sd","13:13:38",528400
53300,800,100,"bu","13:13:37",528300
53300,800,900,"bu","13:13:33",528200
53300,800,100,"bu","13:13:33",527300
53300,800,2000,"bu","13:13:33",527200
53300,800,200,"bu","13:12:56",525200
53200,700,500,"sd","13:12:48",525000
53200,700,1000,"sd","13:12:34",524500
53200,700,100,"sd","13:12:13",523500
53200,700,500,"sd","13:11:51",523400
53200,700,4000,"sd","13:11:45",522900
53200,700,500,"sd","13:11:28",518900
53200,700,5000,"sd","13:11:27",518400
53200,700,200,"sd","13:10:52",513400
53300,800,200,"sd","13:10:24",513200
53300,800,100,"sd","13:10:24",513000
53300,800,300,"sd","13:10:19",512900
53300,800,2500,"sd","13:10:04",512600
53300,800,3000,"sd","13:09:56",510100
53300,800,1000,"sd","13:09:24",507100
53300,800,800,"sd","13:08:55",506100
53300,800,100,"sd","13:08:50",505300
53300,800,1000,"sd","13:08:39",505200
53300,800,300,"sd","13:08:16",504200
53300,800,100,"sd","13:06:49",503900
53300,800,100,"sd","13:06:43",503800
53300,800,800,"sd","13:06:38",503700
53300,800,500,"sd","13:06:38",502900
53300,800,500,"sd","13:06:36",502400
53300,800,500,"sd","13:06:36",501900
53300,800,1000,"sd","13:05:50",501400
53300,800,200,"sd","13:05:42",500400
53300,800,800,"sd","13:05:40",500200
53300,800,200,"sd","13:05:40",499400
53300,800,500,"sd","13:05:40",499200
53400,900,10000,"sd","13:05:40",498700
53400,900,100,"sd","13:05:40",488700
53400,900,3400,"sd","13:05:40",488600
53500,1000,100,"bu","13:04:51",485200
53500,1000,1200,"sd","13:04:42",485100
53500,1000,900,"bu","13:04:41",483900
53500,1000,100,"bu","13:04:41",483000
53500,1000,1000,"bu","13:04:41",482900
53500,1000,1800,"bu","13:04:41",481900
53500,1000,200,"sd","13:04:29",480100
53500,1000,500,"sd","13:04:19",479900
53500,1000,100,"sd","13:04:18",479400
53500,1000,1300,"sd","13:04:11",479300
53500,1000,500,"sd","13:04:01",478000
53500,1000,500,"sd","13:04:01",477500
53500,1000,100,"sd","13:03:56",477000
53500,1000,500,"sd","13:03:45",476900
53500,1000,1000,"sd","13:03:29",476400
53500,1000,100,"sd","13:03:09",475400
53500,1000,100,"sd","13:03:09",475300
53600,1100,400,"bu","13:02:36",475200
53500,1000,700,"sd","13:02:34",474800
53600,1100,400,"bu","13:02:20",474100
53600,1100,100,"bu","13:02:20",473700
53500,1000,1000,"sd","13:02:01",473600
53500,1000,100,"sd","13:01:41",472600
53500,1000,1000,"sd","13:01:38",472500
53500,1000,1000,"bu","13:01:35",471500
53500,1000,200,"bu","13:01:35",470500
53500,1000,500,"bu","13:01:35",470300
53500,1000,600,"bu","13:01:35",469800
53500,1000,400,"bu","13:01:31",469200
53500,1000,100,"bu","13:01:31",468800
53400,900,100,"sd","13:00:33",468700
53400,900,100,"sd","13:00:12",468600
53500,1000,100,"sd","13:00:11",468500
53500,1000,2800,"sd","13:00:11",468400
53500,1000,100,"sd","13:00:08",465600
53500,1000,100,"sd","13:00:07",465500
53500,1000,1000,"sd","13:00:06",465400
53500,1000,1000,"sd","13:00:06",464400
53500,1000,100,"sd","13:00:05",463400
53500,1000,500,"sd","13:00:04",463300
53500,1000,100,"sd","13:00:04",462800
53500,1000,500,"sd","13:00:04",462700
53500,1000,4900,"sd","13:00:03",462200
53400,900,1800,"sd","13:00:03",457300
53500,1000,100,"sd","13:00:03",455500
53500,1000,100,"sd","13:00:03",455400
53500,1000,600,"sd","13:00:03",455300
53500,1000,400,"sd","13:00:02",454700
53500,1000,100,"sd","13:00:02",454300
53500,1000,100,"sd","13:00:02",454200
53500,1000,1000,"bu","13:00:02",454100
53500,1000,500,"bu","13:00:01",453100
53500,1000,1000,"bu","13:00:01",452600
53500,1000,1000,"bu","13:00:01",451600
53500,1000,200,"bu","13:00:01",450600
53500,1000,500,"bu","13:00:01",450400
53500,1000,100,"bu","13:00:01",449900
53500,1000,100,"bu","13:00:01",449800
53400,900,1000,"sd","13:00:01",449700
53500,1000,500,"bu","13:00:01",448700
53500,1000,300,"bu","13:00:01",448200
53500,1000,300,"bu","13:00:01",447900
53500,1000,500,"bu","13:00:00",447600
53500,1000,1000,"bu","13:00:00",447100
53400,900,2200,"sd","11:29:54",446100
53500,1000,100,"bu","11:29:09",443900
53500,1000,1000,"bu","11:28:43",443800
53500,1000,300,"bu","11:28:43",442800
53500,1000,1000,"bu","11:28:43",442500
53500,1000,200,"bu","11:28:43",441500
53500,1000,1000,"bu","11:28:43",441300
53500,1000,200,"bu","11:28:43",440300
53500,1000,1000,"bu","11:28:43",440100
53500,1000,200,"bu","11:28:43",439100
53500,1000,1000,"bu","11:28:43",438900
53500,1000,100,"bu","11:28:43",437900
53500,1000,2000,"bu","11:28:43",437800
53400,900,400,"sd","11:28:40",435800
53400,900,500,"sd","11:28:23",435400
53400,900,200,"sd","11:27:38",434900
53400,900,200,"sd","11:27:28",434700
53400,900,2000,"sd","11:27:28",434500
53400,900,1300,"sd","11:27:28",432500
53400,900,500,"sd","11:27:28",431200
53400,900,2200,"sd","11:27:28",430700
53400,900,1800,"bu","11:27:28",428500
53400,900,100,"bu","11:27:27",426700
53400,900,100,"bu","11:27:27",426600
53400,900,500,"bu","11:27:25",426500
53400,900,500,"bu","11:27:23",426000
53400,900,800,"bu","11:27:23",425500
53400,900,200,"bu","11:27:23",424700
53400,900,500,"bu","11:27:23",424500
53400,900,3000,"bu","11:27:23",424000
53400,900,800,"bu","11:27:23",421000
53400,900,400,"bu","11:27:21",420200
53400,900,100,"bu","11:27:14",419800
53400,900,700,"bu","11:26:49",419700
53400,900,100,"bu","11:26:49",419000
53400,900,1000,"bu","11:26:49",418900
53400,900,100,"bu","11:26:49",417900
53400,900,100,"bu","11:26:49",417800
53300,800,100,"sd","11:26:19",417700
53300,800,100,"bu","11:26:14",417600
53300,800,100,"bu","11:26:14",417500
53300,800,100,"bu","11:26:10",417400
53300,800,200,"bu","11:26:10",417300
53300,800,1700,"bu","11:26:10",417100
53300,800,200,"bu","11:25:26",415400
53300,800,100,"bu","11:25:01",415200
53300,800,100,"bu","11:24:08",415100
53300,800,100,"bu","11:23:27",415000
53300,800,200,"sd","11:22:24",414900
53300,800,500,"sd","11:22:05",414700
53300,800,1000,"sd","11:21:54",414200
53300,800,200,"sd","11:21:36",413200
53300,800,300,"sd","11:21:26",413000
53300,800,200,"sd","11:20:09",412700
53300,800,500,"sd","11:20:05",412500
53300,800,300,"sd","11:19:51",412000
53300,800,100,"unknown","11:19:02",411700
53300,800,100,"unknown","11:19:02",411600
53300,800,3000,"unknown","11:19:02",411500
53300,800,200,"unknown","11:19:02",408500
53300,800,200,"unknown","11:19:02",408300
53300,800,1000,"unknown","11:19:02",408100
53300,800,100,"unknown","11:19:02",407100
53300,800,100,"unknown","11:19:02",407000
53200,700,1000,"sd","11:17:44",406900
53200,700,1400,"bu","11:16:20",405900
53200,700,100,"bu","11:16:20",404500
53200,700,100,"bu","11:16:20",404400
53200,700,200,"bu","11:16:20",404300
53200,700,300,"bu","11:16:20",404100
53200,700,200,"bu","11:16:20",403800
53200,700,100,"bu","11:16:20",403600
53200,700,900,"bu","11:16:20",403500
53200,700,900,"bu","11:16:20",402600
53100,600,100,"bu","11:16:20",401700
53100,600,100,"bu","11:16:20",401600
53100,600,300,"bu","11:16:20",401500
53000,500,100,"bu","11:16:01",401200
53000,500,100,"bu","11:16:01",401100
53000,500,400,"bu","11:16:01",401000
53000,500,100,"bu","11:16:01",400600
53000,500,100,"bu","11:14:58",400500
53000,500,100,"bu","11:14:33",400400
52900,400,100,"sd","11:13:44",400300
52900,400,100,"sd","11:13:15",400200
52900,400,100,"sd","11:13:15",400100
52900,400,100,"sd","11:12:29",400000
52800,300,100,"sd","11:11:33",399900
52800,300,400,"unknown","11:07:59",399800
52800,300,500,"bu","11:07:37",399400
52800,300,200,"bu","11:07:33",398900
52800,300,500,"bu","11:07:09",398700
52800,300,700,"bu","11:07:03",398200
52700,200,100,"sd","11:06:32",397500
52700,200,300,"sd","11:05:11",397400
52700,200,100,"sd","11:04:57",397100
52800,300,1000,"sd","11:04:24",397000
52800,300,1700,"sd","11:04:24",396000
52900,400,100,"unknown","11:03:13",394300
52900,400,500,"sd","11:01:09",394200
52900,400,100,"sd","11:00:51",393700
52900,400,100,"sd","11:00:20",393600
52900,400,100,"sd","11:00:20",393500
52900,400,2800,"sd","11:00:20",393400
52900,400,700,"sd","10:57:17",390600
52900,400,1500,"sd","10:54:55",389900
52900,400,100,"sd","10:54:55",388400
52900,400,100,"sd","10:54:55",388300
52900,400,300,"sd","10:54:55",388200
52900,400,200,"sd","10:52:50",387900
52900,400,100,"sd","10:50:30",387700
52900,400,2000,"sd","10:49:19",387600
52900,400,500,"sd","10:49:17",385600
52800,300,300,"sd","10:45:48",385100
52800,300,1000,"sd","10:45:48",384800
52800,300,500,"sd","10:45:48",383800
52800,300,1100,"sd","10:45:48",383300
52900,400,100,"sd","10:45:48",382200
52900,400,1000,"sd","10:45:48",382100
52900,400,100,"sd","10:45:48",381100
53000,500,100,"bu","10:45:04",381000
53000,500,2000,"sd","10:44:19",380900
53000,500,300,"sd","10:44:19",378900
53000,500,2500,"sd","10:44:19",378600
53000,500,500,"sd","10:44:19",376100
53000,500,500,"sd","10:44:19",375600
53000,500,600,"sd","10:43:16",375100
53000,500,200,"sd","10:43:16",374500
53000,500,300,"sd","10:43:16",374300
53000,500,4000,"sd","10:43:16",374000
53000,500,1000,"sd","10:43:16",370000
53000,500,900,"sd","10:43:16",369000
53000,500,100,"sd","10:43:16",368100
53000,500,1000,"sd","10:43:16",368000
53000,500,1000,"sd","10:43:16",367000
53000,500,200,"sd","10:43:16",366000
53000,500,100,"sd","10:43:16",365800
53000,500,600,"sd","10:43:16",365700
53000,500,5000,"sd","10:42:49",365100
53100,600,200,"sd","10:41:38",360100
53100,600,2000,"sd","10:41:14",359900
53100,600,200,"bu","10:41:06",357900
53100,600,17600,"bu","10:41:06",357700
53000,500,1100,"sd","10:40:35",340100
53000,500,1000,"sd","10:40:29",339000
53000,500,100,"sd","10:40:26",338000
53000,500,2000,"sd","10:39:10",337900
53000,500,200,"sd","10:36:41",335900
53000,500,800,"sd","10:36:41",335700
53100,600,100,"bu","10:36:13",334900
53100,600,100,"bu","10:35:47",334800
53100,600,200,"bu","10:35:38",334700
53100,600,100,"bu","10:35:15",334500
53100,600,1000,"bu","10:34:57",334400
53100,600,500,"bu","10:34:36",333400
53100,600,400,"sd","10:34:34",332900
53100,600,2000,"bu","10:32:37",332500
53100,600,3000,"bu","10:32:09",330500
53100,600,2000,"bu","10:32:09",327500
53100,600,3000,"bu","10:31:10",325500
53000,500,500,"sd","10:30:56",322500
53000,500,1300,"sd","10:30:56",322000
53200,700,100,"bu","10:25:35",320700
53000,500,500,"sd","10:25:13",320600
53000,500,200,"sd","10:25:12",320100
53000,500,100,"sd","10:25:12",319900
53000,500,100,"sd","10:25:12",319800
53000,500,100,"sd","10:24:50",319700
53100,600,100,"sd","10:23:38",319600
53100,600,400,"bu","10:23:29",319500
53100,600,100,"sd","10:23:10",319100
53100,600,500,"sd","10:23:10",319000
53100,600,1100,"sd","10:23:10",318500
53100,600,100,"sd","10:23:10",317400
53100,600,2800,"sd","10:23:10",317300
53100,600,100,"sd","10:22:55",314500
53100,600,3900,"sd","10:22:38",314400
53100,600,4000,"sd","10:22:35",310500
53100,600,200,"sd","10:21:52",306500
53100,600,1000,"sd","10:21:17",306300
53100,600,1500,"sd","10:20:10",305300
53100,600,3000,"sd","10:20:06",303800
53100,600,100,"sd","10:19:35",300800
53100,600,1000,"sd","10:19:28",300700
53100,600,100,"sd","10:19:14",299700
53100,600,1000,"sd","10:19:08",299600
53200,700,100,"bu","10:18:14",298600
53200,700,100,"bu","10:18:14",298500
53100,600,1000,"sd","10:18:03",298400
53200,700,100,"bu","10:17:58",297400
53200,700,500,"bu","10:17:17",297300
53200,700,200,"bu","10:16:18",296800
53100,600,300,"sd","10:14:13",296600
53100,600,400,"sd","10:14:13",296300
53200,700,300,"unknown","10:14:13",295900
53200,700,100,"bu","10:13:24",295600
53200,700,500,"bu","10:13:24",295500
53200,700,100,"bu","10:13:24",295000
53100,600,100,"sd","10:12:36",294900
53100,600,500,"sd","10:12:18",294800
53100,600,100,"sd","10:11:37",294300
53200,700,500,"sd","10:11:31",294200
53200,700,1000,"sd","10:11:31",293700
53200,700,500,"sd","10:11:31",292700
53200,700,500,"sd","10:10:05",292200
53200,700,100,"bu","10:08:51",291700
53200,700,200,"sd","10:08:26",291600
53200,700,700,"sd","10:08:21",291400
53200,700,100,"sd","10:07:27",290700
53200,700,900,"sd","10:07:27",290600
53200,700,100,"sd","10:07:19",289700
53300,800,800,"sd","10:07:19",289600
53300,800,200,"sd","10:07:19",288800
53300,800,1000,"sd","10:06:50",288600
53400,900,100,"bu","10:06:28",287600
53400,900,100,"bu","10:06:28",287500
53300,800,800,"sd","10:05:35",287400
53300,800,1200,"sd","10:05:35",286600
53300,800,700,"sd","10:05:32",285400
53300,800,100,"sd","10:04:16",284700
53300,800,200,"sd","10:04:03",284600
53300,800,300,"sd","10:02:44",284400
53300,800,500,"sd","10:02:43",284100
53400,900,100,"sd","10:01:54",283600
53500,1000,500,"bu","10:01:51",283500
53500,1000,100,"bu","10:01:51",283000
53500,1000,400,"bu","10:01:51",282900
53500,1000,600,"sd","10:01:29",282500
53500,1000,200,"bu","10:01:16",281900
53500,1000,1000,"bu","10:01:16",281700
53500,1000,500,"bu","10:01:16",280700
53500,1000,100,"bu","10:01:16",280200
53500,1000,100,"bu","10:01:16",280100
53500,1000,100,"bu","10:01:16",280000
53500,1000,100,"bu","10:01:16",279900
53500,1000,100,"bu","10:01:16",279800
53500,1000,200,"bu","10:01:16",279700
53500,1000,100,"bu","10:01:16",279500
53500,1000,100,"bu","10:01:16",279400
53500,1000,200,"bu","10:01:16",279300
53500,1000,2000,"bu","10:01:16",279100
53500,1000,200,"bu","10:01:16",277100
53500,1000,500,"bu","10:01:16",276900
53500,1000,1000,"bu","10:01:16",276400
53500,1000,500,"bu","10:01:16",275400
53500,1000,1000,"bu","10:01:16",274900
53500,1000,100,"bu","10:01:16",273900
53500,1000,100,"bu","10:01:16",273800
53500,1000,500,"bu","10:01:16",273700
53500,1000,6400,"bu","10:01:16",273200
53500,1000,500,"bu","10:01:16",266800
53500,1000,900,"bu","10:01:16",266300
53400,900,200,"bu","10:00:11",265400
53500,1000,1100,"bu","09:59:45",265200
53500,1000,100,"bu","09:59:45",264100
53500,1000,100,"bu","09:59:45",264000
53400,900,200,"bu","09:59:45",263900
53400,900,1000,"bu","09:59:45",263700
53400,900,200,"bu","09:59:45",262700
53400,900,300,"bu","09:59:45",262500
53400,900,400,"bu","09:59:45",262200
53400,900,500,"bu","09:59:45",261800
53400,900,600,"bu","09:59:45",261300
53400,900,200,"bu","09:58:51",260700
53400,900,200,"bu","09:58:36",260500
53400,900,200,"bu","09:58:36",260300
53400,900,100,"bu","09:58:36",260100
53400,900,900,"bu","09:58:36",260000
53300,800,100,"sd","09:58:29",259100
53400,900,100,"bu","09:58:18",259000
53300,800,100,"bu","09:57:25",258900
53300,800,200,"bu","09:57:25",258800
53300,800,500,"bu","09:57:25",258600
53300,800,100,"bu","09:57:25",258100
53300,800,1000,"bu","09:57:25",258000
53300,800,100,"bu","09:57:19",257000
53300,800,400,"bu","09:57:19",256900
53300,800,100,"bu","09:56:05",256500
53200,700,1000,"sd","09:55:55",256400
53200,700,200,"sd","09:55:45",255400
53200,700,5000,"bu","09:55:12",255200
53200,700,2000,"bu","09:55:12",250200
53200,700,700,"bu","09:55:12",248200
53100,600,100,"bu","09:54:59",247500
53100,600,900,"bu","09:54:59",247400
53000,500,100,"sd","09:54:38",246500
53000,500,500,"sd","09:54:38",246400
53000,500,1200,"sd","09:54:38",245900
53000,500,200,"sd","09:54:11",244700
53100,600,100,"bu","09:54:00",244500
53000,500,500,"sd","09:53:57",244400
53000,500,200,"sd","09:53:31",243900
53000,500,200,"sd","09:53:31",243700
53000,500,800,"sd","09:52:30",243500
53000,500,200,"sd","09:52:30",242700
53200,700,4300,"sd","09:51:34",242500
53200,700,300,"sd","09:51:17",238200
53200,700,400,"sd","09:51:09",237900
53200,700,100,"sd","09:51:09",237500
53200,700,200,"sd","09:50:52",237400
53200,700,100,"sd","09:50:24",237200
53200,700,100,"sd","09:49:59",237100
53200,700,500,"sd","09:49:49",237000
53200,700,100,"sd","09:49:48",236500
53200,700,400,"sd","09:49:48",236400
53200,700,1500,"sd","09:49:48",236000
53200,700,200,"sd","09:49:13",234500
53200,700,800,"sd","09:49:10",234300
53200,700,2000,"sd","09:49:02",233500
53200,700,4300,"sd","09:49:00",231500
53200,700,100,"sd","09:48:55",227200
53200,700,300,"sd","09:48:51",227100
53200,700,800,"sd","09:47:58",226800
53200,700,200,"sd","09:47:58",226000
53200,700,1900,"sd","09:47:41",225800
53200,700,6000,"sd","09:47:05",223900
53300,800,700,"bu","09:47:01",217900
53300,800,200,"bu","09:47:01",217200
53300,800,500,"bu","09:47:01",217000
53300,800,3000,"bu","09:47:01",216500
53300,800,600,"bu","09:47:01",213500
53200,700,700,"sd","09:46:51",212900
53300,800,300,"sd","09:45:34",212200
53300,800,100,"sd","09:45:34",211900
53300,800,1000,"sd","09:45:34",211800
53300,800,1000,"sd","09:45:34",210800
53300,800,1000,"sd","09:45:25",209800
53400,900,800,"bu","09:45:17",208800
53400,900,1200,"bu","09:45:17",208000
53300,800,500,"sd","09:45:12",206800
53300,800,200,"sd","09:45:06",206300
53300,800,300,"sd","09:45:03",206100
53300,800,500,"sd","09:44:19",205800
53400,900,300,"bu","09:44:09",205300
53300,800,100,"sd","09:44:07",205000
53300,800,1000,"sd","09:43:59",204900
53300,800,100,"sd","09:43:39",203900
53300,800,5300,"sd","09:43:24",203800
53400,900,600,"bu","09:43:08",198500
53400,900,300,"bu","09:43:08",197900
53400,900,500,"bu","09:42:36",197600
53400,900,1200,"sd","09:42:34",197100
53400,900,100,"sd","09:42:28",195900
53400,900,300,"sd","09:42:25",195800
53400,900,200,"sd","09:42:25",195500
53400,900,300,"sd","09:42:12",195300
53400,900,100,"sd","09:42:12",195000
53400,900,100,"sd","09:42:12",194900
53400,900,200,"sd","09:42:11",194800
53400,900,200,"sd","09:42:00",194600
53400,900,200,"sd","09:41:56",194400
53400,900,1000,"sd","09:41:53",194200
53400,900,200,"sd","09:41:40",193200
53400,900,200,"sd","09:41:33",193000
53400,900,1600,"sd","09:41:21",192800
53400,900,100,"sd","09:41:21",191200
53400,900,500,"sd","09:41:21",191100
53400,900,800,"sd","09:41:20",190600
53400,900,2000,"sd","09:41:05",189800
53400,900,300,"sd","09:40:32",187800
53500,1000,400,"bu","09:40:13",187500
53500,1000,200,"bu","09:40:13",187100
53500,1000,400,"bu","09:40:13",186900
53400,900,200,"sd","09:40:12",186500
53500,1000,100,"bu","09:40:08",186300
53500,1000,500,"bu","09:39:48",186200
53500,1000,100,"sd","09:39:30",185700
53500,1000,900,"sd","09:39:30",185600
53500,1000,500,"sd","09:39:28",184700
53500,1000,100,"sd","09:39:28",184200
53500,1000,400,"sd","09:39:28",184100
53500,1000,1000,"sd","09:39:27",183700
53500,1000,500,"sd","09:39:25",182700
53500,1000,300,"sd","09:39:19",182200
53500,1000,400,"sd","09:39:04",181900
53500,1000,400,"bu","09:39:00",181500
53400,900,500,"sd","09:38:43",181100
53500,1000,200,"sd","09:38:25",180600
53500,1000,100,"bu","09:38:22",180400
53500,1000,500,"bu","09:38:22",180300
53500,1000,1000,"bu","09:38:22",179800
53500,1000,100,"bu","09:38:22",178800
53500,1000,100,"bu","09:38:22",178700
53500,1000,100,"bu","09:38:03",178600
53500,1000,400,"bu","09:37:49",178500
53500,1000,100,"bu","09:37:49",178100
53500,1000,100,"bu","09:37:49",178000
53500,1000,400,"bu","09:37:49",177900
53500,1000,100,"bu","09:37:45",177500
53500,1000,4500,"bu","09:37:20",177400
53500,1000,500,"bu","09:37:20",172900
53500,1000,200,"bu","09:36:51",172400
53500,1000,2000,"bu","09:36:50",172200
53500,1000,100,"bu","09:36:43",170200
53300,800,300,"sd","09:36:35",170100
53600,1100,600,"bu","09:36:24",169800
53500,1000,2400,"bu","09:36:24",169200
53500,1000,4000,"bu","09:36:20",166800
53500,1000,13600,"bu","09:36:19",162800
53500,1000,100,"bu","09:36:19",149200
53500,1000,1000,"bu","09:36:19",149100
53500,1000,2000,"bu","09:36:19",148100
53500,1000,300,"bu","09:36:19",146100
53500,1000,1000,"bu","09:36:19",145800
53500,1000,100,"bu","09:36:19",144800
53500,1000,300,"bu","09:36:19",144700
53500,1000,700,"bu","09:36:19",144400
53500,1000,100,"bu","09:36:19",143700
53500,1000,2000,"bu","09:36:19",143600
53500,1000,100,"bu","09:36:19",141600
53500,1000,100,"bu","09:36:19",141500
53500,1000,500,"bu","09:36:19",141400
53500,1000,100,"bu","09:36:19",140900
53500,1000,100,"bu","09:36:19",140800
53400,900,7500,"bu","09:36:19",140700
53400,900,1000,"bu","09:36:11",133200
53300,800,300,"sd","09:36:09",132200
53300,800,100,"sd","09:36:09",131900
53400,900,500,"sd","09:35:58",131800
53400,900,200,"sd","09:35:58",131300
53400,900,800,"sd","09:35:58",131100
53500,1000,1000,"bu","09:35:56",130300
53500,1000,1000,"bu","09:35:42",129300
53500,1000,300,"bu","09:35:40",128300
53500,1000,1000,"bu","09:35:36",128000
53500,1000,600,"bu","09:35:30",127000
53500,1000,600,"bu","09:35:26",126400
53500,1000,1400,"bu","09:35:22",125800
53500,1000,100,"bu","09:35:22",124400
53500,1000,3500,"bu","09:35:22",124300
53500,1000,4500,"bu","09:35:17",120800
53500,1000,100,"bu","09:35:17",116300
53500,1000,100,"bu","09:35:17",116200
53400,900,200,"bu","09:35:17",116100
53400,900,100,"bu","09:35:17",115900
53400,900,400,"bu","09:35:14",115800
53400,900,100,"bu","09:35:06",115400
53400,900,500,"bu","09:35:06",115300
53400,900,100,"bu","09:35:06",114800
53300,800,100,"bu","09:35:06",114700
53300,800,1300,"bu","09:35:06",114600
53200,700,100,"bu","09:34:54",113300
53200,700,100,"bu","09:34:54",113200
53200,700,200,"bu","09:34:54",113100
53200,700,100,"bu","09:34:54",112900
53200,700,500,"bu","09:34:54",112800
53200,700,200,"bu","09:34:54",112300
53200,700,100,"bu","09:34:51",112100
53200,700,200,"bu","09:34:51",112000
53200,700,100,"bu","09:34:51",111800
53200,700,600,"bu","09:34:51",111700
53200,700,100,"bu","09:34:51",111100
53200,700,100,"bu","09:34:41",111000
53200,700,500,"bu","09:34:41",110900
53200,700,49400,"bu","09:34:41",110400
53100,600,500,"sd","09:34:22",61000
53200,700,100,"bu","09:34:01",60500
53100,600,500,"sd","09:33:48",60400
53100,600,400,"bu","09:33:26",59900
53200,700,500,"bu","09:33:00",59500
53100,600,1700,"bu","09:33:00",59000
53100,600,1000,"bu","09:32:59",57300
53100,600,1000,"bu","09:32:54",56300
53100,600,300,"sd","09:32:51",55300
53100,600,700,"sd","09:32:49",55000
53100,600,300,"sd","09:32:49",54300
53100,600,100,"sd","09:32:37",54000
53100,600,100,"sd","09:32:30",53900
53100,600,1000,"sd","09:32:03",53800
53100,600,100,"sd","09:32:03",52800
53100,600,900,"sd","09:32:03",52700
53100,600,1000,"sd","09:31:52",51800
53100,600,1000,"sd","09:31:47",50800
53100,600,700,"sd","09:31:41",49800
53100,600,300,"sd","09:31:38",49100
53100,600,500,"sd","09:31:31",48800
53100,600,200,"sd","09:31:18",48300
53100,600,100,"sd","09:31:15",48100
53100,600,100,"sd","09:30:59",48000
53100,600,100,"sd","09:30:51",47900
53100,600,100,"bu","09:30:48",47800
53100,600,100,"sd","09:30:19",47700
53100,600,100,"bu","09:30:17",47600
53100,600,100,"bu","09:30:07",47500
53100,600,400,"bu","09:30:07",47400
53100,600,100,"bu","09:29:50",47000
53100,600,100,"sd","09:29:38",46900
53100,600,500,"bu","09:29:22",46800
53100,600,100,"bu","09:29:22",46300
53100,600,100,"bu","09:29:22",46200
53100,600,100,"bu","09:29:22",46100
53100,600,100,"bu","09:29:22",46000
53100,600,100,"bu","09:29:22",45900
53000,500,200,"sd","09:29:16",45800
53000,500,1000,"sd","09:29:02",45600
53000,500,200,"sd","09:28:43",44600
53000,500,500,"sd","09:28:43",44400
53000,500,200,"sd","09:28:43",43900
53000,500,100,"sd","09:28:43",43700
53000,500,100,"sd","09:28:43",43600
53000,500,500,"sd","09:28:43",43500
53000,500,5000,"sd","09:28:43",43000
53000,500,1000,"sd","09:28:43",38000
52900,400,100,"sd","09:28:43",37000
52900,400,100,"sd","09:28:43",36900
52900,400,5000,"sd","09:28:43",36800
52900,400,500,"sd","09:28:43",31800
52900,400,400,"sd","09:28:43",31300
52800,300,200,"sd","09:28:43",30900
52800,300,100,"bu","09:28:43",30700
52800,300,100,"bu","09:28:43",30600
52800,300,100,"bu","09:28:43",30500
53000,500,2000,"bu","09:28:43",30400
52800,300,100,"bu","09:28:43",28400
53000,500,400,"bu","09:28:43",28300
52800,300,100,"bu","09:28:43",27900
53000,500,600,"bu","09:28:43",27800
53000,500,500,"bu","09:28:43",27200
53000,500,100,"bu","09:28:43",26600
52800,300,100,"bu","09:28:43",26700
52800,300,500,"bu","09:28:43",26500
52800,300,600,"bu","09:28:43",26000
52700,200,100,"bu","09:27:56",25400
52700,200,2000,"bu","09:27:56",25300
52600,100,500,"sd","09:27:42",23300
52700,200,900,"bu","09:27:36",22800
52700,200,200,"bu","09:27:33",21900
52700,200,5000,"bu","09:27:06",21700
52600,100,200,"sd","09:26:54",16700
52600,100,200,"sd","09:26:28",16500
52700,200,1000,"bu","09:26:14",16300
52700,200,2000,"bu","09:26:02",15300
52700,200,300,"bu","09:25:59",13300
52700,200,100,"bu","09:24:25",13000
52700,200,100,"bu","09:24:14",12900
52600,100,100,"sd","09:24:12",12800
52600,100,2000,"sd","09:24:06",12700
52700,200,500,"bu","09:23:49",10700
52800,300,500,"bu","09:22:37",10200
52800,300,1000,"bu","09:21:39",9700
52800,300,1200,"bu","09:21:27",8700
52800,300,800,"bu","09:21:27",7500
52800,300,100,"bu","09:20:05",6700
52800,300,100,"sd","09:19:42",6600
52800,300,200,"sd","09:19:35",6500
52900,400,600,"bu","09:19:34",6300
52900,400,200,"bu","09:19:34",5700
52900,400,100,"bu","09:19:34",5500
52900,400,100,"bu","09:19:34",5400
52900,400,100,"bu","09:19:31",5300
52900,400,100,"bu","09:17:59",5200
52900,400,300,"bu","09:17:59",5100
52900,400,100,"bu","09:17:59",4800
52900,400,100,"bu","09:17:59",4700
52900,400,400,"bu","09:17:59",4600
52900,400,100,"bu","09:17:53",4200
52900,400,500,"bu","09:17:26",4100
52900,400,200,"bu","09:16:12",3600
52900,400,800,"bu","09:16:12",3400
52800,300,500,"sd","09:16:04",2600
52800,300,200,"sd","09:15:50",2100
52800,300,900,"sd","09:15:10",1900
52800,300,1000,"sd","09:15:02",1000
