"price","change","match_qtty","side","time","total_vol"
20.35,-0.35,9000,"sd","14:45:03",439100
20.35,-0.35,200,"bu","14:29:55",430100
20.35,-0.35,400,"bu","14:29:48",429900
20.35,-0.35,100,"bu","14:29:36",429500
20.35,-0.35,200,"sd","14:28:43",429400
20.3,-0.4,400,"sd","14:28:12",429200
20.3,-0.4,300,"sd","14:28:05",428800
20.3,-0.4,100,"sd","14:28:05",428500
20.3,-0.4,100,"sd","14:28:05",428400
20.3,-0.4,100,"sd","14:27:39",428300
20.35,-0.35,2000,"sd","14:27:39",428200
20.35,-0.35,300,"sd","14:27:39",426200
20.35,-0.35,200,"sd","14:27:39",425900
20.35,-0.35,200,"sd","14:27:39",425700
20.35,-0.35,200,"sd","14:27:39",425500
20.4,-0.3,1000,"bu","14:27:32",425300
20.4,-0.3,600,"bu","14:27:07",424300
20.4,-0.3,400,"sd","14:26:45",423700
20.35,-0.35,600,"sd","14:25:35",423300
20.4,-0.3,400,"sd","14:25:35",422700
20.4,-0.3,500,"bu","14:25:02",422300
20.4,-0.3,100,"bu","14:25:02",421800
20.2,-0.5,200,"sd","14:23:53",421700
20.2,-0.5,400,"sd","14:23:53",421500
20.25,-0.45,200,"unknown","14:23:53",421100
20.25,-0.45,100,"unknown","14:23:53",420900
20.25,-0.45,200,"unknown","14:23:53",420800
20.3,-0.4,200,"unknown","14:23:53",420600
20.3,-0.4,200,"unknown","14:23:53",420400
20.3,-0.4,200,"unknown","14:23:53",420200
20.3,-0.4,300,"unknown","14:23:53",420000
20.4,-0.3,200,"bu","14:23:53",419700
20.35,-0.35,100,"bu","14:23:53",419500
20.3,-0.4,1000,"sd","14:22:31",419400
20.35,-0.35,1000,"sd","14:22:31",418400
20.4,-0.3,700,"bu","14:21:51",417400
20.4,-0.3,300,"bu","14:21:51",416700
20.35,-0.35,200,"bu","14:21:32",416400
20.35,-0.35,1000,"bu","14:21:21",416200
20.35,-0.35,100,"bu","14:21:12",415200
20.35,-0.35,700,"bu","14:20:14",415100
20.2,-0.5,300,"sd","14:18:37",414400
20.2,-0.5,100,"bu","14:18:34",414100
20.2,-0.5,400,"bu","14:18:30",414000
20.2,-0.5,400,"sd","14:18:23",413600
20.2,-0.5,500,"sd","14:18:23",413200
20.2,-0.5,100,"sd","14:18:23",412700
20.2,-0.5,100,"sd","14:18:23",412600
20.2,-0.5,500,"sd","14:18:23",412500
20.2,-0.5,500,"sd","14:18:23",412000
20.25,-0.45,500,"sd","14:18:23",411500
20.25,-0.45,1000,"sd","14:18:23",411000
20.25,-0.45,500,"sd","14:18:23",410000
20.3,-0.4,100,"sd","14:18:23",409500
20.3,-0.4,300,"bu","14:18:22",409400
20.3,-0.4,100,"bu","14:18:22",409100
20.3,-0.4,100,"bu","14:17:40",409000
20.3,-0.4,100,"bu","14:17:01",408900
20.3,-0.4,100,"bu","14:16:55",408800
20.3,-0.4,300,"bu","14:16:15",408700
20.25,-0.45,100,"unknown","14:15:36",408400
20.25,-0.45,500,"bu","14:15:36",408300
20.25,-0.45,100,"bu","14:15:30",407800
20.25,-0.45,200,"bu","14:15:18",407700
20.2,-0.5,300,"sd","14:15:07",407500
20.2,-0.5,200,"bu","14:15:05",407200
20.2,-0.5,400,"bu","14:15:05",407000
20.15,-0.55,400,"sd","14:15:03",406600
20.2,-0.5,2000,"bu","14:15:03",406200
20.2,-0.5,1000,"bu","14:14:58",404200
20.2,-0.5,5000,"bu","14:14:53",403200
20.2,-0.5,1700,"bu","14:14:51",398200
20.2,-0.5,3000,"bu","14:14:47",396500
20.2,-0.5,200,"bu","14:14:44",393500
20.2,-0.5,1000,"bu","14:14:43",393300
20.2,-0.5,200,"bu","14:14:26",392300
20.2,-0.5,2000,"bu","14:13:56",392100
20.2,-0.5,1000,"bu","14:13:11",390100
20.2,-0.5,200,"bu","14:13:08",389100
20.2,-0.5,600,"bu","14:12:38",388900
20.2,-0.5,1700,"bu","14:12:17",388300
20.2,-0.5,1000,"bu","14:12:17",386600
20.2,-0.5,1100,"bu","14:12:17",385600
20.2,-0.5,500,"bu","14:11:58",384500
20.2,-0.5,200,"bu","14:11:49",384000
20.2,-0.5,100,"bu","14:11:47",383800
20.2,-0.5,100,"bu","14:11:44",383700
20.2,-0.5,100,"bu","14:11:42",383600
20.2,-0.5,1000,"bu","14:11:35",383500
20.2,-0.5,1000,"bu","14:11:23",382500
20.2,-0.5,500,"bu","14:11:09",381500
20.2,-0.5,100,"bu","14:11:09",381000
20.2,-0.5,1000,"bu","14:10:56",380900
20.15,-0.55,200,"sd","14:10:55",379900
20.15,-0.55,200,"sd","14:10:55",379700
20.15,-0.55,200,"sd","14:10:54",379500
20.15,-0.55,400,"sd","14:10:54",379300
20.15,-0.55,100,"sd","14:10:26",378900
20.15,-0.55,100,"sd","14:10:26",378800
20.15,-0.55,200,"sd","14:10:07",378700
20.15,-0.55,700,"sd","14:09:39",378500
20.15,-0.55,200,"sd","14:09:39",377800
20.15,-0.55,200,"sd","14:09:39",377600
20.15,-0.55,100,"sd","14:09:39",377400
20.15,-0.55,200,"sd","14:09:39",377300
20.15,-0.55,300,"sd","14:09:29",377100
20.2,-0.5,300,"bu","14:09:25",376800
20.2,-0.5,200,"sd","14:08:26",376500
20.2,-0.5,1000,"sd","14:08:26",376300
20.2,-0.5,500,"sd","14:08:26",375300
20.2,-0.5,200,"sd","14:08:26",374800
20.2,-0.5,100,"sd","14:08:26",374600
20.2,-0.5,100,"sd","14:08:26",374500
20.2,-0.5,1900,"sd","14:08:26",374400
20.2,-0.5,1600,"sd","14:08:26",372500
20.2,-0.5,700,"sd","14:08:25",370900
20.2,-0.5,10000,"sd","14:08:19",370200
20.25,-0.45,1000,"sd","14:08:04",360200
20.25,-0.45,200,"sd","14:08:04",359200
20.25,-0.45,500,"sd","14:08:04",359000
20.25,-0.45,200,"sd","14:08:04",358500
20.25,-0.45,5000,"sd","14:08:04",358300
20.25,-0.45,100,"sd","14:08:04",353300
20.25,-0.45,1900,"sd","14:08:04",353200
20.2,-0.5,15800,"sd","14:08:04",351300
20.2,-0.5,200,"sd","14:08:04",335500
20.2,-0.5,500,"sd","14:08:04",335300
20.25,-0.45,200,"sd","14:08:04",334800
20.25,-0.45,2000,"sd","14:08:04",334600
20.3,-0.4,200,"sd","14:07:55",332600
20.3,-0.4,100,"sd","14:07:55",332400
20.3,-0.4,1000,"sd","14:07:55",332300
20.3,-0.4,200,"sd","14:07:55",331300
20.3,-0.4,100,"sd","14:07:55",331100
20.3,-0.4,500,"sd","14:07:55",331000
20.3,-0.4,100,"sd","14:07:55",330500
20.3,-0.4,1400,"sd","14:07:55",330400
20.3,-0.4,200,"sd","14:07:14",329000
20.3,-0.4,1000,"sd","14:07:14",328800
20.3,-0.4,100,"sd","14:07:14",327800
20.3,-0.4,500,"sd","14:07:14",327700
20.3,-0.4,3200,"sd","14:07:14",327200
20.3,-0.4,2000,"sd","14:05:25",324000
20.3,-0.4,3000,"sd","14:05:16",322000
20.3,-0.4,400,"sd","14:05:16",319000
20.35,-0.35,700,"sd","14:04:55",318600
20.35,-0.35,1900,"sd","14:04:14",317900
20.35,-0.35,200,"sd","14:03:08",316000
20.35,-0.35,1800,"sd","14:03:08",315800
20.4,-0.3,4700,"bu","14:02:54",314000
20.4,-0.3,5000,"bu","14:02:54",309300
20.4,-0.3,600,"bu","14:02:54",304300
20.4,-0.3,1700,"bu","14:02:54",303700
20.35,-0.35,800,"sd","14:02:38",302000
20.35,-0.35,300,"sd","14:02:35",301200
20.35,-0.35,700,"sd","14:02:35",300900
20.35,-0.35,200,"bu","14:01:44",300200
20.35,-0.35,1100,"bu","14:01:44",300000
20.35,-0.35,2300,"bu","14:01:15",298900
20.35,-0.35,500,"bu","14:00:24",296600
20.35,-0.35,500,"sd","13:59:58",296100
20.35,-0.35,300,"sd","13:59:58",295600
20.35,-0.35,200,"sd","13:59:58",295300
20.35,-0.35,100,"sd","13:59:58",295100
20.35,-0.35,300,"sd","13:58:51",295000
20.35,-0.35,400,"sd","13:58:26",294700
20.35,-0.35,200,"sd","13:58:26",294300
20.35,-0.35,900,"bu","13:56:55",294100
20.35,-0.35,100,"sd","13:56:40",293200
20.35,-0.35,1500,"sd","13:55:49",293100
20.35,-0.35,200,"sd","13:55:03",291600
20.3,-0.4,100,"sd","13:54:12",291400
20.3,-0.4,300,"sd","13:53:56",291300
20.3,-0.4,200,"sd","13:53:50",291000
20.3,-0.4,300,"sd","13:53:50",290800
20.3,-0.4,400,"sd","13:53:50",290500
20.35,-0.35,1000,"bu","13:53:32",290100
20.3,-0.4,100,"sd","13:52:39",289100
20.35,-0.35,100,"sd","13:52:33",289000
20.35,-0.35,1000,"sd","13:52:33",288900
20.35,-0.35,500,"sd","13:52:33",287900
20.35,-0.35,200,"sd","13:52:33",287400
20.35,-0.35,1800,"bu","13:51:09",287200
20.35,-0.35,2000,"sd","13:50:57",285400
20.35,-0.35,100,"sd","13:50:57",283400
20.35,-0.35,1000,"sd","13:50:57",283300
20.35,-0.35,100,"sd","13:50:57",282300
20.35,-0.35,100,"sd","13:50:12",282200
20.35,-0.35,700,"bu","13:49:13",282100
20.3,-0.4,100,"sd","13:47:39",281400
20.35,-0.35,100,"sd","13:47:39",281300
20.4,-0.3,700,"bu","13:47:21",281200
20.4,-0.3,2600,"bu","13:47:11",280500
20.4,-0.3,2400,"bu","13:47:11",277900
20.3,-0.4,400,"bu","13:45:53",275500
20.3,-0.4,1100,"sd","13:45:49",275100
20.3,-0.4,900,"bu","13:45:49",274000
20.3,-0.4,100,"bu","13:45:47",273100
20.3,-0.4,100,"bu","13:45:44",273000
20.3,-0.4,1000,"bu","13:45:36",272900
20.3,-0.4,300,"bu","13:45:30",271900
20.3,-0.4,500,"bu","13:45:28",271600
20.25,-0.45,100,"sd","13:45:08",271100
20.25,-0.45,500,"sd","13:45:08",271000
20.3,-0.4,200,"sd","13:45:08",270500
20.3,-0.4,100,"sd","13:45:08",270300
20.3,-0.4,100,"sd","13:45:07",270200
20.3,-0.4,100,"sd","13:45:07",270100
20.3,-0.4,3000,"sd","13:45:02",270000
20.3,-0.4,400,"sd","13:45:02",267000
20.3,-0.4,200,"sd","13:45:02",266600
20.3,-0.4,500,"sd","13:45:02",266400
20.3,-0.4,100,"sd","13:45:02",265900
20.3,-0.4,500,"sd","13:45:02",265800
20.3,-0.4,300,"sd","13:45:02",265300
20.3,-0.4,2000,"sd","13:44:49",265000
20.3,-0.4,300,"sd","13:44:49",263000
20.3,-0.4,200,"sd","13:44:49",262700
20.3,-0.4,100,"sd","13:44:49",262500
20.3,-0.4,100,"sd","13:44:49",262400
20.3,-0.4,200,"sd","13:44:49",262300
20.3,-0.4,100,"sd","13:44:49",262100
20.3,-0.4,100,"sd","13:44:49",262000
20.3,-0.4,200,"sd","13:44:49",261900
20.3,-0.4,100,"sd","13:44:49",261700
20.3,-0.4,100,"sd","13:44:49",261600
20.3,-0.4,1000,"sd","13:44:49",261500
20.3,-0.4,500,"sd","13:44:49",260500
20.35,-0.35,1000,"bu","13:43:54",260000
20.35,-0.35,3100,"sd","13:43:46",259000
20.4,-0.3,100,"bu","13:43:41",255900
20.35,-0.35,1900,"sd","13:43:38",255800
20.35,-0.35,500,"sd","13:43:38",253900
20.35,-0.35,100,"sd","13:43:38",253400
20.35,-0.35,1000,"sd","13:43:38",253300
20.35,-0.35,2700,"sd","13:43:38",252300
20.35,-0.35,2300,"sd","13:43:12",249600
20.35,-0.35,100,"sd","13:43:12",247300
20.35,-0.35,1000,"sd","13:43:12",247200
20.35,-0.35,100,"sd","13:43:12",246200
20.35,-0.35,1000,"sd","13:43:12",246100
20.35,-0.35,100,"sd","13:43:12",245100
20.35,-0.35,400,"sd","13:43:12",245000
20.35,-0.35,100,"sd","13:43:10",244600
20.35,-0.35,100,"sd","13:43:10",244500
20.35,-0.35,100,"sd","13:43:10",244400
20.35,-0.35,400,"sd","13:43:10",244300
20.35,-0.35,300,"sd","13:43:10",243900
20.4,-0.3,500,"bu","13:42:49",243600
20.4,-0.3,1000,"bu","13:42:49",243100
20.4,-0.3,500,"bu","13:42:49",242100
20.35,-0.35,100,"sd","13:42:39",241600
20.4,-0.3,1000,"bu","13:42:37",241500
20.4,-0.3,500,"bu","13:42:23",240500
20.4,-0.3,100,"bu","13:42:00",240000
20.4,-0.3,200,"bu","13:42:00",239900
20.4,-0.3,200,"bu","13:42:00",239700
20.4,-0.3,200,"bu","13:42:00",239500
20.4,-0.3,500,"bu","13:42:00",239300
20.4,-0.3,200,"bu","13:42:00",238800
20.4,-0.3,500,"bu","13:42:00",238600
20.4,-0.3,300,"bu","13:42:00",238100
20.4,-0.3,300,"bu","13:42:00",237800
20.4,-0.3,500,"bu","13:42:00",237500
20.4,-0.3,800,"sd","13:41:43",237000
20.4,-0.3,700,"sd","13:41:42",236200
20.4,-0.3,500,"sd","13:41:11",235500
20.4,-0.3,2500,"sd","13:40:12",235000
20.4,-0.3,400,"sd","13:40:11",232500
20.4,-0.3,300,"sd","13:40:07",232100
20.4,-0.3,500,"sd","13:40:07",231800
20.45,-0.25,1600,"sd","13:39:17",231300
20.45,-0.25,900,"sd","13:39:10",229700
20.45,-0.25,200,"sd","13:39:10",228800
20.45,-0.25,100,"sd","13:39:10",228600
20.45,-0.25,1000,"sd","13:39:10",228500
20.45,-0.25,200,"sd","13:39:10",227500
20.45,-0.25,100,"sd","13:39:10",227300
20.45,-0.25,1500,"sd","13:39:10",227200
20.5,-0.2,1000,"bu","13:31:51",225700
20.5,-0.2,200,"sd","13:31:04",224700
20.5,-0.2,500,"sd","13:31:04",224500
20.5,-0.2,200,"sd","13:31:04",224000
20.5,-0.2,3000,"sd","13:31:04",223800
20.5,-0.2,3000,"sd","13:31:04",220800
20.55,-0.15,1000,"sd","13:31:04",217800
20.55,-0.15,300,"sd","13:31:04",216800
20.65,-0.05,100,"bu","13:28:21",216500
20.65,-0.05,100,"bu","13:28:21",216400
20.65,-0.05,100,"bu","13:28:21",216300
20.55,-0.15,300,"sd","13:27:29",216200
20.55,-0.15,300,"sd","13:27:13",215900
20.55,-0.15,400,"bu","13:25:45",215600
20.55,-0.15,1000,"bu","13:25:33",215200
20.55,-0.15,200,"bu","13:24:58",214200
20.55,-0.15,400,"bu","13:24:47",214000
20.55,-0.15,1000,"bu","13:24:47",213600
20.55,-0.15,400,"bu","13:24:47",212600
20.5,-0.2,100,"sd","13:22:36",212200
20.5,-0.2,100,"sd","13:22:36",212100
20.5,-0.2,100,"sd","13:22:17",212000
20.5,-0.2,200,"sd","13:22:06",211900
20.55,-0.15,700,"bu","13:19:56",211700
20.5,-0.2,100,"sd","13:17:59",211000
20.55,-0.15,500,"sd","13:16:42",210900
20.55,-0.15,200,"sd","13:16:42",210400
20.55,-0.15,3200,"sd","13:16:42",210200
20.55,-0.15,300,"sd","13:05:38",207000
20.55,-0.15,1000,"sd","13:05:25",206700
20.6,-0.1,100,"bu","13:02:51",205700
20.55,-0.15,500,"bu","13:02:03",205600
20.45,-0.25,1000,"sd","13:01:46",205100
20.55,-0.15,500,"bu","13:00:08",204100
20.55,-0.15,500,"bu","13:00:06",203600
20.55,-0.15,500,"bu","13:00:06",203100
20.55,-0.15,900,"bu","13:00:06",202600
20.45,-0.25,1800,"sd","13:00:05",201700
20.45,-0.25,500,"sd","13:00:05",199900
20.5,-0.2,200,"unknown","13:00:05",199400
20.5,-0.2,1000,"sd","13:00:05",199200
20.5,-0.2,2000,"sd","13:00:04",198200
20.5,-0.2,500,"sd","13:00:04",196200
20.5,-0.2,5000,"sd","13:00:04",195700
20.5,-0.2,1000,"sd","13:00:04",190700
20.5,-0.2,1400,"sd","13:00:04",189700
20.5,-0.2,1200,"sd","13:00:04",188300
20.55,-0.15,200,"sd","13:00:01",187100
20.55,-0.15,1900,"sd","11:30:01",186900
20.55,-0.15,400,"sd","11:30:01",185000
20.75,0.05,700,"bu","11:27:53",184600
20.75,0.05,1300,"sd","11:27:06",183900
20.75,0.05,100,"sd","11:26:37",182600
20.75,0.05,1000,"bu","11:26:29",182500
20.75,0.05,1000,"bu","11:26:29",181500
20.7,0,700,"bu","11:26:29",180500
20.7,0,500,"bu","11:26:29",179800
20.7,0,400,"bu","11:26:29",179300
20.7,0,100,"bu","11:25:56",178900
20.65,-0.05,100,"bu","11:25:56",178800
20.6,-0.1,100,"sd","11:25:51",178700
20.6,-0.1,1500,"sd","11:25:51",178600
20.6,-0.1,500,"sd","11:25:29",177100
20.65,-0.05,400,"bu","11:25:27",176600
20.65,-0.05,1600,"bu","11:25:27",176200
20.65,-0.05,400,"sd","11:22:32",174600
20.65,-0.05,600,"bu","11:22:07",174200
20.65,-0.05,600,"bu","11:21:12",173600
20.65,-0.05,100,"bu","11:20:20",173000
20.65,-0.05,500,"sd","11:19:05",172900
20.65,-0.05,500,"sd","11:19:05",172400
20.65,-0.05,1000,"sd","11:19:05",171900
20.65,-0.05,500,"sd","11:19:05",170900
20.65,-0.05,300,"sd","11:19:05",170400
20.65,-0.05,100,"sd","11:19:05",170100
20.65,-0.05,100,"sd","11:19:05",170000
20.65,-0.05,1700,"sd","11:19:05",169900
20.7,0,500,"sd","11:18:36",168200
20.75,0.05,300,"bu","11:17:28",167700
20.75,0.05,1600,"bu","11:16:22",167400
20.75,0.05,100,"bu","11:16:22",165800
20.7,0,300,"bu","11:16:22",165700
20.7,0,200,"bu","11:15:49",165400
20.7,0,300,"bu","11:15:49",165200
20.7,0,1400,"bu","11:15:46",164900
20.7,0,200,"bu","11:14:25",163500
20.7,0,200,"bu","11:13:42",163300
20.7,0,900,"bu","11:13:00",163100
20.7,0,1000,"bu","11:13:00",162200
20.7,0,100,"bu","11:13:00",161200
20.7,0,300,"bu","11:11:29",161100
20.7,0,100,"bu","11:11:18",160800
20.7,0,500,"bu","11:10:58",160700
20.65,-0.05,200,"sd","11:10:44",160200
20.65,-0.05,100,"sd","11:09:18",160000
20.65,-0.05,100,"sd","11:09:18",159900
20.65,-0.05,100,"sd","11:09:18",159800
20.65,-0.05,200,"sd","11:09:18",159700
20.65,-0.05,1000,"sd","11:07:10",159500
20.65,-0.05,1800,"bu","11:02:19",158500
20.65,-0.05,100,"sd","11:01:38",156700
20.65,-0.05,100,"sd","11:01:38",156600
20.65,-0.05,1000,"sd","11:01:38",156500
20.65,-0.05,300,"sd","10:58:07",155500
20.65,-0.05,100,"bu","10:57:43",155200
20.65,-0.05,100,"sd","10:57:30",155100
20.7,0,100,"sd","10:56:36",155000
20.7,0,400,"bu","10:56:16",154900
20.7,0,500,"bu","10:56:14",154500
20.7,0,300,"bu","10:56:02",154000
20.7,0,800,"bu","10:55:45",153700
20.7,0,100,"bu","10:55:42",152900
20.7,0,300,"bu","10:55:42",152800
20.7,0,100,"bu","10:55:42",152500
20.7,0,200,"bu","10:54:37",152400
20.7,0,800,"bu","10:54:37",152200
20.7,0,100,"bu","10:54:14",151400
20.7,0,100,"bu","10:53:07",151300
20.7,0,100,"bu","10:53:07",151200
20.6,-0.1,700,"bu","10:51:32",151100
20.6,-0.1,200,"bu","10:51:32",150400
20.6,-0.1,400,"bu","10:51:32",150200
20.6,-0.1,200,"bu","10:51:32",149800
20.6,-0.1,200,"bu","10:51:15",149600
20.6,-0.1,800,"bu","10:51:15",149400
20.6,-0.1,4300,"bu","10:51:07",148600
20.6,-0.1,500,"bu","10:48:30",144300
20.6,-0.1,3200,"bu","10:47:49",143800
20.6,-0.1,4300,"bu","10:47:49",140600
20.55,-0.15,100,"sd","10:45:15",136300
20.55,-0.15,500,"bu","10:42:08",136200
20.55,-0.15,200,"sd","10:41:55",135700
20.55,-0.15,300,"sd","10:41:55",135500
20.55,-0.15,100,"sd","10:41:47",135200
20.55,-0.15,3600,"bu","10:40:43",135100
20.5,-0.2,100,"sd","10:40:17",131500
20.55,-0.15,500,"bu","10:40:11",131400
20.55,-0.15,500,"bu","10:38:33",130900
20.55,-0.15,200,"sd","10:38:21",130400
20.55,-0.15,200,"sd","10:38:21",130200
20.55,-0.15,2700,"bu","10:35:56",130000
20.55,-0.15,100,"bu","10:35:49",127300
20.55,-0.15,300,"bu","10:35:42",127200
20.55,-0.15,1900,"bu","10:35:20",126900
20.55,-0.15,1000,"bu","10:35:20",125000
20.55,-0.15,200,"bu","10:35:20",124000
20.5,-0.2,500,"bu","10:33:28",123800
20.5,-0.2,2000,"bu","10:33:28",123300
20.5,-0.2,700,"bu","10:33:28",121300
20.5,-0.2,3700,"bu","10:33:28",120600
20.45,-0.25,100,"sd","10:33:09",116900
20.45,-0.25,600,"bu","10:30:21",116800
20.45,-0.25,200,"bu","10:30:13",116200
20.45,-0.25,1000,"bu","10:30:08",116000
20.45,-0.25,200,"bu","10:29:24",115000
20.45,-0.25,200,"bu","10:26:12",114800
20.45,-0.25,200,"bu","10:25:40",114600
20.45,-0.25,100,"bu","10:24:41",114400
20.45,-0.25,1000,"bu","10:24:07",114300
20.45,-0.25,500,"bu","10:21:35",113300
20.4,-0.3,800,"sd","10:20:43",112800
20.4,-0.3,100,"sd","10:20:42",112000
20.4,-0.3,1000,"sd","10:20:42",111900
20.4,-0.3,100,"sd","10:20:42",110900
20.4,-0.3,100,"sd","10:17:36",110800
20.4,-0.3,200,"sd","10:17:36",110700
20.4,-0.3,100,"sd","10:17:36",110500
20.4,-0.3,200,"sd","10:17:36",110400
20.4,-0.3,200,"sd","10:17:36",110200
20.4,-0.3,100,"sd","10:17:36",110000
20.45,-0.25,100,"sd","10:17:36",109900
20.45,-0.25,4900,"sd","10:17:19",109800
20.45,-0.25,100,"sd","10:17:19",104900
20.45,-0.25,200,"sd","10:17:01",104800
20.45,-0.25,100,"sd","10:16:13",104600
20.45,-0.25,400,"sd","10:16:13",104500
20.5,-0.2,1000,"bu","10:15:37",104100
20.5,-0.2,200,"bu","10:15:37",103100
20.5,-0.2,100,"bu","10:15:37",102900
20.5,-0.2,100,"sd","10:15:13",102800
20.5,-0.2,400,"bu","10:13:13",102700
20.5,-0.2,100,"bu","10:12:40",102300
20.5,-0.2,100,"bu","10:12:40",102200
20.5,-0.2,3000,"bu","10:11:37",102100
20.5,-0.2,200,"sd","10:11:07",99100
20.5,-0.2,1700,"sd","10:11:07",98900
20.5,-0.2,100,"sd","10:10:55",97200
20.55,-0.15,100,"bu","10:08:08",97100
20.55,-0.15,100,"bu","10:07:15",97000
20.55,-0.15,100,"bu","10:07:15",96900
20.5,-0.2,600,"sd","10:06:33",96800
20.5,-0.2,2700,"sd","10:06:33",96200
20.5,-0.2,100,"sd","10:05:11",93500
20.5,-0.2,300,"sd","10:05:11",93400
20.5,-0.2,300,"sd","10:05:11",93100
20.55,-0.15,100,"bu","10:04:34",92800
20.55,-0.15,500,"bu","10:04:13",92700
20.55,-0.15,500,"sd","10:01:49",92200
20.6,-0.1,100,"bu","09:59:23",91700
20.6,-0.1,600,"sd","09:59:13",91600
20.6,-0.1,500,"bu","09:57:46",91000
20.6,-0.1,200,"sd","09:57:11",90500
20.6,-0.1,1000,"sd","09:57:11",90300
20.6,-0.1,200,"sd","09:57:11",89300
20.6,-0.1,100,"sd","09:57:11",89100
20.6,-0.1,100,"bu","09:54:48",89000
20.6,-0.1,200,"bu","09:54:11",88900
20.5,-0.2,100,"sd","09:52:40",88700
20.4,-0.3,3300,"sd","09:52:29",88600
20.4,-0.3,100,"sd","09:52:29",85300
20.4,-0.3,600,"sd","09:52:29",85200
20.4,-0.3,100,"sd","09:52:29",84600
20.4,-0.3,200,"sd","09:52:29",84500
20.4,-0.3,700,"sd","09:52:29",84300
20.45,-0.25,1000,"sd","09:52:29",83600
20.4,-0.3,1300,"sd","09:50:33",82600
20.4,-0.3,100,"sd","09:50:33",81300
20.4,-0.3,200,"sd","09:50:33",81200
20.4,-0.3,1000,"sd","09:50:33",81000
20.4,-0.3,100,"sd","09:50:33",80000
20.4,-0.3,200,"sd","09:49:12",79900
20.4,-0.3,200,"sd","09:49:12",79700
20.4,-0.3,500,"sd","09:49:12",79500
20.45,-0.25,1000,"sd","09:49:12",79000
20.45,-0.25,200,"sd","09:49:12",78000
20.45,-0.25,500,"sd","09:49:12",77800
20.45,-0.25,100,"sd","09:49:12",77300
20.5,-0.2,300,"sd","09:49:12",77200
20.5,-0.2,400,"sd","09:49:09",76900
20.45,-0.25,1800,"bu","09:45:42",76500
20.4,-0.3,200,"bu","09:45:42",74700
20.4,-0.3,100,"sd","09:45:37",74500
20.4,-0.3,200,"sd","09:45:37",74400
20.4,-0.3,100,"bu","09:45:37",74200
20.4,-0.3,200,"bu","09:45:31",74100
20.4,-0.3,100,"bu","09:45:31",73900
20.4,-0.3,3000,"bu","09:45:23",73800
20.35,-0.35,1600,"sd","09:44:16",70800
20.35,-0.35,2400,"sd","09:44:16",69200
20.4,-0.3,200,"bu","09:44:13",66800
20.4,-0.3,100,"bu","09:44:06",66600
20.35,-0.35,400,"sd","09:43:47",66500
20.35,-0.35,200,"sd","09:41:29",66100
20.35,-0.35,100,"sd","09:41:29",65900
20.35,-0.35,200,"sd","09:41:29",65800
20.35,-0.35,300,"sd","09:40:30",65600
20.35,-0.35,100,"sd","09:39:24",65300
20.35,-0.35,800,"sd","09:39:24",65200
20.35,-0.35,200,"sd","09:39:24",64400
20.35,-0.35,500,"sd","09:39:24",64200
20.4,-0.3,200,"sd","09:38:50",63700
20.4,-0.3,1400,"sd","09:38:50",63500
20.4,-0.3,600,"bu","09:38:34",62100
20.4,-0.3,400,"bu","09:38:20",61500
20.4,-0.3,600,"bu","09:38:20",61100
20.4,-0.3,900,"bu","09:37:59",60500
20.4,-0.3,100,"bu","09:37:59",59600
20.4,-0.3,9000,"bu","09:37:25",59500
20.4,-0.3,100,"bu","09:37:25",50500
20.4,-0.3,200,"bu","09:37:25",50400
20.4,-0.3,500,"bu","09:37:25",50200
20.4,-0.3,100,"sd","09:37:25",49700
20.45,-0.25,100,"sd","09:37:15",49600
20.45,-0.25,500,"sd","09:37:15",49500
20.45,-0.25,100,"sd","09:37:15",49000
20.45,-0.25,100,"sd","09:37:15",48900
20.45,-0.25,500,"sd","09:37:15",48800
20.45,-0.25,100,"sd","09:36:51",48300
20.45,-0.25,5400,"sd","09:35:07",48200
20.45,-0.25,500,"sd","09:35:07",42800
20.45,-0.25,500,"sd","09:35:07",42300
20.45,-0.25,1000,"sd","09:35:07",41800
20.45,-0.25,100,"sd","09:35:07",40800
20.45,-0.25,500,"sd","09:35:07",40700
20.5,-0.2,500,"bu","09:33:53",40200
20.5,-0.2,1300,"bu","09:33:45",39700
20.5,-0.2,1000,"bu","09:33:40",38400
20.5,-0.2,500,"sd","09:33:27",37400
20.5,-0.2,1400,"sd","09:33:27",36900
20.5,-0.2,600,"sd","09:33:17",35500
20.5,-0.2,200,"sd","09:33:08",34900
20.5,-0.2,1000,"sd","09:33:08",34700
20.5,-0.2,7200,"sd","09:33:08",33700
20.5,-0.2,500,"sd","09:33:08",26500
20.55,-0.15,300,"sd","09:33:08",26000
20.55,-0.15,200,"sd","09:33:08",25700
20.6,-0.1,200,"sd","09:33:01",25500
20.6,-0.1,100,"sd","09:31:37",25300
20.6,-0.1,200,"sd","09:30:52",25200
20.6,-0.1,200,"bu","09:29:11",25000
20.5,-0.2,3000,"bu","09:28:36",24800
20.5,-0.2,1000,"bu","09:28:26",21800
20.5,-0.2,1000,"sd","09:27:25",20800
20.5,-0.2,700,"bu","09:26:56",19800
20.5,-0.2,200,"bu","09:26:39",19100
20.5,-0.2,2000,"bu","09:26:34",18900
20.5,-0.2,500,"bu","09:26:15",16900
20.5,-0.2,100,"bu","09:26:06",16400
20.5,-0.2,1500,"sd","09:26:05",16300
20.5,-0.2,2300,"sd","09:25:53",14800
20.5,-0.2,100,"bu","09:25:48",12500
20.5,-0.2,1100,"bu","09:25:48",12400
20.5,-0.2,3400,"bu","09:25:27",11300
20.5,-0.2,600,"sd","09:24:57",7900
20.5,-0.2,100,"sd","09:24:57",7300
20.5,-0.2,100,"sd","09:24:57",7200
20.5,-0.2,600,"sd","09:24:57",7100
20.5,-0.2,100,"sd","09:24:57",6500
20.6,-0.1,500,"bu","09:24:57",6400
20.6,-0.1,100,"sd","09:23:36",5900
20.7,0,600,"bu","09:19:36",5800
20.7,0,400,"bu","09:19:36",5200
20.7,0,100,"bu","09:19:01",4800
20.7,0,1000,"bu","09:16:56",4700
20.7,0,100,"bu","09:15:16",3700
20.7,0,100,"bu","09:15:16",3600
20.7,0,3500,"bu","09:15:02",3500
