"price","change","match_qtty","side","time","total_vol"
25.7,-0.35,1507600,"unknown","14:45:04",19359900
26,-0.05,1000,"sd","14:30:00",17852300
26,-0.05,100,"sd","14:30:00",17851300
26,-0.05,2500,"sd","14:30:00",17851200
26,-0.05,3000,"sd","14:30:00",17848700
26,-0.05,300,"sd","14:29:53",17845700
26,-0.05,1700,"sd","14:29:53",17845400
26,-0.05,3100,"sd","14:29:53",17843700
26,-0.05,200,"sd","14:29:53",17840600
26,-0.05,500,"sd","14:29:46",17840400
26.05,0,600,"bu","14:29:45",17839900
26.05,0,2400,"bu","14:29:39",17839300
26.05,0,2600,"bu","14:29:39",17836900
26.05,0,300,"bu","14:29:29",17834300
26,-0.05,1100,"sd","14:29:25",17834000
26,-0.05,50000,"sd","14:29:23",17832900
26,-0.05,700,"sd","14:29:22",17782900
26,-0.05,500,"sd","14:29:22",17782200
26,-0.05,47000,"bu","14:29:20",17781700
25.95,-0.1,2000,"sd","14:29:19",17734700
26,-0.05,5000,"bu","14:29:15",17732700
25.95,-0.1,2000,"sd","14:29:13",17727700
26,-0.05,8800,"bu","14:29:13",17725700
26,-0.05,2500,"bu","14:29:10",17716900
26,-0.05,22400,"bu","14:29:09",17714400
26,-0.05,100,"bu","14:29:07",17692000
26,-0.05,2000,"bu","14:29:07",17691900
26,-0.05,100,"bu","14:29:06",17689900
26,-0.05,500,"sd","14:29:02",17689800
26,-0.05,500,"sd","14:29:02",17689300
26,-0.05,1000,"sd","14:29:02",17688800
26,-0.05,300,"sd","14:29:02",17687800
26,-0.05,1000,"sd","14:29:02",17687500
26,-0.05,200,"sd","14:29:02",17686500
26,-0.05,200,"sd","14:29:02",17686300
26,-0.05,100,"sd","14:29:02",17686100
26,-0.05,1000,"sd","14:29:02",17686000
26,-0.05,400,"sd","14:29:02",17685000
26,-0.05,300,"sd","14:29:02",17684600
26,-0.05,5000,"sd","14:29:02",17684300
26,-0.05,200,"sd","14:29:02",17679300
26,-0.05,1000,"sd","14:29:02",17679100
26,-0.05,100,"sd","14:29:02",17678100
26,-0.05,1000,"sd","14:29:02",17678000
26,-0.05,1000,"sd","14:29:02",17677000
26,-0.05,1200,"sd","14:29:02",17676000
26,-0.05,21000,"sd","14:29:02",17674800
26,-0.05,500,"sd","14:29:02",17653800
26,-0.05,2000,"sd","14:29:02",17653300
26,-0.05,11500,"sd","14:29:02",17651300
26,-0.05,4000,"sd","14:29:02",17639800
26,-0.05,1000,"sd","14:29:02",17635800
26,-0.05,500,"sd","14:29:02",17634800
26,-0.05,50000,"sd","14:29:02",17634300
26,-0.05,100,"sd","14:29:02",17584300
26,-0.05,600,"sd","14:29:02",17584200
26,-0.05,900,"sd","14:29:02",17583600
26,-0.05,100,"sd","14:29:02",17582700
26,-0.05,2000,"sd","14:29:02",17582600
26,-0.05,200,"sd","14:29:02",17580600
26,-0.05,1000,"sd","14:29:02",17580400
26,-0.05,200,"sd","14:29:02",17579400
26,-0.05,500,"sd","14:29:02",17579200
26,-0.05,1000,"sd","14:29:02",17578700
26.05,0,5000,"bu","14:28:59",17577700
26.05,0,1000,"bu","14:28:59",17572700
26.05,0,100,"bu","14:28:57",17571700
26.05,0,3000,"bu","14:28:51",17571600
26.05,0,100,"bu","14:28:40",17568600
26.05,0,500,"bu","14:28:30",17568500
26.05,0,4000,"bu","14:28:29",17568000
26.05,0,2500,"bu","14:28:29",17564000
26.05,0,1200,"bu","14:28:28",17561500
26.05,0,100,"bu","14:28:26",17560300
26.05,0,9600,"bu","14:28:26",17560200
26.05,0,400,"sd","14:28:25",17550600
26.05,0,500,"sd","14:28:25",17550200
26.05,0,11200,"sd","14:28:25",17549700
26.05,0,100,"sd","14:28:25",17538500
26.05,0,1800,"sd","14:28:25",17538400
26.05,0,2000,"sd","14:28:24",17536600
26.05,0,300,"sd","14:28:21",17534600
26.05,0,900,"sd","14:28:19",17534300
26.05,0,1000,"sd","14:28:09",17533400
26.1,0.05,10000,"bu","14:28:09",17532400
26.05,0,1000,"sd","14:28:08",17522400
26.05,0,100,"bu","14:27:57",17521400
26,-0.05,800,"sd","14:27:57",17521300
26,-0.05,200,"sd","14:27:57",17520500
26.1,0.05,700,"bu","14:27:48",17520300
26.1,0.05,1300,"bu","14:27:44",17519600
26.05,0,2000,"bu","14:27:44",17518300
26.05,0,20000,"bu","14:27:44",17516300
26.05,0,5000,"bu","14:27:44",17496300
26.05,0,1700,"bu","14:27:44",17491300
26,-0.05,2000,"sd","14:27:42",17489600
26.05,0,100,"bu","14:27:38",17487600
26.05,0,1000,"bu","14:27:33",17487500
26.05,0,1000,"sd","14:27:23",17486500
26.05,0,100,"sd","14:27:23",17485500
26.05,0,200,"sd","14:27:23",17485400
26.05,0,2000,"sd","14:27:23",17485200
26.05,0,3900,"sd","14:27:23",17483200
26.1,0.05,100,"bu","14:27:22",17479300
26.1,0.05,1000,"bu","14:27:21",17479200
26.1,0.05,100,"bu","14:27:17",17478200
26.05,0,16100,"sd","14:27:17",17478100
26.05,0,2000,"sd","14:27:17",17462000
26.05,0,3000,"sd","14:27:17",17460000
26.05,0,8900,"sd","14:27:17",17457000
26.1,0.05,1000,"bu","14:27:15",17448100
26.1,0.05,3100,"bu","14:26:53",17447100
26.1,0.05,500,"bu","14:26:49",17444000
26.05,0,6100,"sd","14:26:45",17443500
26.05,0,1700,"sd","14:26:45",17437400
26.05,0,100,"sd","14:26:44",17435700
26.05,0,1200,"sd","14:26:44",17435600
26.05,0,3000,"sd","14:26:44",17434400
26.05,0,100,"sd","14:26:44",17431400
26.05,0,5000,"sd","14:26:44",17431300
26.05,0,2000,"sd","14:26:44",17426300
26.05,0,4000,"sd","14:26:44",17424300
26.05,0,1000,"sd","14:26:44",17420300
26.05,0,3700,"sd","14:26:44",17419300
26.05,0,500,"sd","14:26:42",17415600
26.05,0,400,"sd","14:26:40",17415100
26.05,0,900,"sd","14:26:39",17414700
26.05,0,1500,"sd","14:26:36",17413800
26.05,0,13000,"sd","14:26:33",17412300
26.05,0,100,"sd","14:26:33",17399300
26.05,0,15000,"sd","14:26:33",17399200
26.05,0,1900,"sd","14:26:33",17384200
26.1,0.05,1800,"bu","14:26:29",17382300
26.05,0,1000,"sd","14:26:26",17380500
26.1,0.05,100,"bu","14:26:25",17379500
26.05,0,100,"sd","14:26:24",17379400
26.05,0,1000,"sd","14:26:24",17379300
26.05,0,5000,"sd","14:26:24",17378300
26.1,0.05,300,"bu","14:26:02",17373300
26.05,0,5000,"sd","14:26:02",17373000
26.05,0,500,"sd","14:25:59",17368000
26.1,0.05,100,"bu","14:25:54",17367500
26.1,0.05,1000,"bu","14:25:54",17367400
26.1,0.05,500,"bu","14:25:52",17366400
26.1,0.05,200,"bu","14:25:49",17365900
26.1,0.05,100,"bu","14:25:46",17365700
26.1,0.05,1800,"bu","14:25:42",17365600
26.1,0.05,500,"bu","14:25:41",17363800
26.1,0.05,500,"bu","14:25:40",17363300
26.1,0.05,3300,"bu","14:25:38",17362800
26.1,0.05,9300,"bu","14:25:38",17359500
26.1,0.05,600,"bu","14:25:38",17350200
26.1,0.05,5000,"bu","14:25:37",17349600
26.1,0.05,800,"bu","14:25:34",17344600
26.1,0.05,3300,"bu","14:25:31",17343800
26.1,0.05,100,"bu","14:25:27",17340500
26.1,0.05,10000,"bu","14:25:26",17340400
26.1,0.05,3300,"bu","14:25:26",17330400
26.1,0.05,6900,"bu","14:25:26",17327100
26.1,0.05,13100,"bu","14:25:26",17320200
26.1,0.05,200,"bu","14:25:23",17307100
26.1,0.05,9900,"bu","14:25:21",17306900
26.1,0.05,5800,"bu","14:25:19",17297000
26.1,0.05,300,"sd","14:25:10",17291200
26.1,0.05,700,"sd","14:25:10",17290900
26.15,0.1,9900,"bu","14:25:09",17290200
26.15,0.1,500,"bu","14:25:07",17280300
26.15,0.1,1000,"bu","14:25:07",17279800
26.15,0.1,100,"bu","14:25:00",17278800
26.1,0.05,2300,"sd","14:24:59",17278700
26.1,0.05,7700,"sd","14:24:59",17276400
26.15,0.1,1400,"bu","14:24:59",17268700
26.15,0.1,2000,"bu","14:24:59",17267300
26.15,0.1,100,"bu","14:24:59",17265300
26.15,0.1,500,"bu","14:24:59",17265200
26.15,0.1,100,"bu","14:24:59",17264700
26.15,0.1,2400,"bu","14:24:59",17264600
26.1,0.05,7300,"sd","14:24:57",17262200
26.1,0.05,1000,"sd","14:24:57",17254900
26.1,0.05,1000,"sd","14:24:57",17253900
26.1,0.05,1000,"sd","14:24:57",17252900
26.1,0.05,1000,"sd","14:24:57",17251900
26.1,0.05,8800,"sd","14:24:57",17250900
26.15,0.1,100,"bu","14:24:50",17242100
26.15,0.1,500,"bu","14:24:48",17242000
26.15,0.1,400,"bu","14:24:47",17241500
26.15,0.1,500,"bu","14:24:36",17241100
26.15,0.1,1000,"bu","14:24:30",17240600
26.15,0.1,800,"bu","14:24:24",17239600
26.1,0.05,100,"sd","14:24:24",17238800
26.15,0.1,10000,"bu","14:24:21",17238700
26.15,0.1,200,"bu","14:24:20",17228700
26.15,0.1,1000,"bu","14:24:18",17228500
26.15,0.1,12000,"bu","14:24:07",17227500
26.1,0.05,500,"sd","14:24:07",17215500
26.1,0.05,400,"bu","14:24:07",17215000
26.1,0.05,100,"bu","14:24:07",17214600
26.1,0.05,100,"bu","14:24:07",17214500
26.1,0.05,1600,"bu","14:24:04",17214400
26.1,0.05,100,"bu","14:24:04",17212800
26.1,0.05,500,"bu","14:24:02",17212700
26.1,0.05,1000,"bu","14:23:54",17212200
26.1,0.05,100,"bu","14:23:49",17211200
26.1,0.05,500,"sd","14:23:47",17211100
26.1,0.05,200,"sd","14:23:47",17210600
26.1,0.05,100,"sd","14:23:47",17210400
26.15,0.1,500,"bu","14:23:44",17210300
26.15,0.1,600,"bu","14:23:32",17209800
26.1,0.05,2000,"bu","14:23:32",17209200
26.1,0.05,3000,"bu","14:23:32",17207200
26.1,0.05,800,"bu","14:23:32",17204200
26.1,0.05,800,"bu","14:23:32",17203400
26.1,0.05,100,"bu","14:23:32",17202600
26.1,0.05,2600,"bu","14:23:32",17202500
26.1,0.05,200,"bu","14:23:30",17199900
26.1,0.05,500,"bu","14:23:29",17199700
26.1,0.05,6700,"bu","14:23:27",17199200
26.1,0.05,500,"bu","14:23:27",17192500
26.1,0.05,100,"bu","14:23:27",17192000
26.1,0.05,700,"bu","14:23:27",17191900
26.05,0,2200,"sd","14:23:25",17191200
26.1,0.05,100,"bu","14:23:21",17189000
26.1,0.05,9900,"bu","14:23:19",17188900
26.1,0.05,6600,"bu","14:23:19",17179000
26.1,0.05,100,"bu","14:23:17",17172400
26.05,0,2300,"bu","14:23:09",17172300
26.05,0,3000,"bu","14:23:09",17170000
26.05,0,5000,"bu","14:23:08",17167000
26.05,0,9900,"bu","14:23:07",17162000
26.05,0,3300,"bu","14:23:06",17152100
26.05,0,500,"sd","14:23:05",17148800
26.05,0,3000,"sd","14:23:05",17148300
26.05,0,400,"sd","14:23:05",17145300
26.05,0,500,"sd","14:23:05",17144900
26.05,0,64500,"sd","14:23:05",17144400
26.05,0,200,"sd","14:23:05",17079900
26.05,0,7400,"sd","14:23:05",17079700
26.05,0,100,"sd","14:22:55",17072300
26.05,0,100,"bu","14:22:53",17072200
26.05,0,2300,"bu","14:22:53",17072100
26.05,0,200,"bu","14:22:45",17069800
26,-0.05,100,"sd","14:22:44",17069600
26.1,0.05,200,"bu","14:22:44",17069500
26.1,0.05,400,"bu","14:22:41",17069300
26.05,0,400,"bu","14:22:39",17068900
26.05,0,100,"bu","14:22:38",17068500
26,-0.05,700,"bu","14:22:20",17068400
26,-0.05,1300,"bu","14:22:19",17067700
26,-0.05,100,"bu","14:22:19",17066400
26,-0.05,1600,"bu","14:22:19",17066300
26,-0.05,200,"bu","14:22:15",17064700
26,-0.05,200,"bu","14:22:13",17064500
26,-0.05,100,"bu","14:22:12",17064300
26,-0.05,100,"bu","14:22:10",17064200
26,-0.05,300,"bu","14:22:02",17064100
26,-0.05,100,"sd","14:22:00",17063800
26,-0.05,14200,"sd","14:22:00",17063700
26,-0.05,500,"sd","14:22:00",17049500
26,-0.05,300,"sd","14:22:00",17049000
26,-0.05,300,"sd","14:22:00",17048700
26,-0.05,12100,"sd","14:22:00",17048400
26.05,0,2000,"sd","14:22:00",17036300
26.05,0,3000,"sd","14:22:00",17034300
26.05,0,15000,"sd","14:22:00",17031300
26,-0.05,26900,"bu","14:21:48",17016300
26,-0.05,100,"bu","14:21:43",16989400
26,-0.05,1100,"bu","14:21:42",16989300
26,-0.05,300,"bu","14:21:39",16988200
26,-0.05,300,"bu","14:21:37",16987900
26,-0.05,2000,"sd","14:21:35",16987600
26,-0.05,10000,"sd","14:21:35",16985600
26,-0.05,200,"sd","14:21:35",16975600
26,-0.05,500,"sd","14:21:35",16975400
26,-0.05,1000,"sd","14:21:35",16974900
26,-0.05,3000,"sd","14:21:35",16973900
26,-0.05,1000,"sd","14:21:35",16970900
26,-0.05,100,"sd","14:21:35",16969900
26,-0.05,200,"sd","14:21:35",16969800
26,-0.05,20000,"sd","14:21:35",16969600
26,-0.05,4400,"sd","14:21:35",16949600
26,-0.05,11200,"sd","14:21:35",16945200
26.05,0,100,"sd","14:21:35",16934000
26,-0.05,100,"sd","14:21:35",16933900
26.05,0,5900,"sd","14:21:35",16933800
26.05,0,100,"sd","14:21:35",16927900
26.1,0.05,200,"sd","14:21:35",16927800
26.05,0,300,"sd","14:21:35",16927600
26.1,0.05,1000,"sd","14:21:35",16927300
26.05,0,200,"sd","14:21:35",16926300
26.1,0.05,5000,"sd","14:21:35",16926100
26.05,0,500,"sd","14:21:35",16921100
26.05,0,10000,"sd","14:21:35",16920600
26.1,0.05,400,"sd","14:21:35",16910600
26.05,0,30000,"sd","14:21:35",16910200
26.1,0.05,20000,"sd","14:21:35",16880200
26.1,0.05,500,"sd","14:21:35",16860200
26.1,0.05,7300,"sd","14:21:35",16859700
26.15,0.1,36100,"sd","14:21:35",16852400
26.15,0.1,1400,"sd","14:21:35",16816300
26.15,0.1,600,"sd","14:21:35",16814900
26.15,0.1,2600,"bu","14:21:33",16814300
26.15,0.1,4300,"bu","14:21:33",16811700
26.15,0.1,700,"bu","14:21:31",16807400
26.15,0.1,9300,"bu","14:21:31",16806700
26.15,0.1,200,"bu","14:21:27",16797400
26.15,0.1,100,"bu","14:21:25",16797200
26.15,0.1,100,"bu","14:21:23",16797100
26.15,0.1,8900,"bu","14:21:21",16797000
26.15,0.1,400,"bu","14:21:19",16788100
26.15,0.1,400,"bu","14:21:19",16787700
26.15,0.1,500,"bu","14:21:18",16787300
26.15,0.1,100,"bu","14:21:18",16786800
26.15,0.1,19900,"bu","14:21:18",16786700
26.15,0.1,300,"bu","14:21:16",16766800
26.15,0.1,500,"bu","14:21:16",16766500
26.15,0.1,100,"bu","14:21:14",16766000
26.15,0.1,9900,"bu","14:21:14",16765900
26.15,0.1,200,"bu","14:21:12",16756000
26.15,0.1,5000,"bu","14:21:10",16755800
26.15,0.1,1500,"bu","14:21:09",16750800
26.15,0.1,1000,"sd","14:21:09",16749300
26.15,0.1,200,"sd","14:21:09",16748300
26.15,0.1,10000,"sd","14:21:09",16748100
26.15,0.1,1000,"sd","14:21:09",16738100
26.15,0.1,400,"sd","14:21:09",16737100
26.2,0.15,200,"bu","14:21:08",16736700
26.2,0.15,3000,"bu","14:21:07",16736500
26.2,0.15,1900,"bu","14:21:05",16733500
26.2,0.15,1000,"bu","14:21:05",16731600
26.2,0.15,100,"bu","14:21:05",16730600
26.15,0.1,100,"sd","14:21:05",16730500
26.15,0.1,200,"bu","14:21:04",16730400
26.15,0.1,100,"bu","14:21:04",16730200
26.15,0.1,500,"bu","14:21:04",16730100
26.15,0.1,500,"bu","14:21:04",16729600
26.15,0.1,100,"bu","14:21:04",16729100
26.15,0.1,9700,"bu","14:21:04",16729000
26.15,0.1,200,"bu","14:21:02",16719300
26.15,0.1,3800,"bu","14:21:00",16719100
26.15,0.1,500,"bu","14:21:00",16715300
26.15,0.1,1000,"bu","14:20:59",16714800
26.15,0.1,500,"bu","14:20:59",16713800
26.15,0.1,1000,"bu","14:20:59",16713300
26.1,0.05,1000,"sd","14:20:57",16712300
26.15,0.1,200,"bu","14:20:57",16711300
26.15,0.1,1000,"bu","14:20:57",16711100
26.1,0.05,3000,"sd","14:20:55",16710100
26.1,0.05,200,"sd","14:20:54",16707100
26.15,0.1,100,"bu","14:20:54",16706900
26.15,0.1,900,"bu","14:20:54",16706800
26.15,0.1,1300,"bu","14:20:50",16705900
26.15,0.1,2000,"bu","14:20:47",16704600
26.15,0.1,300,"bu","14:20:46",16702600
26.15,0.1,4700,"bu","14:20:45",16702300
26.15,0.1,30800,"bu","14:20:45",16697600
26.15,0.1,100,"bu","14:20:45",16666800
26.15,0.1,400,"bu","14:20:45",16666700
26.15,0.1,200,"bu","14:20:45",16666300
26.15,0.1,6000,"bu","14:20:45",16666100
26.15,0.1,7500,"bu","14:20:45",16660100
26.15,0.1,200,"bu","14:20:43",16652600
26.15,0.1,3400,"bu","14:20:42",16652400
26.15,0.1,100,"bu","14:20:41",16649000
26.1,0.05,2500,"sd","14:20:40",16648900
26.1,0.05,500,"sd","14:20:39",16646400
26.15,0.1,100,"bu","14:20:36",16645900
26.15,0.1,2700,"bu","14:20:33",16645800
26.15,0.1,1000,"bu","14:20:33",16643100
26.15,0.1,3000,"bu","14:20:33",16642100
26.15,0.1,200,"bu","14:20:27",16639100
26.1,0.05,400,"sd","14:20:24",16638900
26.15,0.1,1000,"bu","14:20:18",16638500
26.15,0.1,400,"bu","14:20:15",16637500
26.15,0.1,400,"bu","14:20:12",16637100
26.15,0.1,100,"bu","14:20:12",16636700
26.15,0.1,100,"bu","14:20:12",16636600
26.15,0.1,400,"bu","14:20:12",16636500
26.15,0.1,100,"bu","14:20:09",16636100
26.1,0.05,5100,"bu","14:20:04",16636000
26.1,0.05,4900,"bu","14:20:03",16630900
26.1,0.05,500,"bu","14:20:03",16626000
26.1,0.05,700,"bu","14:20:03",16625500
26.1,0.05,1000,"bu","14:20:03",16624800
26.1,0.05,2000,"bu","14:20:03",16623800
26.1,0.05,200,"bu","14:20:03",16621800
26.1,0.05,500,"bu","14:20:03",16621600
26.1,0.05,100,"bu","14:20:03",16621100
26.1,0.05,100,"bu","14:20:03",16621000
26.1,0.05,400,"bu","14:20:02",16620900
26.1,0.05,200,"bu","14:20:02",16620500
26.1,0.05,200,"bu","14:19:59",16620300
26.1,0.05,100,"bu","14:19:59",16620100
26.1,0.05,9900,"bu","14:19:59",16620000
26.1,0.05,700,"bu","14:19:59",16610100
26.1,0.05,1800,"bu","14:19:58",16609400
26.1,0.05,7600,"bu","14:19:58",16607600
26.1,0.05,2000,"bu","14:19:58",16600000
26.1,0.05,400,"bu","14:19:56",16598000
26.1,0.05,2600,"bu","14:19:56",16597600
26.1,0.05,400,"bu","14:19:48",16595000
26.1,0.05,100,"bu","14:19:48",16594600
26.05,0,5000,"bu","14:19:42",16594500
26.05,0,7000,"bu","14:19:42",16589500
26.05,0,5000,"bu","14:19:42",16582500
26.05,0,500,"bu","14:19:42",16577500
26.05,0,1000,"bu","14:19:42",16577000
26.05,0,1000,"bu","14:19:42",16576000
26.05,0,4600,"bu","14:19:42",16575000
26.05,0,300,"bu","14:19:42",16570400
26.05,0,5100,"bu","14:19:37",16570100
26.05,0,200,"bu","14:19:37",16565000
26.05,0,1700,"bu","14:19:37",16564800
26.05,0,200,"bu","14:19:36",16563100
26,-0.05,1000,"sd","14:19:29",16562900
26.05,0,1000,"bu","14:19:29",16561900
26.05,0,300,"bu","14:19:27",16560900
26.05,0,5000,"bu","14:19:26",16560600
26.05,0,1000,"bu","14:19:24",16555600
26.05,0,1000,"bu","14:19:23",16554600
26.05,0,1000,"bu","14:19:23",16553600
26.05,0,1000,"bu","14:19:20",16552600
26.05,0,2900,"bu","14:19:15",16551600
26.05,0,100,"bu","14:19:15",16548700
26.05,0,3000,"bu","14:19:15",16548600
26,-0.05,700,"bu","14:19:14",16545600
26,-0.05,100,"bu","14:19:14",16544900
26,-0.05,100,"bu","14:19:14",16544800
26,-0.05,3000,"bu","14:19:14",16544700
26,-0.05,300,"bu","14:19:14",16541700
26,-0.05,100,"bu","14:19:14",16541400
26,-0.05,400,"bu","14:19:14",16541300
26,-0.05,5000,"bu","14:19:14",16540900
26,-0.05,100,"bu","14:19:14",16535900
26,-0.05,1000,"bu","14:19:14",16535800
26,-0.05,28700,"bu","14:19:14",16534800
26,-0.05,10000,"bu","14:19:14",16506100
26,-0.05,900,"bu","14:19:14",16496100
26,-0.05,1000,"bu","14:19:13",16495200
26,-0.05,5000,"bu","14:19:13",16494200
26,-0.05,4400,"bu","14:19:13",16489200
26,-0.05,1300,"bu","14:19:13",16484800
26,-0.05,2000,"bu","14:19:10",16483500
26,-0.05,300,"bu","14:19:09",16481500
26,-0.05,300,"bu","14:19:08",16481200
26,-0.05,100,"bu","14:19:08",16480900
26,-0.05,1600,"bu","14:19:07",16480800
26,-0.05,500,"bu","14:19:07",16479200
26,-0.05,4000,"bu","14:19:07",16478700
26,-0.05,10000,"bu","14:19:07",16474700
26,-0.05,3900,"bu","14:19:07",16464700
26,-0.05,300,"bu","14:19:05",16460800
26,-0.05,4000,"bu","14:19:05",16460500
26,-0.05,200,"bu","14:19:04",16456500
26,-0.05,200,"bu","14:19:04",16456300
26,-0.05,20000,"bu","14:19:02",16456100
26,-0.05,6400,"bu","14:18:55",16436100
26,-0.05,100,"bu","14:18:55",16429700
26,-0.05,300,"bu","14:18:55",16429600
26,-0.05,1000,"bu","14:18:55",16429300
26,-0.05,200,"bu","14:18:55",16428300
26,-0.05,2000,"bu","14:18:55",16428100
26,-0.05,500,"bu","14:18:54",16426100
26,-0.05,19500,"bu","14:18:53",16425600
26,-0.05,100,"bu","14:18:53",16406100
26,-0.05,100,"bu","14:18:53",16406000
26,-0.05,3000,"bu","14:18:53",16405900
26,-0.05,4000,"bu","14:18:53",16402900
26,-0.05,2000,"bu","14:18:53",16398900
26,-0.05,10000,"bu","14:18:53",16396900
26,-0.05,2000,"bu","14:18:53",16386900
26,-0.05,100,"bu","14:18:53",16384900
26,-0.05,500,"bu","14:18:53",16384800
26,-0.05,4000,"bu","14:18:53",16384300
26,-0.05,1000,"bu","14:18:53",16380300
26,-0.05,3700,"bu","14:18:53",16379300
26,-0.05,100,"bu","14:18:53",16375600
26,-0.05,1200,"bu","14:18:40",16375500
26,-0.05,3800,"bu","14:18:40",16374300
25.95,-0.1,1400,"sd","14:18:40",16370500
25.95,-0.1,4800,"sd","14:18:34",16369100
25.95,-0.1,2000,"sd","14:18:34",16364300
25.95,-0.1,1000,"sd","14:18:34",16362300
25.95,-0.1,2200,"sd","14:18:34",16361300
26,-0.05,1000,"bu","14:18:34",16359100
26,-0.05,200,"bu","14:18:32",16358100
25.95,-0.1,1000,"sd","14:18:24",16357900
25.95,-0.1,100,"bu","14:18:18",16356900
25.95,-0.1,600,"bu","14:18:18",16356800
25.95,-0.1,6100,"bu","14:18:18",16356200
25.95,-0.1,5700,"bu","14:18:16",16350100
25.95,-0.1,200,"bu","14:18:14",16344400
25.95,-0.1,3000,"bu","14:18:11",16344200
25.95,-0.1,2000,"bu","14:18:11",16341200
25.95,-0.1,17700,"bu","14:18:11",16339200
25.9,-0.15,100,"sd","14:18:06",16321500
25.95,-0.1,50000,"bu","14:18:06",16321400
25.95,-0.1,300,"bu","14:18:04",16271400
25.95,-0.1,3300,"bu","14:18:01",16271100
25.95,-0.1,100,"bu","14:18:01",16267800
25.95,-0.1,5000,"bu","14:17:52",16267700
25.95,-0.1,900,"bu","14:17:49",16262700
25.95,-0.1,1000,"bu","14:17:49",16261800
25.95,-0.1,500,"bu","14:17:49",16260800
25.95,-0.1,3700,"bu","14:17:49",16260300
25.95,-0.1,500,"bu","14:17:49",16256600
25.95,-0.1,200,"bu","14:17:49",16256100
25.95,-0.1,6100,"bu","14:17:48",16255900
25.95,-0.1,23900,"bu","14:17:48",16249800
25.9,-0.15,100,"sd","14:17:46",16225900
25.95,-0.1,5700,"bu","14:17:45",16225800
25.9,-0.15,1000,"bu","14:17:37",16220100
25.9,-0.15,1200,"bu","14:17:37",16219100
25.9,-0.15,100,"bu","14:17:35",16217900
25.9,-0.15,3000,"bu","14:17:33",16217800
25.9,-0.15,400,"bu","14:17:32",16214800
25.9,-0.15,5000,"bu","14:17:30",16214400
25.9,-0.15,5600,"bu","14:17:29",16209400
25.9,-0.15,200,"bu","14:17:29",16203800
25.9,-0.15,1000,"sd","14:17:26",16203600
25.9,-0.15,400,"sd","14:17:25",16202600
25.9,-0.15,25000,"sd","14:17:25",16202200
25.9,-0.15,1000,"sd","14:17:25",16177200
25.9,-0.15,100,"sd","14:17:25",16176200
25.9,-0.15,7000,"sd","14:17:25",16176100
25.95,-0.1,6600,"bu","14:17:22",16169100
25.95,-0.1,6600,"bu","14:17:16",16162500
25.9,-0.15,5000,"sd","14:17:15",16155900
25.9,-0.15,5000,"bu","14:17:14",16150900
25.9,-0.15,100,"bu","14:17:14",16145900
25.9,-0.15,2900,"bu","14:17:13",16145800
25.9,-0.15,800,"bu","14:17:13",16142900
25.9,-0.15,5700,"bu","14:17:10",16142100
25.9,-0.15,600,"bu","14:17:09",16136400
25.9,-0.15,6000,"bu","14:17:09",16135800
25.9,-0.15,200,"bu","14:17:04",16129800
25.9,-0.15,6600,"bu","14:17:03",16129600
25.9,-0.15,1000,"bu","14:17:01",16123000
25.9,-0.15,300,"bu","14:16:59",16122000
25.9,-0.15,100,"bu","14:16:58",16121700
25.9,-0.15,6600,"bu","14:16:57",16121600
25.9,-0.15,5400,"bu","14:16:53",16115000
25.85,-0.2,1000,"sd","14:16:52",16109600
25.85,-0.2,200,"sd","14:16:47",16108600
25.9,-0.15,23800,"bu","14:16:47",16108400
25.9,-0.15,200,"bu","14:16:47",16084600
25.9,-0.15,500,"bu","14:16:47",16084400
25.9,-0.15,5500,"bu","14:16:47",16083900
25.9,-0.15,1000,"bu","14:16:44",16078400
25.9,-0.15,100,"bu","14:16:43",16077400
25.9,-0.15,500,"bu","14:16:42",16077300
25.9,-0.15,1000,"bu","14:16:41",16076800
25.9,-0.15,100,"bu","14:16:39",16075800
25.9,-0.15,1800,"bu","14:16:36",16075700
25.9,-0.15,1000,"bu","14:16:36",16073900
25.9,-0.15,5000,"bu","14:16:36",16072900
25.9,-0.15,1800,"bu","14:16:36",16067900
25.9,-0.15,5000,"bu","14:16:36",16066100
25.9,-0.15,35400,"bu","14:16:36",16061100
25.85,-0.2,2000,"sd","14:16:33",16025700
25.9,-0.15,30000,"bu","14:16:31",16023700
25.9,-0.15,200,"bu","14:16:26",15993700
25.85,-0.2,11100,"sd","14:16:21",15993500
25.85,-0.2,200,"sd","14:16:21",15982400
25.85,-0.2,100,"sd","14:16:21",15982200
25.85,-0.2,5000,"sd","14:16:21",15982100
25.85,-0.2,1000,"sd","14:16:21",15977100
25.85,-0.2,100,"sd","14:16:21",15976100
25.85,-0.2,300,"sd","14:16:21",15976000
25.85,-0.2,1300,"sd","14:16:21",15975700
25.85,-0.2,400,"sd","14:16:21",15974400
25.85,-0.2,500,"sd","14:16:21",15974000
25.85,-0.2,1000,"sd","14:16:17",15973500
25.9,-0.15,1700,"bu","14:16:14",15972500
25.9,-0.15,500,"bu","14:16:06",15970800
25.9,-0.15,1300,"bu","14:16:00",15970300
25.9,-0.15,100,"bu","14:15:55",15969000
25.9,-0.15,300,"bu","14:15:54",15968900
25.9,-0.15,1500,"bu","14:15:52",15968600
25.9,-0.15,200,"bu","14:15:46",15967100
25.9,-0.15,2000,"bu","14:15:43",15966900
25.9,-0.15,26800,"sd","14:15:37",15964900
25.9,-0.15,5000,"bu","14:15:36",15938100
25.9,-0.15,18200,"bu","14:15:36",15933100
25.9,-0.15,200,"bu","14:15:29",15914900
25.9,-0.15,200,"bu","14:15:27",15914700
25.9,-0.15,1000,"bu","14:15:25",15914500
25.9,-0.15,200,"bu","14:15:24",15913500
25.9,-0.15,200,"bu","14:15:24",15913300
25.9,-0.15,100,"sd","14:15:23",15913100
25.9,-0.15,29900,"sd","14:15:23",15913000
25.9,-0.15,1000,"sd","14:15:21",15883100
25.95,-0.1,300,"bu","14:15:21",15882100
25.95,-0.1,600,"bu","14:15:14",15881800
25.9,-0.15,14100,"sd","14:15:14",15881200
25.9,-0.15,100,"sd","14:15:14",15867100
25.9,-0.15,400,"sd","14:15:14",15867000
25.9,-0.15,15400,"sd","14:15:14",15866600
25.9,-0.15,2800,"sd","14:15:13",15851200
25.95,-0.1,2000,"bu","14:15:01",15848400
25.95,-0.1,100,"bu","14:14:54",15846400
25.9,-0.15,200,"sd","14:14:47",15846300
25.9,-0.15,1000,"bu","14:14:47",15846100
25.9,-0.15,30600,"bu","14:14:47",15845100
25.9,-0.15,3000,"bu","14:14:46",15814500
25.9,-0.15,300,"bu","14:14:43",15811500
25.9,-0.15,10000,"bu","14:14:43",15811200
25.9,-0.15,200,"bu","14:14:39",15801200
25.9,-0.15,800,"bu","14:14:33",15801000
25.9,-0.15,2500,"bu","14:14:30",15800200
25.9,-0.15,100,"bu","14:14:30",15797700
25.9,-0.15,2500,"bu","14:14:27",15797600
25.9,-0.15,5000,"bu","14:14:27",15795100
25.9,-0.15,42500,"bu","14:14:27",15790100
25.9,-0.15,100,"bu","14:14:23",15747600
25.9,-0.15,1300,"bu","14:14:23",15747500
25.9,-0.15,2000,"bu","14:14:19",15746200
25.9,-0.15,1000,"sd","14:14:17",15744200
25.9,-0.15,300,"sd","14:14:17",15743200
25.9,-0.15,100,"sd","14:14:17",15742900
25.9,-0.15,2700,"sd","14:14:17",15742800
25.9,-0.15,4800,"sd","14:14:11",15740100
25.9,-0.15,5200,"sd","14:14:11",15735300
25.9,-0.15,10000,"bu","14:14:10",15730100
25.9,-0.15,6000,"bu","14:14:10",15720100
25.9,-0.15,16300,"bu","14:14:10",15714100
25.9,-0.15,50000,"bu","14:14:09",15697800
25.9,-0.15,1500,"bu","14:14:07",15647800
25.9,-0.15,20000,"bu","14:14:07",15646300
25.9,-0.15,1000,"bu","14:14:06",15626300
25.9,-0.15,11200,"bu","14:14:02",15625300
25.9,-0.15,5000,"bu","14:14:02",15614100
25.9,-0.15,1000,"bu","14:14:02",15609100
25.9,-0.15,2800,"bu","14:14:01",15608100
25.9,-0.15,3600,"bu","14:14:01",15605300
25.9,-0.15,100,"bu","14:14:01",15601700
25.9,-0.15,100,"bu","14:14:01",15601600
25.9,-0.15,1000,"bu","14:14:01",15601500
25.9,-0.15,1000,"bu","14:14:01",15600500
25.9,-0.15,200,"bu","14:14:01",15599500
25.9,-0.15,100,"bu","14:14:01",15599300
25.9,-0.15,400,"bu","14:14:01",15599200
25.9,-0.15,200,"bu","14:14:01",15598800
25.85,-0.2,1000,"sd","14:13:59",15598600
25.9,-0.15,1000,"bu","14:13:59",15597600
25.9,-0.15,500,"bu","14:13:58",15596600
25.9,-0.15,500,"bu","14:13:58",15596100
25.9,-0.15,2000,"bu","14:13:57",15595600
25.9,-0.15,500,"bu","14:13:54",15593600
25.9,-0.15,200,"bu","14:13:51",15593100
25.9,-0.15,5100,"bu","14:13:50",15592900
25.9,-0.15,24900,"bu","14:13:50",15587800
25.9,-0.15,100,"bu","14:13:45",15562900
25.9,-0.15,1000,"bu","14:13:43",15562800
25.9,-0.15,400,"bu","14:13:43",15561800
25.9,-0.15,20000,"bu","14:13:27",15561400
25.9,-0.15,100,"bu","14:13:23",15541400
25.9,-0.15,3500,"bu","14:13:21",15541300
25.9,-0.15,100,"bu","14:13:21",15537800
25.9,-0.15,100,"bu","14:13:21",15537700
25.9,-0.15,100,"bu","14:13:21",15537600
25.9,-0.15,500,"bu","14:13:21",15537500
25.9,-0.15,700,"bu","14:13:21",15537000
25.9,-0.15,100,"bu","14:13:19",15536300
25.9,-0.15,1200,"bu","14:13:15",15536200
25.9,-0.15,1000,"bu","14:13:13",15535000
25.9,-0.15,300,"bu","14:13:10",15534000
25.9,-0.15,1000,"bu","14:13:09",15533700
25.9,-0.15,200,"bu","14:13:05",15532700
25.9,-0.15,500,"bu","14:13:04",15532500
25.9,-0.15,100,"bu","14:12:59",15532000
25.9,-0.15,100,"bu","14:12:48",15531900
25.85,-0.2,1000,"sd","14:12:48",15531800
25.85,-0.2,100,"sd","14:12:43",15530800
25.9,-0.15,100,"bu","14:12:37",15530700
25.85,-0.2,100,"bu","14:12:32",15530600
25.85,-0.2,4400,"bu","14:12:32",15530500
25.85,-0.2,5000,"bu","14:12:32",15526100
25.85,-0.2,100,"bu","14:12:32",15521100
25.85,-0.2,400,"bu","14:12:30",15521000
25.85,-0.2,100,"bu","14:12:29",15520600
25.85,-0.2,1000,"bu","14:12:29",15520500
25.85,-0.2,100,"bu","14:12:29",15519500
25.85,-0.2,400,"bu","14:12:29",15519400
25.85,-0.2,5900,"bu","14:12:29",15519000
25.85,-0.2,9100,"bu","14:12:29",15513100
25.85,-0.2,6000,"bu","14:12:29",15504000
25.85,-0.2,100,"bu","14:12:29",15498000
25.85,-0.2,500,"bu","14:12:29",15497900
25.85,-0.2,300,"bu","14:12:29",15497400
25.85,-0.2,500,"bu","14:12:29",15497100
25.85,-0.2,20000,"bu","14:12:29",15496600
25.85,-0.2,1000,"bu","14:12:29",15476600
25.85,-0.2,500,"bu","14:12:27",15475600
25.85,-0.2,18500,"bu","14:12:27",15475100
25.85,-0.2,300,"bu","14:12:27",15456600
25.85,-0.2,1200,"bu","14:12:27",15456300
25.85,-0.2,2000,"bu","14:12:22",15455100
25.85,-0.2,3600,"bu","14:12:20",15453100
25.85,-0.2,100,"bu","14:12:18",15449500
25.8,-0.25,600,"sd","14:12:17",15449400
25.8,-0.25,400,"sd","14:12:17",15448800
25.85,-0.2,13100,"bu","14:12:08",15448400
25.85,-0.2,1900,"bu","14:12:08",15435300
25.85,-0.2,3000,"bu","14:12:08",15433400
25.85,-0.2,300,"bu","14:12:05",15430400
25.85,-0.2,400,"bu","14:12:03",15430100
25.85,-0.2,10600,"bu","14:12:02",15429700
25.85,-0.2,200,"bu","14:12:01",15419100
25.85,-0.2,500,"bu","14:12:01",15418900
25.85,-0.2,300,"bu","14:11:57",15418400
25.8,-0.25,600,"sd","14:11:57",15418100
25.85,-0.2,200,"bu","14:11:56",15417500
25.85,-0.2,100,"bu","14:11:48",15417300
25.85,-0.2,100,"bu","14:11:46",15417200
25.85,-0.2,1700,"bu","14:11:34",15417100
25.85,-0.2,300,"bu","14:11:33",15415400
25.85,-0.2,200,"bu","14:11:31",15415100
25.85,-0.2,100,"bu","14:11:28",15414900
25.85,-0.2,100,"bu","14:11:16",15414800
25.8,-0.25,2000,"bu","14:11:12",15414700
25.8,-0.25,100,"bu","14:11:12",15412700
25.8,-0.25,100,"bu","14:11:12",15412600
25.8,-0.25,5000,"bu","14:11:12",15412500
25.8,-0.25,300,"bu","14:11:12",15407500
25.8,-0.25,2500,"bu","14:11:12",15407200
25.8,-0.25,2000,"bu","14:11:12",15404700
25.8,-0.25,400,"bu","14:11:12",15402700
25.8,-0.25,7000,"bu","14:11:12",15402300
25.8,-0.25,400,"bu","14:11:12",15395300
25.8,-0.25,10000,"bu","14:11:12",15394900
25.8,-0.25,200,"bu","14:11:12",15384900
25.8,-0.25,3000,"bu","14:11:12",15384700
25.8,-0.25,5000,"bu","14:11:12",15381700
25.8,-0.25,200,"bu","14:11:12",15376700
25.8,-0.25,100,"bu","14:11:12",15376500
25.8,-0.25,10000,"bu","14:11:12",15376400
25.8,-0.25,100,"bu","14:11:12",15366400
25.8,-0.25,1500,"bu","14:11:12",15366300
25.8,-0.25,500,"bu","14:11:12",15364800
25.8,-0.25,500,"bu","14:11:12",15364300
25.8,-0.25,1500,"bu","14:11:10",15363800
25.8,-0.25,500,"bu","14:11:10",15362300
25.8,-0.25,1300,"bu","14:11:09",15361800
25.8,-0.25,1500,"bu","14:11:07",15360500
25.8,-0.25,100,"bu","14:11:04",15359000
25.8,-0.25,19500,"bu","14:11:03",15358900
25.8,-0.25,400,"bu","14:11:00",15339400
25.8,-0.25,12300,"bu","14:10:59",15339000
25.8,-0.25,6700,"bu","14:10:59",15326700
25.8,-0.25,1000,"bu","14:10:59",15320000
25.8,-0.25,3300,"bu","14:10:58",15319000
25.8,-0.25,3300,"bu","14:10:44",15315700
25.8,-0.25,200,"bu","14:10:43",15312400
25.8,-0.25,4000,"bu","14:10:42",15312200
25.8,-0.25,100,"bu","14:10:30",15308200
25.8,-0.25,500,"bu","14:10:28",15308100
25.75,-0.3,400,"sd","14:10:25",15307600
25.75,-0.3,100,"sd","14:10:22",15307200
25.75,-0.3,4900,"sd","14:10:22",15307100
25.75,-0.3,100,"bu","14:10:17",15302200
25.7,-0.35,1000,"sd","14:10:16",15302100
25.75,-0.3,500,"bu","14:10:16",15301100
25.75,-0.3,2000,"bu","14:10:15",15300600
25.75,-0.3,800,"bu","14:10:15",15298600
25.75,-0.3,1400,"bu","14:10:15",15297800
25.75,-0.3,300,"bu","14:10:14",15296400
25.75,-0.3,300,"bu","14:10:13",15296100
25.75,-0.3,200,"bu","14:10:13",15295800
25.75,-0.3,500,"bu","14:10:12",15295600
25.75,-0.3,1500,"bu","14:10:12",15295100
25.75,-0.3,100,"bu","14:10:11",15293600
25.75,-0.3,100,"bu","14:10:11",15293500
25.75,-0.3,1000,"bu","14:10:10",15293400
25.75,-0.3,3000,"bu","14:10:09",15292400
25.75,-0.3,1000,"bu","14:10:08",15289400
25.75,-0.3,4000,"bu","14:10:06",15288400
25.75,-0.3,2000,"bu","14:10:03",15284400
25.75,-0.3,100,"bu","14:10:03",15282400
25.75,-0.3,100,"bu","14:10:01",15282300
25.75,-0.3,100,"bu","14:09:56",15282200
25.75,-0.3,400,"bu","14:09:55",15282100
25.75,-0.3,500,"bu","14:09:53",15281700
25.75,-0.3,1500,"bu","14:09:51",15281200
25.75,-0.3,8000,"bu","14:09:49",15279700
25.75,-0.3,2000,"bu","14:09:44",15271700
25.75,-0.3,1300,"bu","14:09:41",15269700
25.75,-0.3,100,"bu","14:09:40",15268400
25.7,-0.35,100,"sd","14:09:39",15268300
25.75,-0.3,1300,"bu","14:09:32",15268200
25.75,-0.3,1000,"bu","14:09:31",15266900
25.7,-0.35,100,"sd","14:09:29",15265900
25.75,-0.3,100,"bu","14:09:27",15265800
25.7,-0.35,15000,"sd","14:09:24",15265700
25.75,-0.3,300,"bu","14:09:22",15250700
25.75,-0.3,100,"bu","14:09:21",15250400
25.75,-0.3,100,"bu","14:09:20",15250300
25.75,-0.3,200,"bu","14:09:19",15250200
25.75,-0.3,100,"sd","14:09:10",15250000
25.8,-0.25,100,"bu","14:09:10",15249900
25.75,-0.3,500,"sd","14:09:08",15249800
25.7,-0.35,4300,"sd","14:09:08",15249300
25.75,-0.3,100,"sd","14:09:08",15245000
25.75,-0.3,300,"sd","14:09:08",15244900
25.75,-0.3,9800,"sd","14:09:08",15244600
25.8,-0.25,100,"bu","14:09:08",15234800
25.75,-0.3,200,"sd","14:09:08",15234700
25.75,-0.3,600,"sd","14:09:08",15234500
25.8,-0.25,9000,"bu","14:09:02",15233900
25.75,-0.3,5000,"sd","14:09:00",15224900
25.8,-0.25,800,"bu","14:08:54",15219900
25.75,-0.3,500,"bu","14:08:54",15219100
25.75,-0.3,1000,"bu","14:08:54",15218600
25.75,-0.3,3000,"bu","14:08:54",15217600
25.75,-0.3,1000,"bu","14:08:54",15214600
25.75,-0.3,500,"bu","14:08:54",15213600
25.75,-0.3,8400,"bu","14:08:54",15213100
25.75,-0.3,200,"bu","14:08:52",15204700
25.7,-0.35,5900,"sd","14:08:50",15204500
25.7,-0.35,7500,"sd","14:08:50",15198600
25.7,-0.35,500,"sd","14:08:50",15191100
25.7,-0.35,100,"sd","14:08:50",15190600
25.7,-0.35,100,"sd","14:08:50",15190500
25.7,-0.35,200,"sd","14:08:50",15190400
25.7,-0.35,1000,"sd","14:08:50",15190200
25.7,-0.35,100,"sd","14:08:50",15189200
25.7,-0.35,500,"sd","14:08:50",15189100
25.7,-0.35,2900,"sd","14:08:50",15188600
25.7,-0.35,500,"sd","14:08:50",15185700
25.7,-0.35,100,"sd","14:08:50",15185200
25.7,-0.35,400,"sd","14:08:50",15185100
25.7,-0.35,200,"sd","14:08:50",15184700
25.75,-0.3,300,"bu","14:08:49",15184500
25.75,-0.3,100,"bu","14:08:45",15184200
25.75,-0.3,100,"bu","14:08:43",15184100
25.75,-0.3,100,"bu","14:08:43",15184000
25.75,-0.3,100,"bu","14:08:41",15183900
25.75,-0.3,1700,"bu","14:08:41",15183800
25.75,-0.3,300,"bu","14:08:40",15182100
25.75,-0.3,1900,"bu","14:08:39",15181800
25.75,-0.3,100,"bu","14:08:38",15179900
25.75,-0.3,100,"bu","14:08:34",15179800
25.75,-0.3,500,"bu","14:08:34",15179700
25.75,-0.3,2000,"bu","14:08:34",15179200
25.75,-0.3,300,"bu","14:08:34",15177200
25.75,-0.3,6600,"bu","14:08:34",15176900
25.75,-0.3,29500,"bu","14:08:34",15170300
25.75,-0.3,900,"bu","14:08:34",15140800
25.75,-0.3,900,"bu","14:08:34",15139900
25.75,-0.3,300,"bu","14:08:34",15139000
25.75,-0.3,3000,"bu","14:08:34",15138700
25.75,-0.3,1000,"bu","14:08:34",15135700
25.75,-0.3,20000,"bu","14:08:34",15134700
25.75,-0.3,5000,"bu","14:08:32",15114700
25.75,-0.3,200,"bu","14:08:32",15109700
25.75,-0.3,300,"bu","14:08:31",15109500
25.75,-0.3,1000,"bu","14:08:29",15109200
25.75,-0.3,2200,"bu","14:08:23",15108200
25.75,-0.3,100,"bu","14:08:21",15106000
25.75,-0.3,400,"bu","14:08:16",15105900
25.75,-0.3,100,"bu","14:08:16",15105500
25.75,-0.3,200,"bu","14:08:13",15105400
25.75,-0.3,2700,"bu","14:08:09",15105200
25.75,-0.3,200,"bu","14:08:08",15102500
25.75,-0.3,100,"bu","14:08:07",15102300
25.75,-0.3,3300,"bu","14:08:01",15102200
25.75,-0.3,1300,"bu","14:07:55",15098900
25.75,-0.3,200,"bu","14:07:50",15097600
25.7,-0.35,300,"sd","14:07:49",15097400
25.7,-0.35,700,"sd","14:07:49",15097100
25.75,-0.3,100,"bu","14:07:49",15096400
25.75,-0.3,2900,"bu","14:07:45",15096300
25.75,-0.3,300,"bu","14:07:44",15093400
25.75,-0.3,3300,"bu","14:07:40",15093100
25.75,-0.3,100,"bu","14:07:35",15089800
25.75,-0.3,3300,"bu","14:07:29",15089700
25.75,-0.3,100,"bu","14:07:23",15086400
25.7,-0.35,1400,"sd","14:07:21",15086300
25.7,-0.35,300,"sd","14:07:21",15084900
25.7,-0.35,100,"sd","14:07:21",15084600
25.7,-0.35,200,"sd","14:07:21",15084500
25.75,-0.3,1000,"bu","14:07:17",15084300
25.7,-0.35,1100,"sd","14:07:10",15083300
25.7,-0.35,900,"sd","14:07:10",15082200
25.7,-0.35,6500,"sd","14:07:08",15081300
25.7,-0.35,1000,"sd","14:07:08",15074800
25.7,-0.35,200,"sd","14:07:05",15073800
25.7,-0.35,700,"sd","14:07:05",15073600
25.7,-0.35,200,"sd","14:07:05",15072900
25.7,-0.35,100,"sd","14:07:05",15072700
25.7,-0.35,500,"sd","14:07:05",15072600
25.7,-0.35,1000,"sd","14:07:05",15072100
25.7,-0.35,300,"sd","14:07:05",15071100
25.75,-0.3,100,"bu","14:07:04",15070800
25.75,-0.3,2500,"bu","14:07:04",15070700
25.75,-0.3,100,"bu","14:07:03",15068200
25.7,-0.35,500,"bu","14:07:00",15068100
25.7,-0.35,4200,"bu","14:07:00",15067600
25.7,-0.35,100,"bu","14:06:59",15063400
25.7,-0.35,20000,"bu","14:06:58",15063300
25.7,-0.35,100,"bu","14:06:58",15043300
25.7,-0.35,100,"bu","14:06:56",15043200
25.7,-0.35,500,"bu","14:06:54",15043100
25.7,-0.35,600,"bu","14:06:52",15042600
25.7,-0.35,500,"bu","14:06:51",15042000
25.7,-0.35,5000,"bu","14:06:50",15041500
25.7,-0.35,1800,"bu","14:06:49",15036500
25.7,-0.35,7100,"bu","14:06:49",15034700
25.7,-0.35,500,"bu","14:06:49",15027600
25.7,-0.35,2000,"bu","14:06:48",15027100
25.7,-0.35,5200,"bu","14:06:48",15025100
25.7,-0.35,3200,"bu","14:06:48",15019900
25.7,-0.35,2000,"bu","14:06:48",15016700
25.65,-0.4,5000,"sd","14:06:48",15014700
25.7,-0.35,1000,"bu","14:06:48",15009700
25.7,-0.35,2800,"bu","14:06:44",15008700
25.7,-0.35,1100,"bu","14:06:39",15005900
25.7,-0.35,300,"bu","14:06:39",15004800
25.7,-0.35,1100,"bu","14:06:39",15004500
25.7,-0.35,11700,"bu","14:06:37",15003400
25.7,-0.35,8300,"bu","14:06:37",14991700
25.7,-0.35,1000,"bu","14:06:36",14983400
25.7,-0.35,100,"bu","14:06:32",14982400
25.7,-0.35,10600,"bu","14:06:30",14982300
25.7,-0.35,1000,"bu","14:06:30",14971700
25.7,-0.35,1000,"bu","14:06:30",14970700
25.7,-0.35,10000,"bu","14:06:30",14969700
25.7,-0.35,7400,"bu","14:06:30",14959700
25.7,-0.35,100,"bu","14:06:30",14952300
25.7,-0.35,25000,"bu","14:06:27",14952200
25.65,-0.4,500,"sd","14:06:24",14927200
25.65,-0.4,500,"sd","14:06:05",14926700
25.7,-0.35,400,"bu","14:06:05",14926200
25.7,-0.35,500,"bu","14:06:05",14925800
25.7,-0.35,100,"bu","14:06:03",14925300
25.7,-0.35,100,"bu","14:06:01",14925200
25.7,-0.35,100,"bu","14:05:59",14925100
25.7,-0.35,100,"bu","14:05:53",14925000
25.7,-0.35,100,"bu","14:05:47",14924900
25.7,-0.35,500,"bu","14:05:45",14924800
25.7,-0.35,5000,"bu","14:05:40",14924300
25.65,-0.4,100,"sd","14:05:36",14919300
25.65,-0.4,500,"sd","14:05:36",14919200
25.65,-0.4,300,"sd","14:05:36",14918700
25.65,-0.4,100,"sd","14:05:36",14918400
25.7,-0.35,1000,"bu","14:05:34",14918300
25.7,-0.35,100,"bu","14:05:34",14917300
25.7,-0.35,300,"bu","14:05:33",14917200
25.7,-0.35,300,"bu","14:05:31",14916900
25.7,-0.35,100,"bu","14:05:29",14916600
25.7,-0.35,100,"bu","14:05:22",14916500
25.7,-0.35,100,"sd","14:05:15",14916400
25.7,-0.35,1000,"sd","14:05:15",14916300
25.7,-0.35,300,"sd","14:05:15",14915300
25.7,-0.35,100,"sd","14:05:15",14915000
25.7,-0.35,1300,"sd","14:05:15",14914900
25.7,-0.35,20000,"sd","14:05:15",14913600
25.7,-0.35,400,"sd","14:05:15",14893600
25.7,-0.35,500,"sd","14:05:15",14893200
25.7,-0.35,100,"sd","14:05:15",14892700
25.7,-0.35,100,"sd","14:05:15",14892600
25.7,-0.35,500,"sd","14:05:15",14892500
25.7,-0.35,100,"sd","14:05:15",14892000
25.7,-0.35,400,"sd","14:05:15",14891900
25.7,-0.35,1000,"sd","14:05:15",14891500
25.7,-0.35,200,"sd","14:05:15",14890500
25.7,-0.35,200,"sd","14:05:15",14890300
25.7,-0.35,1000,"sd","14:05:15",14890100
25.7,-0.35,100,"sd","14:05:15",14889100
25.7,-0.35,1000,"sd","14:05:15",14889000
25.7,-0.35,200,"sd","14:05:15",14888000
25.7,-0.35,200,"sd","14:05:15",14887800
25.7,-0.35,100,"sd","14:05:15",14887600
25.7,-0.35,100,"sd","14:05:15",14887500
25.7,-0.35,1000,"sd","14:05:15",14887400
25.7,-0.35,300,"sd","14:05:15",14886400
25.7,-0.35,200,"sd","14:05:15",14886100
25.7,-0.35,100,"sd","14:05:15",14885900
25.7,-0.35,500,"sd","14:05:15",14885800
25.7,-0.35,1000,"sd","14:05:15",14885300
25.7,-0.35,1000,"sd","14:05:15",14884300
25.7,-0.35,1000,"sd","14:05:15",14883300
25.7,-0.35,2000,"sd","14:05:15",14882300
25.7,-0.35,500,"sd","14:05:15",14880300
25.7,-0.35,100,"sd","14:05:15",14879800
25.7,-0.35,200,"sd","14:05:15",14879700
25.7,-0.35,100,"sd","14:05:15",14879500
25.7,-0.35,100,"sd","14:05:15",14879400
25.7,-0.35,71600,"sd","14:05:15",14879300
25.75,-0.3,200,"bu","14:05:14",14807700
25.7,-0.35,28400,"sd","14:05:11",14807500
25.7,-0.35,500,"sd","14:05:11",14779100
25.7,-0.35,500,"sd","14:05:11",14778600
25.7,-0.35,300,"sd","14:05:11",14778100
25.7,-0.35,300,"sd","14:05:11",14777800
25.75,-0.3,100,"bu","14:05:10",14777500
25.7,-0.35,600,"sd","14:05:06",14777400
25.7,-0.35,2000,"sd","14:05:05",14776800
25.7,-0.35,3000,"sd","14:04:58",14774800
25.75,-0.3,100,"bu","14:04:56",14771800
25.7,-0.35,200,"sd","14:04:50",14771700
25.7,-0.35,1400,"sd","14:04:49",14771500
25.7,-0.35,2000,"sd","14:04:49",14770100
25.7,-0.35,1000,"sd","14:04:49",14768100
25.7,-0.35,600,"sd","14:04:48",14767100
25.75,-0.3,100,"bu","14:04:44",14766500
25.7,-0.35,4400,"sd","14:04:41",14766400
25.7,-0.35,1000,"sd","14:04:41",14762000
25.7,-0.35,10000,"sd","14:04:41",14761000
25.7,-0.35,1000,"sd","14:04:41",14751000
25.7,-0.35,100,"sd","14:04:41",14750000
25.7,-0.35,300,"sd","14:04:41",14749900
25.7,-0.35,300,"sd","14:04:41",14749600
25.7,-0.35,1000,"sd","14:04:41",14749300
25.7,-0.35,200,"sd","14:04:41",14748300
25.7,-0.35,100,"sd","14:04:41",14748100
25.7,-0.35,1000,"sd","14:04:41",14748000
25.7,-0.35,600,"sd","14:04:41",14747000
25.7,-0.35,1400,"sd","14:04:28",14746400
25.7,-0.35,100,"sd","14:04:28",14745000
25.7,-0.35,5000,"sd","14:04:28",14744900
25.7,-0.35,200,"sd","14:04:28",14739900
25.7,-0.35,500,"sd","14:04:28",14739700
25.7,-0.35,100,"sd","14:04:28",14739200
25.7,-0.35,100,"sd","14:04:28",14739100
25.7,-0.35,3000,"sd","14:04:28",14739000
25.7,-0.35,200,"sd","14:04:28",14736000
25.7,-0.35,200,"sd","14:04:28",14735800
25.7,-0.35,500,"sd","14:04:28",14735600
25.7,-0.35,400,"sd","14:04:28",14735100
25.7,-0.35,100,"sd","14:04:28",14734700
25.7,-0.35,100,"sd","14:04:28",14734600
25.7,-0.35,100,"sd","14:04:28",14734500
25.7,-0.35,4000,"sd","14:04:28",14734400
25.7,-0.35,20000,"sd","14:04:28",14730400
25.7,-0.35,7000,"sd","14:04:28",14710400
25.75,-0.3,400,"bu","14:04:28",14703400
25.75,-0.3,100,"bu","14:04:25",14703000
25.7,-0.35,100,"sd","14:04:25",14702900
25.75,-0.3,100,"bu","14:04:23",14702800
25.75,-0.3,300,"bu","14:04:23",14702700
25.75,-0.3,100,"bu","14:04:19",14702400
25.75,-0.3,100,"bu","14:04:18",14702300
25.75,-0.3,100,"bu","14:04:16",14702200
25.75,-0.3,100,"bu","14:04:15",14702100
25.75,-0.3,1000,"bu","14:04:13",14702000
25.75,-0.3,500,"bu","14:04:09",14701000
25.75,-0.3,100,"bu","14:04:02",14700500
25.7,-0.35,400,"sd","14:04:01",14700400
25.75,-0.3,100,"bu","14:03:59",14700000
25.75,-0.3,300,"bu","14:03:55",14699900
25.75,-0.3,100,"bu","14:03:55",14699600
25.75,-0.3,100,"bu","14:03:52",14699500
25.75,-0.3,2100,"bu","14:03:52",14699400
25.75,-0.3,1000,"bu","14:03:52",14697300
25.75,-0.3,500,"bu","14:03:52",14696300
25.75,-0.3,1400,"bu","14:03:52",14695800
25.75,-0.3,300,"bu","14:03:50",14694400
25.75,-0.3,200,"bu","14:03:49",14694100
25.75,-0.3,200,"bu","14:03:40",14693900
25.75,-0.3,900,"bu","14:03:38",14693700
25.75,-0.3,1000,"bu","14:03:38",14692800
25.75,-0.3,6600,"bu","14:03:38",14691800
25.75,-0.3,1500,"bu","14:03:38",14685200
25.75,-0.3,5000,"bu","14:03:36",14683700
25.7,-0.35,1000,"sd","14:03:35",14678700
25.75,-0.3,200,"bu","14:03:32",14677700
25.75,-0.3,1000,"bu","14:03:29",14677500
25.75,-0.3,100,"bu","14:03:28",14676500
25.75,-0.3,100,"bu","14:03:26",14676400
25.75,-0.3,2100,"bu","14:03:25",14676300
25.75,-0.3,18900,"bu","14:03:25",14674200
25.75,-0.3,100,"bu","14:03:24",14655300
25.75,-0.3,400,"bu","14:03:23",14655200
25.75,-0.3,200,"bu","14:03:22",14654800
25.75,-0.3,400,"bu","14:03:22",14654600
25.75,-0.3,3000,"bu","14:03:22",14654200
25.75,-0.3,1600,"bu","14:03:22",14651200
25.75,-0.3,400,"bu","14:03:21",14649600
25.75,-0.3,100,"bu","14:03:21",14649200
25.75,-0.3,1000,"bu","14:03:19",14649100
25.75,-0.3,500,"bu","14:03:15",14648100
25.75,-0.3,1200,"bu","14:03:07",14647600
25.75,-0.3,1300,"bu","14:03:05",14646400
25.75,-0.3,100,"bu","14:03:00",14645100
25.75,-0.3,2000,"bu","14:02:57",14645000
25.75,-0.3,100,"bu","14:02:56",14643000
25.75,-0.3,100,"bu","14:02:52",14642900
25.7,-0.35,600,"sd","14:02:50",14642800
25.75,-0.3,700,"bu","14:02:46",14642200
25.75,-0.3,200,"bu","14:02:44",14641500
25.75,-0.3,100,"bu","14:02:41",14641300
25.75,-0.3,3800,"bu","14:02:39",14641200
25.75,-0.3,100,"bu","14:02:38",14637400
25.75,-0.3,100,"bu","14:02:36",14637300
25.75,-0.3,100,"bu","14:02:35",14637200
25.75,-0.3,100,"bu","14:02:30",14637100
25.75,-0.3,2000,"bu","14:02:29",14637000
25.75,-0.3,100,"sd","14:02:27",14635000
25.75,-0.3,100,"sd","14:02:27",14634900
25.75,-0.3,400,"sd","14:02:27",14634800
25.75,-0.3,100,"sd","14:02:27",14634400
25.75,-0.3,2000,"sd","14:02:27",14634300
25.75,-0.3,100,"sd","14:02:27",14632300
25.75,-0.3,5000,"sd","14:02:27",14632200
25.75,-0.3,300,"sd","14:02:27",14627200
25.75,-0.3,900,"sd","14:02:27",14626900
25.75,-0.3,300,"sd","14:02:27",14626000
25.75,-0.3,100,"sd","14:02:27",14625700
25.75,-0.3,5000,"sd","14:02:27",14625600
25.75,-0.3,72000,"sd","14:02:27",14620600
25.8,-0.25,100,"bu","14:02:20",14548600
25.8,-0.25,1000,"bu","14:02:18",14548500
25.75,-0.3,1000,"sd","14:02:18",14547500
25.75,-0.3,100,"sd","14:02:16",14546500
25.75,-0.3,3300,"sd","14:02:15",14546400
25.75,-0.3,4900,"sd","14:02:14",14543100
25.75,-0.3,5000,"sd","14:02:12",14538200
25.8,-0.25,100,"bu","14:02:09",14533200
25.8,-0.25,500,"bu","14:02:09",14533100
25.8,-0.25,200,"bu","14:02:07",14532600
25.75,-0.3,4900,"sd","14:02:06",14532400
25.75,-0.3,3300,"sd","14:02:05",14527500
25.75,-0.3,3200,"sd","14:02:02",14524200
25.8,-0.25,100,"bu","14:01:59",14521000
25.8,-0.25,4000,"bu","14:01:55",14520900
25.8,-0.25,100,"bu","14:01:48",14516900
25.8,-0.25,100,"bu","14:01:45",14516800
25.75,-0.3,2000,"sd","14:01:43",14516700
25.75,-0.3,300,"sd","14:01:35",14514700
25.75,-0.3,1300,"sd","14:01:35",14514400
25.75,-0.3,3700,"sd","14:01:35",14513100
25.75,-0.3,300,"sd","14:01:35",14509400
25.75,-0.3,500,"sd","14:01:35",14509100
25.75,-0.3,1400,"sd","14:01:35",14508600
25.75,-0.3,1000,"sd","14:01:35",14507200
25.75,-0.3,100,"sd","14:01:35",14506200
25.75,-0.3,400,"sd","14:01:35",14506100
25.75,-0.3,2000,"sd","14:01:35",14505700
25.75,-0.3,500,"sd","14:01:35",14503700
25.75,-0.3,800,"sd","14:01:35",14503200
25.75,-0.3,100,"sd","14:01:35",14502400
25.75,-0.3,100,"sd","14:01:35",14502300
25.75,-0.3,500,"sd","14:01:35",14502200
25.75,-0.3,7000,"sd","14:01:35",14501700
25.75,-0.3,13000,"sd","14:01:28",14494700
25.75,-0.3,500,"sd","14:01:28",14481700
25.75,-0.3,1400,"sd","14:01:28",14481200
25.75,-0.3,10000,"sd","14:01:28",14479800
25.75,-0.3,100,"sd","14:01:28",14469800
25.75,-0.3,15000,"sd","14:01:28",14469700
25.8,-0.25,300,"bu","14:01:25",14454700
25.75,-0.3,1000,"sd","14:01:23",14454400
25.8,-0.25,200,"bu","14:01:23",14453400
25.8,-0.25,200,"bu","14:01:19",14453200
25.8,-0.25,100,"bu","14:01:16",14453000
25.8,-0.25,200,"sd","14:01:14",14452900
25.8,-0.25,300,"sd","14:01:14",14452700
25.8,-0.25,58800,"sd","14:01:14",14452400
25.8,-0.25,4200,"bu","14:01:11",14393600
25.8,-0.25,5000,"bu","14:01:08",14389400
25.75,-0.3,100,"sd","14:01:08",14384400
25.75,-0.3,3900,"sd","14:01:06",14384300
25.75,-0.3,1000,"sd","14:01:06",14380400
25.8,-0.25,3000,"bu","14:01:05",14379400
25.8,-0.25,1000,"bu","14:01:04",14376400
25.8,-0.25,100,"sd","14:01:03",14375400
25.8,-0.25,2000,"sd","14:01:03",14375300
25.8,-0.25,2000,"sd","14:01:03",14373300
25.8,-0.25,100,"sd","14:01:03",14371300
25.8,-0.25,100,"sd","14:01:03",14371200
25.8,-0.25,20000,"sd","14:01:03",14371100
25.8,-0.25,100,"sd","14:01:03",14351100
25.8,-0.25,1000,"sd","14:01:03",14351000
25.8,-0.25,6600,"sd","14:01:03",14350000
25.8,-0.25,100,"sd","14:01:03",14343400
25.8,-0.25,100,"sd","14:01:03",14343300
25.8,-0.25,200,"sd","14:01:03",14343200
25.8,-0.25,100,"sd","14:01:03",14343000
25.8,-0.25,400,"sd","14:01:03",14342900
25.8,-0.25,500,"sd","14:01:03",14342500
25.8,-0.25,200,"sd","14:01:03",14342000
25.8,-0.25,100,"sd","14:01:03",14341800
25.8,-0.25,1000,"sd","14:01:03",14341700
25.8,-0.25,500,"sd","14:01:03",14340700
25.8,-0.25,500,"sd","14:01:03",14340200
25.8,-0.25,2000,"sd","14:01:03",14339700
25.8,-0.25,400,"sd","14:01:03",14337700
25.8,-0.25,400,"sd","14:01:03",14337300
25.8,-0.25,500,"sd","14:01:03",14336900
25.8,-0.25,2000,"sd","14:01:03",14336400
25.8,-0.25,20000,"sd","14:01:03",14334400
25.8,-0.25,100,"sd","14:01:03",14314400
25.8,-0.25,100,"sd","14:01:03",14314300
25.8,-0.25,500,"sd","14:01:03",14314200
25.8,-0.25,30100,"sd","14:01:03",14313700
25.8,-0.25,3300,"sd","14:01:00",14283600
25.85,-0.2,100,"bu","14:00:51",14280300
25.8,-0.25,5000,"sd","14:00:50",14280200
25.85,-0.2,100,"bu","14:00:46",14275200
25.8,-0.25,5000,"sd","14:00:38",14275100
25.85,-0.2,900,"bu","14:00:31",14270100
25.85,-0.2,500,"bu","14:00:30",14269200
25.85,-0.2,100,"bu","14:00:25",14268700
25.8,-0.25,900,"sd","14:00:15",14268600
25.8,-0.25,4900,"sd","14:00:14",14267700
25.85,-0.2,2800,"bu","14:00:13",14262800
25.85,-0.2,100,"bu","14:00:13",14260000
25.8,-0.25,6600,"sd","14:00:12",14259900
25.8,-0.25,3000,"bu","14:00:11",14253300
25.8,-0.25,2000,"bu","14:00:11",14250300
25.8,-0.25,1000,"bu","14:00:11",14248300
25.8,-0.25,30000,"bu","14:00:11",14247300
25.8,-0.25,6000,"bu","14:00:11",14217300
25.8,-0.25,2200,"bu","14:00:11",14211300
25.8,-0.25,17800,"bu","14:00:10",14209100
25.8,-0.25,20000,"bu","14:00:10",14191300
25.8,-0.25,100,"bu","14:00:10",14171300
25.8,-0.25,2000,"bu","14:00:10",14171200
25.8,-0.25,2100,"bu","14:00:10",14169200
25.8,-0.25,500,"bu","14:00:08",14167100
25.8,-0.25,6000,"bu","14:00:07",14166600
25.8,-0.25,22000,"bu","14:00:07",14160600
25.8,-0.25,2000,"bu","14:00:07",14138600
25.8,-0.25,1200,"bu","14:00:07",14136600
25.8,-0.25,300,"bu","14:00:07",14135400
25.8,-0.25,4300,"bu","14:00:05",14135100
25.75,-0.3,100,"sd","14:00:05",14130800
25.75,-0.3,4900,"sd","14:00:03",14130700
25.8,-0.25,100,"bu","14:00:03",14125800
25.8,-0.25,100,"bu","13:59:59",14125700
25.8,-0.25,2000,"bu","13:59:56",14125600
25.8,-0.25,8000,"bu","13:59:56",14123600
25.75,-0.3,20000,"sd","13:59:46",14115600
25.8,-0.25,2000,"bu","13:59:43",14095600
25.75,-0.3,200,"bu","13:59:42",14093600
25.75,-0.3,3000,"bu","13:59:42",14093400
25.75,-0.3,500,"bu","13:59:42",14090400
25.75,-0.3,800,"bu","13:59:42",14089900
25.75,-0.3,100,"bu","13:59:42",14089100
25.75,-0.3,500,"bu","13:59:42",14089000
25.75,-0.3,300,"bu","13:59:41",14088500
25.7,-0.35,900,"sd","13:59:40",14088200
25.7,-0.35,100,"sd","13:59:40",14087300
25.7,-0.35,1000,"sd","13:59:40",14087200
25.75,-0.3,100,"bu","13:59:40",14086200
25.75,-0.3,200,"bu","13:59:40",14086100
25.75,-0.3,9800,"bu","13:59:40",14085900
25.75,-0.3,100,"bu","13:59:39",14076100
25.75,-0.3,1000,"bu","13:59:39",14076000
25.75,-0.3,400,"bu","13:59:38",14075000
25.75,-0.3,18700,"bu","13:59:37",14074600
25.75,-0.3,100,"bu","13:59:37",14055900
25.75,-0.3,1200,"bu","13:59:37",14055800
25.75,-0.3,400,"bu","13:59:35",14054600
25.75,-0.3,28400,"bu","13:59:34",14054200
25.75,-0.3,1600,"bu","13:59:34",14025800
25.75,-0.3,2000,"bu","13:59:34",14024200
25.75,-0.3,100,"bu","13:59:34",14022200
25.75,-0.3,2000,"bu","13:59:30",14022100
25.75,-0.3,1000,"bu","13:59:25",14020100
25.75,-0.3,200,"bu","13:59:25",14019100
25.7,-0.35,1000,"sd","13:59:25",14018900
25.75,-0.3,100,"bu","13:59:24",14017900
25.75,-0.3,100,"bu","13:59:22",14017800
25.75,-0.3,3000,"bu","13:59:21",14017700
25.75,-0.3,4900,"bu","13:59:20",14014700
25.75,-0.3,2900,"bu","13:59:20",14009800
25.75,-0.3,400,"bu","13:59:20",14006900
25.75,-0.3,1000,"bu","13:59:17",14006500
25.75,-0.3,1000,"bu","13:59:12",14005500
25.75,-0.3,100,"bu","13:59:11",14004500
25.75,-0.3,100,"bu","13:59:10",14004400
25.75,-0.3,400,"bu","13:59:09",14004300
25.75,-0.3,100,"bu","13:59:08",14003900
25.7,-0.35,1000,"sd","13:59:07",14003800
25.75,-0.3,300,"bu","13:59:02",14002800
25.75,-0.3,100,"bu","13:59:01",14002500
25.75,-0.3,13600,"bu","13:58:57",14002400
25.75,-0.3,6400,"bu","13:58:57",13988800
25.75,-0.3,200,"bu","13:58:55",13982400
25.75,-0.3,200,"bu","13:58:54",13982200
25.75,-0.3,2000,"bu","13:58:54",13982000
25.75,-0.3,1000,"bu","13:58:52",13980000
25.75,-0.3,20000,"bu","13:58:51",13979000
25.75,-0.3,1000,"bu","13:58:46",13959000
25.75,-0.3,100,"bu","13:58:45",13958000
25.7,-0.35,2000,"sd","13:58:44",13957900
25.7,-0.35,1000,"sd","13:58:44",13955900
25.75,-0.3,100,"bu","13:58:43",13954900
25.75,-0.3,100,"bu","13:58:43",13954800
25.75,-0.3,8900,"bu","13:58:42",13954700
25.75,-0.3,100,"bu","13:58:42",13945800
25.75,-0.3,3000,"bu","13:58:42",13945700
25.75,-0.3,1000,"bu","13:58:42",13942700
25.75,-0.3,200,"bu","13:58:42",13941700
25.75,-0.3,500,"bu","13:58:42",13941500
25.75,-0.3,20000,"bu","13:58:42",13941000
25.75,-0.3,16300,"bu","13:58:42",13921000
25.75,-0.3,500,"bu","13:58:41",13904700
25.75,-0.3,1000,"bu","13:58:40",13904200
25.7,-0.35,1000,"sd","13:58:39",13903200
25.7,-0.35,200,"sd","13:58:39",13902200
25.7,-0.35,4000,"sd","13:58:39",13902000
25.75,-0.3,100,"bu","13:58:39",13898000
25.75,-0.3,2100,"bu","13:58:36",13897900
25.75,-0.3,500,"bu","13:58:36",13895800
25.75,-0.3,700,"bu","13:58:36",13895300
25.75,-0.3,300,"bu","13:58:30",13894600
25.7,-0.35,6000,"sd","13:58:19",13894300
25.7,-0.35,14000,"sd","13:58:19",13888300
25.7,-0.35,2000,"bu","13:58:17",13874300
25.7,-0.35,100,"bu","13:58:17",13872300
25.7,-0.35,200,"bu","13:58:17",13872200
25.7,-0.35,100,"bu","13:58:17",13872000
25.7,-0.35,500,"bu","13:58:17",13871900
25.7,-0.35,1000,"bu","13:58:17",13871400
25.7,-0.35,2100,"bu","13:58:17",13870400
25.7,-0.35,400,"bu","13:58:17",13868300
25.7,-0.35,2000,"bu","13:58:16",13867900
25.7,-0.35,5000,"bu","13:58:16",13865900
25.7,-0.35,15000,"bu","13:58:16",13860900
25.7,-0.35,100,"bu","13:58:15",13845900
25.7,-0.35,5400,"bu","13:58:15",13845800
25.7,-0.35,100,"bu","13:58:15",13840400
25.7,-0.35,500,"bu","13:58:15",13840300
25.7,-0.35,5000,"bu","13:58:15",13839800
25.7,-0.35,2000,"bu","13:58:15",13834800
25.7,-0.35,2000,"bu","13:58:15",13832800
25.7,-0.35,15000,"bu","13:58:15",13830800
25.7,-0.35,1300,"bu","13:58:14",13815800
25.7,-0.35,36800,"bu","13:58:14",13814500
25.7,-0.35,100,"bu","13:58:13",13777700
25.7,-0.35,1000,"bu","13:58:12",13777600
25.7,-0.35,5000,"bu","13:58:11",13776600
25.7,-0.35,200,"bu","13:58:11",13771600
25.7,-0.35,400,"bu","13:58:10",13771400
25.7,-0.35,100,"bu","13:58:08",13771000
25.7,-0.35,1000,"bu","13:58:08",13770900
25.7,-0.35,10000,"bu","13:58:07",13769900
25.7,-0.35,1000,"bu","13:58:05",13759900
25.7,-0.35,100,"bu","13:58:05",13758900
25.7,-0.35,2000,"bu","13:58:02",13758800
25.7,-0.35,19600,"bu","13:58:02",13756800
25.65,-0.4,2000,"sd","13:58:01",13737200
25.7,-0.35,800,"bu","13:58:01",13735200
25.7,-0.35,100,"bu","13:58:00",13734400
25.7,-0.35,500,"bu","13:57:58",13734300
25.7,-0.35,3000,"bu","13:57:58",13733800
25.7,-0.35,400,"bu","13:57:58",13730800
25.7,-0.35,500,"bu","13:57:58",13730400
25.7,-0.35,300,"bu","13:57:56",13729900
25.7,-0.35,100,"bu","13:57:53",13729600
25.7,-0.35,200,"bu","13:57:52",13729500
25.7,-0.35,100,"bu","13:57:52",13729300
25.7,-0.35,2000,"bu","13:57:50",13729200
25.7,-0.35,1000,"bu","13:57:50",13727200
25.7,-0.35,100,"bu","13:57:49",13726200
25.7,-0.35,1000,"bu","13:57:48",13726100
25.65,-0.4,200,"sd","13:57:47",13725100
25.7,-0.35,500,"bu","13:57:47",13724900
25.7,-0.35,500,"bu","13:57:46",13724400
25.65,-0.4,1000,"sd","13:57:45",13723900
25.7,-0.35,200,"bu","13:57:45",13722900
25.7,-0.35,200,"bu","13:57:44",13722700
25.7,-0.35,100,"bu","13:57:38",13722500
25.65,-0.4,200,"sd","13:57:33",13722400
25.7,-0.35,200,"bu","13:57:24",13722200
25.65,-0.4,9800,"sd","13:57:24",13722000
25.65,-0.4,200,"sd","13:57:24",13712200
25.65,-0.4,200,"sd","13:57:22",13712000
25.65,-0.4,100,"bu","13:57:18",13711800
25.65,-0.4,9500,"bu","13:57:18",13711700
25.65,-0.4,500,"bu","13:57:18",13702200
25.6,-0.45,100,"sd","13:57:15",13701700
25.65,-0.4,100,"bu","13:57:13",13701600
25.65,-0.4,100,"bu","13:57:13",13701500
25.65,-0.4,200,"sd","13:57:11",13701400
25.65,-0.4,100,"sd","13:57:11",13701200
25.65,-0.4,500,"sd","13:57:11",13701100
25.65,-0.4,500,"sd","13:57:11",13700600
25.65,-0.4,8000,"sd","13:57:11",13700100
25.65,-0.4,500,"sd","13:57:11",13692100
25.6,-0.45,8700,"sd","13:57:07",13691600
25.65,-0.4,13900,"sd","13:57:07",13682900
25.65,-0.4,900,"sd","13:57:07",13669000
25.7,-0.35,1000,"bu","13:57:07",13668100
25.7,-0.35,100,"bu","13:57:07",13667100
25.65,-0.4,300,"sd","13:57:06",13667000
25.65,-0.4,4900,"sd","13:57:04",13666700
25.6,-0.45,10000,"sd","13:57:04",13661800
25.65,-0.4,100,"sd","13:57:04",13651800
25.7,-0.35,100,"bu","13:57:02",13651700
25.6,-0.45,1400,"sd","13:57:00",13651600
25.65,-0.4,1500,"sd","13:57:00",13650200
25.65,-0.4,100,"sd","13:57:00",13648700
25.6,-0.45,700,"sd","13:56:57",13648600
25.65,-0.4,200,"sd","13:56:57",13647900
25.65,-0.4,9700,"bu","13:56:55",13647700
25.65,-0.4,1000,"bu","13:56:55",13638000
25.65,-0.4,10000,"bu","13:56:55",13637000
25.65,-0.4,3000,"bu","13:56:55",13627000
25.65,-0.4,1000,"bu","13:56:55",13624000
25.65,-0.4,800,"bu","13:56:55",13623000
25.65,-0.4,300,"bu","13:56:55",13622200
25.65,-0.4,300,"bu","13:56:55",13621900
25.65,-0.4,5000,"bu","13:56:55",13621600
25.65,-0.4,1000,"bu","13:56:55",13616600
25.65,-0.4,100,"bu","13:56:55",13615600
25.65,-0.4,8100,"bu","13:56:55",13615500
25.65,-0.4,300,"bu","13:56:55",13607400
25.6,-0.45,7000,"sd","13:56:54",13607100
25.65,-0.4,500,"bu","13:56:53",13600100
25.65,-0.4,400,"bu","13:56:51",13599600
25.65,-0.4,700,"bu","13:56:49",13599200
25.65,-0.4,100,"bu","13:56:49",13598500
25.6,-0.45,600,"sd","13:56:49",13598400
25.65,-0.4,1000,"bu","13:56:48",13597800
25.65,-0.4,500,"bu","13:56:46",13596800
25.6,-0.45,200,"sd","13:56:45",13596300
25.6,-0.45,1000,"sd","13:56:44",13596100
25.6,-0.45,10000,"sd","13:56:42",13595100
25.65,-0.4,100,"bu","13:56:42",13585100
25.65,-0.4,1000,"bu","13:56:42",13585000
25.65,-0.4,1000,"bu","13:56:42",13584000
25.65,-0.4,100,"bu","13:56:38",13583000
25.65,-0.4,1300,"bu","13:56:37",13582900
25.65,-0.4,5000,"bu","13:56:36",13581600
25.65,-0.4,1000,"bu","13:56:36",13576600
25.65,-0.4,100,"bu","13:56:34",13575600
25.6,-0.45,100,"sd","13:56:34",13575500
25.6,-0.45,3000,"sd","13:56:32",13575400
25.6,-0.45,3600,"sd","13:56:31",13572400
25.65,-0.4,200,"bu","13:56:30",13568800
25.65,-0.4,500,"bu","13:56:30",13568600
25.6,-0.45,4000,"sd","13:56:29",13568100
25.6,-0.45,1000,"sd","13:56:29",13564100
25.6,-0.45,100,"sd","13:56:29",13563100
25.6,-0.45,100,"sd","13:56:29",13563000
25.6,-0.45,1000,"sd","13:56:29",13562900
25.6,-0.45,400,"sd","13:56:29",13561900
25.6,-0.45,200,"sd","13:56:29",13561500
25.6,-0.45,100,"sd","13:56:29",13561300
25.65,-0.4,1000,"bu","13:56:23",13561200
25.65,-0.4,1000,"bu","13:56:23",13560200
25.65,-0.4,200,"bu","13:56:19",13559200
25.65,-0.4,100,"bu","13:56:19",13559000
25.65,-0.4,100,"bu","13:56:17",13558900
25.6,-0.45,500,"sd","13:56:16",13558800
25.6,-0.45,400,"sd","13:56:16",13558300
25.6,-0.45,100,"sd","13:56:16",13557900
25.6,-0.45,400,"sd","13:56:16",13557800
25.6,-0.45,100,"sd","13:56:16",13557400
25.6,-0.45,600,"sd","13:56:16",13557300
25.6,-0.45,500,"sd","13:56:16",13556700
25.6,-0.45,1000,"sd","13:56:16",13556200
25.6,-0.45,1000,"sd","13:56:16",13555200
25.6,-0.45,300,"sd","13:56:16",13554200
25.6,-0.45,300,"sd","13:56:16",13553900
25.6,-0.45,100,"sd","13:56:16",13553600
25.6,-0.45,500,"sd","13:56:16",13553500
25.6,-0.45,100,"sd","13:56:16",13553000
25.6,-0.45,500,"sd","13:56:16",13552900
25.6,-0.45,1000,"sd","13:56:16",13552400
25.6,-0.45,200,"sd","13:56:16",13551400
25.6,-0.45,300,"sd","13:56:16",13551200
25.6,-0.45,500,"sd","13:56:16",13550900
25.6,-0.45,500,"sd","13:56:16",13550400
25.6,-0.45,2000,"sd","13:56:16",13549900
25.6,-0.45,100,"sd","13:56:16",13547900
25.6,-0.45,500,"sd","13:56:16",13547800
25.6,-0.45,1000,"sd","13:56:16",13547300
25.6,-0.45,1000,"sd","13:56:16",13546300
25.6,-0.45,1000,"sd","13:56:16",13545300
25.6,-0.45,100,"sd","13:56:16",13544300
25.6,-0.45,1000,"sd","13:56:16",13544200
25.6,-0.45,1000,"sd","13:56:16",13543200
25.6,-0.45,200,"sd","13:56:16",13542200
25.6,-0.45,500,"sd","13:56:16",13542000
25.6,-0.45,2000,"sd","13:56:16",13541500
25.6,-0.45,500,"sd","13:56:16",13539500
25.6,-0.45,100,"sd","13:56:16",13539000
25.6,-0.45,100,"sd","13:56:16",13538900
25.65,-0.4,200,"bu","13:56:14",13538800
25.65,-0.4,1000,"sd","13:56:11",13538600
25.65,-0.4,500,"sd","13:56:11",13537600
25.65,-0.4,100,"sd","13:56:11",13537100
25.65,-0.4,100,"sd","13:56:11",13537000
25.65,-0.4,2300,"sd","13:56:10",13536900
25.65,-0.4,100,"sd","13:56:10",13534600
25.65,-0.4,800,"sd","13:56:10",13534500
25.65,-0.4,1200,"sd","13:56:09",13533700
25.65,-0.4,600,"sd","13:56:09",13532500
25.65,-0.4,200,"sd","13:56:09",13531900
25.65,-0.4,100,"sd","13:56:09",13531700
25.65,-0.4,100,"sd","13:56:09",13531600
25.65,-0.4,100,"sd","13:56:09",13531500
25.65,-0.4,200,"sd","13:56:09",13531400
25.65,-0.4,100,"sd","13:56:09",13531200
25.65,-0.4,100,"sd","13:56:09",13531100
25.65,-0.4,5000,"sd","13:56:09",13531000
25.65,-0.4,100,"sd","13:56:09",13526000
25.65,-0.4,500,"sd","13:56:09",13525900
25.65,-0.4,900,"sd","13:56:09",13525400
25.65,-0.4,1000,"sd","13:56:09",13524500
25.65,-0.4,100,"sd","13:56:09",13523500
25.65,-0.4,25000,"sd","13:56:09",13523400
25.65,-0.4,2000,"sd","13:56:09",13498400
25.65,-0.4,1000,"sd","13:56:09",13496400
25.65,-0.4,100,"sd","13:56:09",13495400
25.65,-0.4,200,"sd","13:56:09",13495300
25.65,-0.4,100,"sd","13:56:09",13495100
25.65,-0.4,100,"sd","13:56:09",13495000
25.65,-0.4,100,"sd","13:56:09",13494900
25.65,-0.4,2000,"sd","13:56:09",13494800
25.65,-0.4,100,"sd","13:56:09",13492800
25.65,-0.4,1000,"sd","13:56:09",13492700
25.65,-0.4,1000,"sd","13:56:09",13491700
25.65,-0.4,200,"sd","13:56:09",13490700
25.65,-0.4,200,"sd","13:56:09",13490500
25.65,-0.4,200,"sd","13:56:09",13490300
25.65,-0.4,8200,"sd","13:56:09",13490100
25.7,-0.35,5000,"bu","13:56:08",13481900
25.65,-0.4,16800,"sd","13:56:05",13476900
25.65,-0.4,100,"sd","13:56:05",13460100
25.65,-0.4,20000,"sd","13:56:05",13460000
25.65,-0.4,100,"sd","13:56:05",13440000
25.65,-0.4,1000,"sd","13:56:05",13439900
25.65,-0.4,2000,"sd","13:56:05",13438900
25.65,-0.4,300,"sd","13:56:05",13436900
25.65,-0.4,1000,"sd","13:56:05",13436600
25.65,-0.4,100,"sd","13:56:05",13435600
25.65,-0.4,200,"sd","13:56:05",13435500
25.65,-0.4,100,"sd","13:56:05",13435300
25.65,-0.4,700,"sd","13:56:05",13435200
25.65,-0.4,1000,"sd","13:56:05",13434500
25.65,-0.4,200,"sd","13:56:05",13433500
25.65,-0.4,100000,"sd","13:56:05",13433300
25.65,-0.4,100,"sd","13:56:05",13333300
25.65,-0.4,200,"sd","13:56:05",13333200
25.65,-0.4,500,"sd","13:56:05",13333000
25.65,-0.4,300,"sd","13:56:05",13332500
25.65,-0.4,5300,"sd","13:56:05",13332200
25.7,-0.35,100,"bu","13:56:02",13326900
25.7,-0.35,100,"bu","13:55:57",13326800
25.65,-0.4,600,"sd","13:55:54",13326700
25.7,-0.35,500,"bu","13:55:51",13326100
25.65,-0.4,4100,"sd","13:55:50",13325600
25.65,-0.4,500,"sd","13:55:50",13321500
25.65,-0.4,100,"sd","13:55:50",13321000
25.65,-0.4,100,"sd","13:55:50",13320900
25.65,-0.4,200,"sd","13:55:50",13320800
25.7,-0.35,100,"bu","13:55:50",13320600
25.7,-0.35,1000,"bu","13:55:48",13320500
25.7,-0.35,100,"bu","13:55:47",13319500
25.7,-0.35,400,"bu","13:55:46",13319400
25.7,-0.35,500,"bu","13:55:46",13319000
25.7,-0.35,3000,"bu","13:55:45",13318500
25.7,-0.35,100,"bu","13:55:44",13315500
25.7,-0.35,200,"bu","13:55:38",13315400
25.7,-0.35,300,"bu","13:55:38",13315200
25.7,-0.35,1000,"bu","13:55:37",13314900
25.7,-0.35,1000,"bu","13:55:34",13313900
25.7,-0.35,100,"bu","13:55:34",13312900
25.7,-0.35,2000,"bu","13:55:34",13312800
25.7,-0.35,100,"bu","13:55:32",13310800
25.7,-0.35,100,"bu","13:55:30",13310700
25.7,-0.35,100,"bu","13:55:29",13310600
25.7,-0.35,200,"bu","13:55:28",13310500
25.7,-0.35,5000,"sd","13:55:27",13310300
25.7,-0.35,1000,"sd","13:55:27",13305300
25.7,-0.35,800,"sd","13:55:27",13304300
25.7,-0.35,100,"sd","13:55:27",13303500
25.7,-0.35,6500,"sd","13:55:27",13303400
25.7,-0.35,2000,"sd","13:55:26",13296900
25.7,-0.35,3000,"sd","13:55:25",13294900
25.75,-0.3,2000,"bu","13:55:23",13291900
25.75,-0.3,500,"bu","13:55:23",13289900
25.75,-0.3,100,"bu","13:55:23",13289400
25.7,-0.35,2000,"sd","13:55:22",13289300
25.7,-0.35,1000,"sd","13:55:19",13287300
25.75,-0.3,400,"bu","13:55:18",13286300
25.75,-0.3,2000,"bu","13:55:18",13285900
25.75,-0.3,500,"bu","13:55:18",13283900
25.75,-0.3,2300,"bu","13:55:18",13283400
25.7,-0.35,2000,"bu","13:55:18",13281100
25.7,-0.35,3500,"bu","13:55:18",13279100
25.7,-0.35,200,"bu","13:55:16",13275600
25.7,-0.35,100,"sd","13:55:13",13275400
25.7,-0.35,100,"sd","13:55:13",13275300
25.7,-0.35,1100,"sd","13:55:13",13275200
25.75,-0.3,300,"bu","13:55:13",13274100
25.7,-0.35,900,"sd","13:55:13",13273800
25.7,-0.35,100,"sd","13:55:13",13272900
25.75,-0.3,10000,"bu","13:55:12",13272800
25.7,-0.35,1300,"sd","13:55:07",13262800
25.7,-0.35,300,"sd","13:55:07",13261500
25.7,-0.35,1000,"sd","13:55:07",13261200
25.7,-0.35,1000,"sd","13:55:07",13260200
25.7,-0.35,1000,"sd","13:55:07",13259200
25.7,-0.35,100,"sd","13:55:07",13258200
25.7,-0.35,100,"sd","13:55:07",13258100
25.7,-0.35,200,"sd","13:55:07",13258000
25.7,-0.35,800,"sd","13:55:05",13257800
25.7,-0.35,5200,"sd","13:55:05",13257000
25.7,-0.35,2000,"sd","13:55:05",13251800
25.7,-0.35,3900,"sd","13:55:05",13249800
25.7,-0.35,200,"sd","13:55:05",13245900
25.7,-0.35,2000,"sd","13:55:05",13245700
25.7,-0.35,2000,"sd","13:55:05",13243700
25.7,-0.35,2000,"sd","13:55:05",13241700
25.7,-0.35,18000,"sd","13:55:04",13239700
25.7,-0.35,500,"sd","13:55:04",13221700
25.7,-0.35,1500,"sd","13:55:04",13221200
25.75,-0.3,200,"bu","13:55:04",13219700
25.75,-0.3,100,"bu","13:55:03",13219500
25.75,-0.3,100,"bu","13:55:02",13219400
25.75,-0.3,500,"bu","13:55:00",13219300
25.7,-0.35,8500,"sd","13:54:59",13218800
25.7,-0.35,500,"sd","13:54:59",13210300
25.7,-0.35,500,"sd","13:54:59",13209800
25.7,-0.35,500,"sd","13:54:59",13209300
25.7,-0.35,100,"sd","13:54:59",13208800
25.7,-0.35,100,"sd","13:54:59",13208700
25.7,-0.35,100,"sd","13:54:59",13208600
25.7,-0.35,100,"sd","13:54:59",13208500
25.7,-0.35,100,"sd","13:54:59",13208400
25.7,-0.35,1000,"sd","13:54:59",13208300
25.7,-0.35,1000,"sd","13:54:59",13207300
25.7,-0.35,1000,"sd","13:54:59",13206300
25.7,-0.35,5000,"sd","13:54:59",13205300
25.7,-0.35,100,"sd","13:54:59",13200300
25.7,-0.35,2000,"sd","13:54:59",13200200
25.7,-0.35,400,"sd","13:54:59",13198200
25.7,-0.35,300,"sd","13:54:59",13197800
25.7,-0.35,500,"sd","13:54:59",13197500
25.7,-0.35,100,"sd","13:54:59",13197000
25.7,-0.35,1000,"sd","13:54:59",13196900
25.7,-0.35,1100,"sd","13:54:59",13195900
25.7,-0.35,6000,"sd","13:54:59",13194800
25.75,-0.3,100,"bu","13:54:55",13188800
25.75,-0.3,800,"bu","13:54:55",13188700
25.7,-0.35,2800,"sd","13:54:54",13187900
25.75,-0.3,1000,"bu","13:54:54",13185100
25.75,-0.3,500,"bu","13:54:53",13184100
25.7,-0.35,2000,"sd","13:54:52",13183600
25.75,-0.3,3300,"bu","13:54:50",13181600
25.75,-0.3,800,"bu","13:54:49",13178300
25.75,-0.3,200,"bu","13:54:49",13177500
25.75,-0.3,200,"bu","13:54:49",13177300
25.7,-0.35,1500,"sd","13:54:47",13177100
25.75,-0.3,400,"bu","13:54:46",13175600
25.75,-0.3,3400,"bu","13:54:45",13175200
25.75,-0.3,2000,"bu","13:54:45",13171800
25.75,-0.3,1000,"bu","13:54:42",13169800
25.75,-0.3,12800,"bu","13:54:42",13168800
25.75,-0.3,7200,"bu","13:54:42",13156000
25.75,-0.3,3300,"bu","13:54:42",13148800
25.75,-0.3,400,"bu","13:54:40",13145500
25.75,-0.3,200,"bu","13:54:40",13145100
25.75,-0.3,500,"bu","13:54:39",13144900
25.75,-0.3,1000,"bu","13:54:39",13144400
25.75,-0.3,100,"bu","13:54:39",13143400
25.75,-0.3,500,"bu","13:54:38",13143300
25.75,-0.3,400,"bu","13:54:38",13142800
25.7,-0.35,700,"sd","13:54:37",13142400
25.7,-0.35,500,"sd","13:54:37",13141700
25.7,-0.35,500,"sd","13:54:37",13141200
25.7,-0.35,1000,"sd","13:54:37",13140700
25.7,-0.35,500,"sd","13:54:37",13139700
25.7,-0.35,500,"sd","13:54:37",13139200
25.7,-0.35,100,"sd","13:54:37",13138700
25.7,-0.35,2000,"sd","13:54:37",13138600
25.7,-0.35,100,"sd","13:54:37",13136600
25.7,-0.35,100,"sd","13:54:37",13136500
25.7,-0.35,100,"sd","13:54:37",13136400
25.7,-0.35,1000,"sd","13:54:37",13136300
25.7,-0.35,2000,"sd","13:54:37",13135300
25.7,-0.35,1000,"sd","13:54:37",13133300
25.7,-0.35,50000,"sd","13:54:37",13132300
25.7,-0.35,100,"sd","13:54:37",13082300
25.7,-0.35,400,"sd","13:54:37",13082200
25.7,-0.35,2000,"sd","13:54:37",13081800
25.7,-0.35,500,"sd","13:54:37",13079800
25.7,-0.35,10000,"sd","13:54:37",13079300
25.7,-0.35,100,"sd","13:54:37",13069300
25.7,-0.35,200,"sd","13:54:37",13069200
25.7,-0.35,500,"sd","13:54:37",13069000
25.7,-0.35,2000,"sd","13:54:37",13068500
25.7,-0.35,100,"sd","13:54:37",13066500
25.7,-0.35,500,"sd","13:54:37",13066400
25.7,-0.35,30000,"sd","13:54:37",13065900
25.7,-0.35,500,"sd","13:54:37",13035900
25.7,-0.35,500,"sd","13:54:37",13035400
25.7,-0.35,100,"sd","13:54:37",13034900
25.7,-0.35,1000,"sd","13:54:37",13034800
25.7,-0.35,100,"sd","13:54:37",13033800
25.7,-0.35,10000,"sd","13:54:37",13033700
25.7,-0.35,100,"sd","13:54:37",13023700
25.7,-0.35,300,"sd","13:54:37",13023600
25.7,-0.35,3000,"sd","13:54:37",13023300
25.7,-0.35,2000,"sd","13:54:37",13020300
25.7,-0.35,15000,"sd","13:54:37",13018300
25.7,-0.35,200,"sd","13:54:37",13003300
25.7,-0.35,1000,"sd","13:54:37",13003100
25.7,-0.35,200,"sd","13:54:37",13002100
25.7,-0.35,200,"sd","13:54:37",13001900
25.7,-0.35,25000,"sd","13:54:37",13001700
25.7,-0.35,1700,"sd","13:54:37",12976700
25.7,-0.35,1000,"sd","13:54:37",12975000
25.7,-0.35,200,"sd","13:54:37",12974000
25.7,-0.35,200,"sd","13:54:37",12973800
25.7,-0.35,200,"sd","13:54:37",12973600
25.7,-0.35,500,"sd","13:54:37",12973400
25.7,-0.35,1000,"sd","13:54:37",12972900
25.7,-0.35,5700,"sd","13:54:37",12971900
25.7,-0.35,100,"sd","13:54:37",12966200
25.7,-0.35,2000,"sd","13:54:37",12966100
25.7,-0.35,100,"sd","13:54:37",12964100
25.7,-0.35,100,"sd","13:54:37",12964000
25.7,-0.35,100,"sd","13:54:37",12963900
25.7,-0.35,100,"sd","13:54:37",12963800
25.7,-0.35,500,"sd","13:54:37",12963700
25.7,-0.35,20800,"sd","13:54:37",12963200
25.75,-0.3,1000,"bu","13:54:34",12942400
25.75,-0.3,5000,"bu","13:54:34",12941400
25.7,-0.35,100,"sd","13:54:34",12936400
25.75,-0.3,1000,"bu","13:54:31",12936300
25.75,-0.3,100,"bu","13:54:31",12935300
25.75,-0.3,3300,"bu","13:54:30",12935200
25.75,-0.3,500,"bu","13:54:30",12931900
25.75,-0.3,1000,"bu","13:54:30",12931400
25.75,-0.3,100,"bu","13:54:30",12930400
25.75,-0.3,7000,"bu","13:54:29",12930300
25.75,-0.3,500,"bu","13:54:25",12923300
25.75,-0.3,3300,"bu","13:54:22",12922800
25.7,-0.35,2000,"sd","13:54:20",12919500
25.75,-0.3,100,"bu","13:54:19",12917500
25.75,-0.3,2000,"bu","13:54:19",12917400
25.75,-0.3,2000,"bu","13:54:18",12915400
25.75,-0.3,1000,"bu","13:54:18",12913400
25.75,-0.3,100,"bu","13:54:16",12912400
25.75,-0.3,1000,"bu","13:54:15",12912300
25.75,-0.3,1000,"bu","13:54:14",12911300
25.75,-0.3,3300,"bu","13:54:12",12910300
25.75,-0.3,200,"bu","13:54:12",12907000
25.75,-0.3,100,"bu","13:54:11",12906800
25.75,-0.3,300,"bu","13:54:07",12906700
25.75,-0.3,200,"bu","13:54:06",12906400
25.75,-0.3,100,"bu","13:54:05",12906200
25.75,-0.3,100,"bu","13:54:03",12906100
25.75,-0.3,2000,"bu","13:54:03",12906000
25.75,-0.3,3300,"bu","13:54:00",12904000
25.75,-0.3,100,"bu","13:54:00",12900700
25.75,-0.3,100,"bu","13:53:58",12900600
25.7,-0.35,10000,"sd","13:53:58",12900500
25.7,-0.35,8800,"sd","13:53:58",12890500
25.7,-0.35,100,"sd","13:53:58",12881700
25.7,-0.35,100,"sd","13:53:58",12881600
25.7,-0.35,200,"sd","13:53:58",12881500
25.7,-0.35,200,"sd","13:53:58",12881300
25.7,-0.35,100,"sd","13:53:58",12881100
25.7,-0.35,2000,"sd","13:53:58",12881000
25.7,-0.35,300,"sd","13:53:58",12879000
25.7,-0.35,100,"sd","13:53:58",12878700
25.75,-0.3,500,"bu","13:53:51",12878600
25.75,-0.3,200,"bu","13:53:49",12878100
25.7,-0.35,200,"sd","13:53:49",12877900
25.7,-0.35,100,"sd","13:53:49",12877700
25.7,-0.35,100,"sd","13:53:49",12877600
25.7,-0.35,500,"sd","13:53:49",12877500
25.7,-0.35,500,"sd","13:53:49",12877000
25.7,-0.35,1000,"sd","13:53:49",12876500
25.7,-0.35,100,"sd","13:53:49",12875500
25.7,-0.35,1000,"sd","13:53:49",12875400
25.7,-0.35,6500,"sd","13:53:49",12874400
25.75,-0.3,5100,"bu","13:53:48",12867900
25.75,-0.3,500,"bu","13:53:48",12862800
25.7,-0.35,500,"sd","13:53:45",12862300
25.75,-0.3,100,"bu","13:53:40",12861800
25.75,-0.3,400,"bu","13:53:38",12861700
25.75,-0.3,500,"bu","13:53:38",12861300
25.7,-0.35,7000,"sd","13:53:37",12860800
25.75,-0.3,300,"bu","13:53:35",12853800
25.75,-0.3,100,"bu","13:53:27",12853500
25.7,-0.35,100,"sd","13:53:27",12853400
25.75,-0.3,1300,"bu","13:53:23",12853300
25.75,-0.3,300,"bu","13:53:22",12852000
25.75,-0.3,500,"bu","13:53:19",12851700
25.75,-0.3,5000,"bu","13:53:18",12851200
25.7,-0.35,5000,"sd","13:53:16",12846200
25.7,-0.35,500,"sd","13:53:16",12841200
25.75,-0.3,200,"bu","13:53:14",12840700
25.75,-0.3,2000,"bu","13:53:14",12840500
25.7,-0.35,400,"sd","13:53:07",12838500
25.7,-0.35,600,"sd","13:53:07",12838100
25.75,-0.3,200,"bu","13:53:06",12837500
25.75,-0.3,400,"bu","13:53:02",12837300
25.75,-0.3,200,"bu","13:53:02",12836900
25.75,-0.3,400,"bu","13:53:02",12836700
25.75,-0.3,200,"bu","13:53:01",12836300
25.75,-0.3,100,"bu","13:52:59",12836100
25.75,-0.3,100,"bu","13:52:58",12836000
25.75,-0.3,100,"sd","13:52:54",12835900
25.75,-0.3,500,"sd","13:52:54",12835800
25.75,-0.3,200,"sd","13:52:54",12835300
25.75,-0.3,100,"sd","13:52:54",12835100
25.75,-0.3,1000,"sd","13:52:54",12835000
25.75,-0.3,200,"sd","13:52:54",12834000
25.75,-0.3,500,"sd","13:52:54",12833800
25.75,-0.3,1000,"sd","13:52:54",12833300
25.75,-0.3,500,"sd","13:52:54",12832300
25.75,-0.3,1000,"sd","13:52:54",12831800
25.75,-0.3,1000,"sd","13:52:54",12830800
25.75,-0.3,300,"sd","13:52:54",12829800
25.75,-0.3,10000,"sd","13:52:54",12829500
25.75,-0.3,10000,"sd","13:52:54",12819500
25.75,-0.3,3000,"sd","13:52:54",12809500
25.75,-0.3,8600,"sd","13:52:54",12806500
25.75,-0.3,500,"sd","13:52:51",12797900
25.75,-0.3,2000,"sd","13:52:48",12797400
25.75,-0.3,500,"sd","13:52:45",12795400
25.75,-0.3,3400,"sd","13:52:41",12794900
25.75,-0.3,100,"sd","13:52:41",12791500
25.75,-0.3,100,"sd","13:52:41",12791400
25.75,-0.3,100,"sd","13:52:41",12791300
25.75,-0.3,100,"sd","13:52:41",12791200
25.75,-0.3,100,"sd","13:52:41",12791100
25.75,-0.3,100,"sd","13:52:41",12791000
25.75,-0.3,2000,"sd","13:52:41",12790900
25.75,-0.3,500,"sd","13:52:41",12788900
25.75,-0.3,1600,"sd","13:52:41",12788400
25.75,-0.3,500,"sd","13:52:41",12786800
25.75,-0.3,200,"sd","13:52:41",12786300
25.75,-0.3,11200,"sd","13:52:41",12786100
25.75,-0.3,20000,"sd","13:52:38",12774900
25.75,-0.3,1000,"sd","13:52:35",12754900
25.75,-0.3,4000,"sd","13:52:35",12753900
25.75,-0.3,20000,"sd","13:52:32",12749900
25.75,-0.3,1000,"sd","13:52:30",12729900
25.75,-0.3,10000,"sd","13:52:29",12728900
25.8,-0.25,100,"bu","13:52:25",12718900
25.75,-0.3,2000,"sd","13:52:24",12718800
25.75,-0.3,10000,"sd","13:52:24",12716800
25.8,-0.25,100,"bu","13:52:23",12706800
25.75,-0.3,5000,"bu","13:52:16",12706700
25.75,-0.3,500,"bu","13:52:16",12701700
25.75,-0.3,3000,"bu","13:52:16",12701200
25.75,-0.3,1600,"bu","13:52:16",12698200
25.75,-0.3,1000,"bu","13:52:12",12696600
25.75,-0.3,500,"bu","13:52:12",12695600
25.7,-0.35,1300,"sd","13:52:12",12695100
25.7,-0.35,100,"sd","13:52:12",12693800
25.7,-0.35,200,"sd","13:52:12",12693700
25.7,-0.35,400,"sd","13:52:12",12693500
25.7,-0.35,300,"sd","13:52:11",12693100
25.7,-0.35,1300,"sd","13:52:10",12692800
25.7,-0.35,100,"sd","13:52:10",12691500
25.7,-0.35,2000,"sd","13:52:10",12691400
25.7,-0.35,100,"sd","13:52:10",12689400
25.7,-0.35,100,"sd","13:52:10",12689300
25.7,-0.35,100,"sd","13:52:10",12689200
25.7,-0.35,300,"sd","13:52:10",12689100
25.7,-0.35,500,"sd","13:52:08",12688800
25.75,-0.3,100,"bu","13:52:08",12688300
25.75,-0.3,500,"bu","13:52:07",12688200
25.75,-0.3,500,"bu","13:52:06",12687700
25.75,-0.3,800,"bu","13:52:04",12687200
25.75,-0.3,200,"bu","13:52:04",12686400
25.75,-0.3,300,"bu","13:52:04",12686200
25.75,-0.3,3500,"bu","13:52:04",12685900
25.75,-0.3,1000,"bu","13:52:01",12682400
25.7,-0.35,200,"sd","13:52:00",12681400
25.7,-0.35,100,"sd","13:52:00",12681200
25.7,-0.35,2000,"sd","13:52:00",12681100
25.7,-0.35,100,"sd","13:52:00",12679100
25.7,-0.35,3000,"sd","13:52:00",12679000
25.7,-0.35,1000,"sd","13:52:00",12676000
25.7,-0.35,300,"sd","13:52:00",12675000
25.7,-0.35,5300,"sd","13:52:00",12674700
25.75,-0.3,500,"bu","13:52:00",12669400
25.75,-0.3,400,"bu","13:51:58",12668900
25.75,-0.3,400,"bu","13:51:58",12668500
25.75,-0.3,1000,"bu","13:51:56",12668100
25.7,-0.35,4700,"sd","13:51:55",12667100
25.7,-0.35,1100,"sd","13:51:55",12662400
25.7,-0.35,100,"sd","13:51:55",12661300
25.7,-0.35,100,"sd","13:51:55",12661200
25.7,-0.35,100,"sd","13:51:55",12661100
25.7,-0.35,400,"sd","13:51:55",12661000
25.7,-0.35,300,"sd","13:51:55",12660600
25.7,-0.35,500,"sd","13:51:55",12660300
25.7,-0.35,500,"sd","13:51:55",12659800
25.7,-0.35,2000,"sd","13:51:55",12659300
25.7,-0.35,100,"sd","13:51:55",12657300
25.7,-0.35,100,"sd","13:51:55",12657200
25.75,-0.3,100,"bu","13:51:53",12657100
25.7,-0.35,900,"sd","13:51:52",12657000
25.7,-0.35,100,"sd","13:51:52",12656100
25.7,-0.35,1000,"sd","13:51:52",12656000
25.75,-0.3,6100,"bu","13:51:51",12655000
25.75,-0.3,3700,"bu","13:51:51",12648900
25.7,-0.35,300,"sd","13:51:51",12645200
25.7,-0.35,500,"sd","13:51:51",12644900
25.75,-0.3,100,"bu","13:51:51",12644400
25.7,-0.35,200,"sd","13:51:51",12644300
25.75,-0.3,100,"bu","13:51:50",12644100
25.75,-0.3,100,"bu","13:51:46",12644000
25.75,-0.3,1300,"bu","13:51:46",12643900
25.75,-0.3,4000,"bu","13:51:41",12642600
25.75,-0.3,20000,"bu","13:51:41",12638600
25.75,-0.3,100,"sd","13:51:40",12618600
25.75,-0.3,200,"sd","13:51:40",12618500
25.75,-0.3,200,"sd","13:51:40",12618300
25.75,-0.3,200,"sd","13:51:40",12618100
25.75,-0.3,200,"sd","13:51:38",12617900
25.75,-0.3,600,"sd","13:51:38",12617700
25.75,-0.3,300,"sd","13:51:38",12617100
25.75,-0.3,100,"sd","13:51:38",12616800
25.75,-0.3,2000,"sd","13:51:38",12616700
25.75,-0.3,100,"sd","13:51:38",12614700
25.75,-0.3,1000,"sd","13:51:38",12614600
25.75,-0.3,100,"sd","13:51:38",12613600
25.75,-0.3,200,"sd","13:51:38",12613500
25.75,-0.3,100,"sd","13:51:38",12613300
25.75,-0.3,3000,"sd","13:51:38",12613200
25.75,-0.3,100,"sd","13:51:38",12610200
25.75,-0.3,200,"sd","13:51:38",12610100
25.75,-0.3,2000,"sd","13:51:38",12609900
25.75,-0.3,500,"sd","13:51:38",12607900
25.75,-0.3,1500,"sd","13:51:38",12607400
25.75,-0.3,1000,"sd","13:51:38",12605900
25.75,-0.3,6000,"sd","13:51:38",12604900
25.75,-0.3,100,"sd","13:51:38",12598900
25.75,-0.3,500,"sd","13:51:38",12598800
25.75,-0.3,500,"sd","13:51:38",12598300
25.75,-0.3,100,"sd","13:51:38",12597800
25.75,-0.3,10000,"sd","13:51:38",12597700
25.75,-0.3,500,"sd","13:51:36",12587700
25.75,-0.3,3500,"sd","13:51:35",12587200
25.75,-0.3,100,"sd","13:51:35",12583700
25.75,-0.3,1000,"sd","13:51:35",12583600
25.75,-0.3,300,"sd","13:51:35",12582600
25.75,-0.3,100,"sd","13:51:35",12582300
25.75,-0.3,100,"sd","13:51:35",12582200
25.75,-0.3,1000,"sd","13:51:35",12582100
25.75,-0.3,500,"sd","13:51:35",12581100
25.75,-0.3,500,"sd","13:51:35",12580600
25.75,-0.3,200,"sd","13:51:35",12580100
25.75,-0.3,2700,"sd","13:51:35",12579900
25.75,-0.3,1000,"sd","13:51:35",12577200
25.75,-0.3,100,"sd","13:51:35",12576200
25.75,-0.3,100,"sd","13:51:35",12576100
25.75,-0.3,25000,"sd","13:51:35",12576000
25.75,-0.3,200,"sd","13:51:35",12551000
25.75,-0.3,1000,"sd","13:51:35",12550800
25.75,-0.3,1000,"sd","13:51:35",12549800
25.75,-0.3,200,"sd","13:51:35",12548800
25.75,-0.3,5000,"sd","13:51:35",12548600
25.75,-0.3,500,"sd","13:51:35",12543600
25.75,-0.3,100,"sd","13:51:35",12543100
25.75,-0.3,300,"sd","13:51:35",12543000
25.75,-0.3,500,"sd","13:51:35",12542700
25.75,-0.3,200,"sd","13:51:35",12542200
25.75,-0.3,400,"sd","13:51:35",12542000
25.75,-0.3,200,"sd","13:51:35",12541600
25.75,-0.3,2000,"sd","13:51:35",12541400
25.75,-0.3,1000,"sd","13:51:35",12539400
25.75,-0.3,5000,"sd","13:51:35",12538400
25.75,-0.3,100,"sd","13:51:35",12533400
25.75,-0.3,100,"sd","13:51:35",12533300
25.75,-0.3,3000,"sd","13:51:35",12533200
25.75,-0.3,3000,"sd","13:51:35",12530200
25.8,-0.25,100,"bu","13:51:35",12527200
25.75,-0.3,500,"sd","13:51:33",12527100
25.75,-0.3,500,"sd","13:51:32",12526600
25.75,-0.3,500,"sd","13:51:31",12526100
25.75,-0.3,5500,"sd","13:51:28",12525600
25.75,-0.3,1000,"sd","13:51:28",12520100
25.75,-0.3,100,"sd","13:51:28",12519100
25.75,-0.3,1500,"sd","13:51:28",12519000
25.75,-0.3,1900,"sd","13:51:28",12517500
25.75,-0.3,3000,"sd","13:51:27",12515600
25.75,-0.3,100,"sd","13:51:27",12512600
25.75,-0.3,100,"sd","13:51:27",12512500
25.75,-0.3,100,"sd","13:51:27",12512400
25.75,-0.3,200,"sd","13:51:27",12512300
25.75,-0.3,1000,"sd","13:51:27",12512100
25.75,-0.3,500,"sd","13:51:27",12511100
25.75,-0.3,400,"sd","13:51:26",12510600
25.8,-0.25,300,"bu","13:51:24",12510200
25.8,-0.25,100,"bu","13:51:22",12509900
25.8,-0.25,100,"bu","13:51:19",12509800
25.75,-0.3,1100,"sd","13:51:16",12509700
25.75,-0.3,500,"sd","13:51:16",12508600
25.75,-0.3,2000,"sd","13:51:16",12508100
25.75,-0.3,500,"sd","13:51:16",12506100
25.75,-0.3,3000,"sd","13:51:16",12505600
25.75,-0.3,1000,"sd","13:51:16",12502600
25.75,-0.3,500,"sd","13:51:16",12501600
25.75,-0.3,1400,"sd","13:51:16",12501100
25.75,-0.3,3000,"sd","13:51:13",12499700
25.8,-0.25,100,"bu","13:51:09",12496700
25.8,-0.25,100,"bu","13:51:06",12496600
25.8,-0.25,800,"bu","13:51:06",12496500
25.8,-0.25,100,"bu","13:51:06",12495700
25.8,-0.25,2100,"bu","13:51:05",12495600
25.8,-0.25,10500,"bu","13:51:05",12493500
25.75,-0.3,500,"sd","13:51:05",12483000
25.75,-0.3,10000,"sd","13:51:03",12482500
25.75,-0.3,5000,"sd","13:51:02",12472500
25.8,-0.25,1000,"bu","13:51:01",12467500
25.75,-0.3,100,"sd","13:51:00",12466500
25.75,-0.3,200,"sd","13:51:00",12466400
25.75,-0.3,100,"sd","13:51:00",12466200
25.75,-0.3,100,"sd","13:51:00",12466100
25.75,-0.3,500,"sd","13:51:00",12466000
25.75,-0.3,4000,"sd","13:51:00",12465500
25.8,-0.25,400,"bu","13:50:53",12461500
25.8,-0.25,15000,"bu","13:50:52",12461100
25.8,-0.25,3000,"bu","13:50:52",12446100
25.8,-0.25,15000,"bu","13:50:49",12443100
25.8,-0.25,3000,"bu","13:50:49",12428100
25.8,-0.25,100,"bu","13:50:49",12425100
25.8,-0.25,100,"bu","13:50:45",12425000
25.75,-0.3,6000,"sd","13:50:44",12424900
25.75,-0.3,100,"sd","13:50:44",12418900
25.8,-0.25,300,"bu","13:50:44",12418800
25.75,-0.3,100,"sd","13:50:43",12418500
25.75,-0.3,2000,"sd","13:50:40",12418400
25.8,-0.25,200,"bu","13:50:40",12416400
25.75,-0.3,7800,"sd","13:50:39",12416200
25.75,-0.3,600,"sd","13:50:39",12408400
25.75,-0.3,1600,"sd","13:50:39",12407800
25.8,-0.25,2000,"bu","13:50:36",12406200
25.8,-0.25,2000,"bu","13:50:35",12404200
25.8,-0.25,1000,"bu","13:50:33",12402200
25.8,-0.25,500,"bu","13:50:28",12401200
25.75,-0.3,8000,"sd","13:50:28",12400700
25.8,-0.25,100,"bu","13:50:25",12392700
25.8,-0.25,300,"bu","13:50:20",12392600
25.8,-0.25,100,"bu","13:50:17",12392300
25.75,-0.3,100,"sd","13:50:16",12392200
25.8,-0.25,100,"bu","13:50:15",12392100
25.8,-0.25,400,"bu","13:50:14",12392000
25.8,-0.25,400,"bu","13:50:12",12391600
25.8,-0.25,1000,"bu","13:50:10",12391200
25.8,-0.25,1300,"bu","13:50:09",12390200
25.8,-0.25,1000,"bu","13:50:09",12388900
25.8,-0.25,100,"bu","13:50:08",12387900
25.8,-0.25,200,"bu","13:50:08",12387800
25.8,-0.25,1000,"sd","13:50:03",12387600
25.8,-0.25,10000,"sd","13:50:03",12386600
25.8,-0.25,3000,"sd","13:50:03",12376600
25.8,-0.25,15000,"sd","13:50:03",12373600
25.8,-0.25,500,"sd","13:50:03",12358600
25.8,-0.25,100,"sd","13:50:03",12358100
25.8,-0.25,15000,"sd","13:50:03",12358000
25.8,-0.25,3000,"sd","13:50:03",12343000
25.8,-0.25,100,"sd","13:50:03",12340000
25.8,-0.25,400,"sd","13:50:03",12339900
25.8,-0.25,1000,"sd","13:50:03",12339500
25.8,-0.25,100,"sd","13:50:03",12338500
25.8,-0.25,300,"sd","13:50:03",12338400
25.8,-0.25,900,"sd","13:50:03",12338100
25.8,-0.25,100,"sd","13:50:03",12337200
25.8,-0.25,900,"sd","13:50:03",12337100
25.8,-0.25,500,"sd","13:50:03",12336200
25.8,-0.25,200,"sd","13:50:03",12335700
25.8,-0.25,200,"sd","13:50:03",12335500
25.8,-0.25,10000,"sd","13:50:03",12335300
25.8,-0.25,100,"sd","13:50:03",12325300
25.8,-0.25,100,"sd","13:50:03",12325200
25.8,-0.25,200,"sd","13:50:03",12325100
25.8,-0.25,100,"sd","13:50:03",12324900
25.8,-0.25,14100,"sd","13:50:03",12324800
25.8,-0.25,5000,"sd","13:49:58",12310700
25.8,-0.25,500,"sd","13:49:58",12305700
25.8,-0.25,400,"sd","13:49:58",12305200
25.8,-0.25,4000,"sd","13:49:58",12304800
25.8,-0.25,300,"sd","13:49:58",12300800
25.8,-0.25,1000,"sd","13:49:58",12300500
25.8,-0.25,2000,"sd","13:49:58",12299500
25.8,-0.25,200,"sd","13:49:58",12297500
25.8,-0.25,300,"sd","13:49:58",12297300
25.8,-0.25,100,"sd","13:49:57",12297000
25.8,-0.25,100,"sd","13:49:57",12296900
25.8,-0.25,500,"sd","13:49:57",12296800
25.8,-0.25,300,"sd","13:49:57",12296300
25.8,-0.25,200,"sd","13:49:57",12296000
25.8,-0.25,100,"sd","13:49:57",12295800
25.8,-0.25,44000,"sd","13:49:57",12295700
25.8,-0.25,3000,"sd","13:49:56",12251700
25.8,-0.25,3000,"sd","13:49:56",12248700
25.8,-0.25,1000,"sd","13:49:56",12245700
25.8,-0.25,3000,"sd","13:49:56",12244700
25.8,-0.25,2000,"sd","13:49:56",12241700
25.8,-0.25,400,"sd","13:49:56",12239700
25.8,-0.25,200,"sd","13:49:56",12239300
25.8,-0.25,300,"sd","13:49:56",12239100
25.8,-0.25,10100,"sd","13:49:56",12238800
25.8,-0.25,3000,"sd","13:49:56",12228700
25.8,-0.25,1000,"sd","13:49:56",12225700
25.85,-0.2,3000,"bu","13:49:55",12224700
25.85,-0.2,15000,"bu","13:49:55",12221700
25.8,-0.25,10600,"sd","13:49:55",12206700
25.85,-0.2,100,"bu","13:49:55",12196100
25.85,-0.2,15000,"bu","13:49:55",12196000
25.85,-0.2,3000,"bu","13:49:54",12181000
25.8,-0.25,200,"sd","13:49:54",12178000
25.8,-0.25,100,"sd","13:49:53",12177800
25.8,-0.25,300,"sd","13:49:53",12177700
25.8,-0.25,2000,"sd","13:49:53",12177400
25.8,-0.25,100,"sd","13:49:53",12175400
25.8,-0.25,500,"sd","13:49:53",12175300
25.8,-0.25,5200,"sd","13:49:53",12174800
25.8,-0.25,900,"sd","13:49:52",12169600
25.8,-0.25,13900,"sd","13:49:52",12168700
25.8,-0.25,100,"sd","13:49:52",12154800
25.8,-0.25,100,"sd","13:49:52",12154700
25.8,-0.25,1000,"sd","13:49:52",12154600
25.8,-0.25,100,"sd","13:49:52",12153600
25.8,-0.25,4000,"sd","13:49:52",12153500
25.8,-0.25,1000,"sd","13:49:52",12149500
25.8,-0.25,100,"sd","13:49:52",12148500
25.8,-0.25,200,"sd","13:49:52",12148400
25.8,-0.25,2000,"sd","13:49:52",12148200
25.8,-0.25,2000,"sd","13:49:52",12146200
25.8,-0.25,5000,"sd","13:49:52",12144200
25.8,-0.25,200,"sd","13:49:52",12139200
25.8,-0.25,200,"sd","13:49:52",12139000
25.8,-0.25,400,"sd","13:49:52",12138800
25.8,-0.25,1000,"sd","13:49:52",12138400
25.8,-0.25,14500,"sd","13:49:52",12137400
25.8,-0.25,1000,"sd","13:49:52",12122900
25.8,-0.25,500,"sd","13:49:52",12121900
25.8,-0.25,500,"sd","13:49:52",12121400
25.8,-0.25,200,"sd","13:49:52",12120900
25.8,-0.25,100,"sd","13:49:52",12120700
25.8,-0.25,100,"sd","13:49:52",12120600
25.8,-0.25,1000,"sd","13:49:52",12120500
25.8,-0.25,100,"sd","13:49:52",12119500
25.8,-0.25,700,"sd","13:49:52",12119400
25.8,-0.25,800,"sd","13:49:50",12118700
25.8,-0.25,1000,"sd","13:49:50",12117900
25.8,-0.25,200,"sd","13:49:50",12116900
25.8,-0.25,800,"sd","13:49:50",12116700
25.8,-0.25,100,"sd","13:49:50",12115900
25.8,-0.25,100,"sd","13:49:50",12115800
25.8,-0.25,1000,"sd","13:49:50",12115700
25.8,-0.25,1000,"sd","13:49:50",12114700
25.8,-0.25,1400,"sd","13:49:50",12113700
25.8,-0.25,5600,"sd","13:49:50",12112300
25.8,-0.25,200,"sd","13:49:48",12106700
25.8,-0.25,9700,"sd","13:49:47",12106500
25.85,-0.2,300,"bu","13:49:47",12096800
25.85,-0.2,100,"bu","13:49:46",12096500
25.85,-0.2,200,"bu","13:49:40",12096400
25.8,-0.25,1000,"sd","13:49:38",12096200
25.8,-0.25,33500,"sd","13:49:36",12095200
25.8,-0.25,100,"sd","13:49:36",12061700
25.8,-0.25,300,"sd","13:49:36",12061600
25.8,-0.25,200,"sd","13:49:36",12061300
25.8,-0.25,100,"sd","13:49:36",12061100
25.8,-0.25,600,"sd","13:49:36",12061000
25.8,-0.25,100,"sd","13:49:36",12060400
25.8,-0.25,2000,"sd","13:49:36",12060300
25.8,-0.25,800,"sd","13:49:36",12058300
25.8,-0.25,5000,"sd","13:49:36",12057500
25.8,-0.25,2000,"sd","13:49:36",12052500
25.8,-0.25,100,"sd","13:49:36",12050500
25.8,-0.25,3200,"sd","13:49:34",12050400
25.8,-0.25,100,"sd","13:49:34",12047200
25.8,-0.25,5000,"sd","13:49:34",12047100
25.8,-0.25,1700,"sd","13:49:34",12042100
25.85,-0.2,100,"bu","13:49:30",12040400
25.85,-0.2,100,"bu","13:49:30",12040300
25.85,-0.2,100,"bu","13:49:29",12040200
25.8,-0.25,300,"sd","13:49:28",12040100
25.8,-0.25,5000,"sd","13:49:28",12039800
25.8,-0.25,2000,"sd","13:49:28",12034800
25.8,-0.25,2000,"sd","13:49:28",12032800
25.8,-0.25,5000,"sd","13:49:28",12030800
25.8,-0.25,1000,"sd","13:49:28",12025800
25.8,-0.25,2400,"sd","13:49:28",12024800
25.8,-0.25,600,"sd","13:49:28",12022400
25.8,-0.25,1500,"sd","13:49:28",12021800
25.8,-0.25,300,"sd","13:49:28",12020300
25.8,-0.25,2000,"sd","13:49:28",12020000
25.8,-0.25,5600,"sd","13:49:28",12018000
25.85,-0.2,2600,"bu","13:49:27",12012400
25.85,-0.2,1000,"bu","13:49:27",12009800
25.85,-0.2,800,"bu","13:49:27",12008800
25.85,-0.2,1000,"bu","13:49:27",12008000
25.85,-0.2,200,"bu","13:49:27",12007000
25.85,-0.2,3000,"bu","13:49:27",12006800
25.85,-0.2,100,"bu","13:49:27",12003800
25.85,-0.2,8300,"bu","13:49:27",12003700
25.85,-0.2,100,"bu","13:49:19",11995400
25.85,-0.2,100,"bu","13:49:19",11995300
25.8,-0.25,900,"sd","13:49:18",11995200
25.85,-0.2,100,"bu","13:49:15",11994300
25.85,-0.2,400,"bu","13:49:14",11994200
25.85,-0.2,900,"bu","13:49:12",11993800
25.85,-0.2,300,"bu","13:49:08",11992900
25.85,-0.2,100,"bu","13:49:06",11992600
25.85,-0.2,100,"bu","13:49:06",11992500
25.85,-0.2,1000,"bu","13:49:04",11992400
25.85,-0.2,500,"bu","13:49:02",11991400
25.85,-0.2,1000,"bu","13:49:00",11990900
25.85,-0.2,300,"bu","13:49:00",11989900
25.85,-0.2,1500,"bu","13:48:59",11989600
25.8,-0.25,1000,"sd","13:48:59",11988100
25.85,-0.2,100,"bu","13:48:56",11987100
25.85,-0.2,1000,"bu","13:48:55",11987000
25.85,-0.2,500,"bu","13:48:52",11986000
25.85,-0.2,100,"bu","13:48:49",11985500
25.85,-0.2,300,"sd","13:48:44",11985400
25.85,-0.2,300,"sd","13:48:44",11985100
25.85,-0.2,100,"sd","13:48:44",11984800
25.85,-0.2,1200,"sd","13:48:44",11984700
25.85,-0.2,300,"sd","13:48:44",11983500
25.85,-0.2,1400,"sd","13:48:44",11983200
25.9,-0.15,100,"bu","13:48:43",11981800
25.85,-0.2,100,"sd","13:48:43",11981700
25.85,-0.2,3700,"sd","13:48:39",11981600
25.85,-0.2,100,"sd","13:48:39",11977900
25.85,-0.2,200,"sd","13:48:39",11977800
25.85,-0.2,8000,"sd","13:48:39",11977600
25.85,-0.2,100,"sd","13:48:39",11969600
25.85,-0.2,100,"sd","13:48:39",11969500
25.85,-0.2,1000,"sd","13:48:39",11969400
25.85,-0.2,100,"sd","13:48:39",11968400
25.85,-0.2,5300,"sd","13:48:39",11968300
25.85,-0.2,4700,"sd","13:48:37",11963000
25.85,-0.2,100,"sd","13:48:37",11958300
25.85,-0.2,200,"sd","13:48:37",11958200
25.85,-0.2,200,"sd","13:48:26",11958000
25.85,-0.2,100,"sd","13:48:26",11957800
25.85,-0.2,700,"sd","13:48:26",11957700
25.85,-0.2,100,"sd","13:48:23",11957000
25.85,-0.2,200,"sd","13:48:21",11956900
25.85,-0.2,3000,"sd","13:48:21",11956700
25.85,-0.2,500,"sd","13:48:21",11953700
25.85,-0.2,1300,"sd","13:48:21",11953200
25.9,-0.15,100,"bu","13:48:17",11951900
25.85,-0.2,700,"sd","13:48:15",11951800
25.85,-0.2,100,"sd","13:48:15",11951100
25.85,-0.2,13700,"sd","13:48:15",11951000
25.9,-0.15,100,"bu","13:48:12",11937300
25.85,-0.2,6600,"sd","13:48:10",11937200
25.85,-0.2,1500,"sd","13:48:00",11930600
25.85,-0.2,200,"sd","13:48:00",11929100
25.9,-0.15,1000,"bu","13:48:00",11928900
25.85,-0.2,28000,"sd","13:47:59",11927900
25.85,-0.2,2000,"sd","13:47:59",11899900
25.85,-0.2,500,"sd","13:47:58",11897900
25.85,-0.2,500,"sd","13:47:56",11897400
25.85,-0.2,3100,"bu","13:47:55",11896900
25.85,-0.2,300,"bu","13:47:55",11893800
25.85,-0.2,500,"bu","13:47:55",11893500
25.85,-0.2,100,"bu","13:47:55",11893000
25.85,-0.2,4000,"bu","13:47:55",11892900
25.85,-0.2,400,"bu","13:47:55",11888900
25.85,-0.2,1000,"bu","13:47:55",11888500
25.85,-0.2,6000,"bu","13:47:55",11887500
25.85,-0.2,1000,"bu","13:47:55",11881500
25.85,-0.2,5000,"bu","13:47:55",11880500
25.85,-0.2,1000,"bu","13:47:55",11875500
25.85,-0.2,5000,"bu","13:47:55",11874500
25.85,-0.2,4000,"bu","13:47:55",11869500
25.85,-0.2,42600,"bu","13:47:55",11865500
25.85,-0.2,100,"bu","13:47:52",11822900
25.8,-0.25,100,"sd","13:47:46",11822800
25.85,-0.2,100,"bu","13:47:45",11822700
25.8,-0.25,700,"sd","13:47:42",11822600
25.85,-0.2,100,"bu","13:47:40",11821900
25.8,-0.25,5000,"sd","13:47:34",11821800
25.85,-0.2,500,"bu","13:47:32",11816800
25.8,-0.25,2500,"sd","13:47:31",11816300
25.8,-0.25,200,"sd","13:47:31",11813800
25.85,-0.2,100,"bu","13:47:28",11813600
25.8,-0.25,2000,"sd","13:47:25",11813500
25.85,-0.2,1000,"bu","13:47:24",11811500
25.85,-0.2,100,"bu","13:47:20",11810500
25.85,-0.2,100,"bu","13:47:16",11810400
25.8,-0.25,200,"sd","13:47:13",11810300
25.8,-0.25,1500,"sd","13:47:10",11810100
25.85,-0.2,100,"bu","13:47:09",11808600
25.8,-0.25,500,"sd","13:47:08",11808500
25.85,-0.2,5200,"bu","13:47:06",11808000
25.85,-0.2,4800,"bu","13:47:06",11802800
25.85,-0.2,400,"bu","13:47:03",11798000
25.85,-0.2,1000,"bu","13:47:03",11797600
25.85,-0.2,100,"bu","13:47:03",11796600
25.8,-0.25,5000,"sd","13:47:00",11796500
25.85,-0.2,700,"bu","13:46:56",11791500
25.85,-0.2,100,"bu","13:46:56",11790800
25.85,-0.2,500,"bu","13:46:56",11790700
25.85,-0.2,1000,"bu","13:46:51",11790200
25.8,-0.25,11300,"sd","13:46:48",11789200
25.85,-0.2,500,"bu","13:46:46",11777900
25.85,-0.2,400,"bu","13:46:46",11777400
25.85,-0.2,1000,"bu","13:46:45",11777000
25.85,-0.2,200,"bu","13:46:44",11776000
25.8,-0.25,900,"sd","13:46:40",11775800
25.85,-0.2,100,"bu","13:46:39",11774900
25.85,-0.2,200,"bu","13:46:36",11774800
25.8,-0.25,800,"sd","13:46:34",11774600
25.85,-0.2,700,"bu","13:46:32",11773800
25.85,-0.2,300,"bu","13:46:32",11773100
25.85,-0.2,1000,"bu","13:46:31",11772800
25.85,-0.2,200,"bu","13:46:29",11771800
25.85,-0.2,1000,"bu","13:46:27",11771600
25.85,-0.2,1400,"bu","13:46:26",11770600
25.8,-0.25,800,"sd","13:46:26",11769200
25.85,-0.2,300,"bu","13:46:25",11768400
25.85,-0.2,800,"bu","13:46:25",11768100
25.85,-0.2,10000,"bu","13:46:24",11767300
25.85,-0.2,100,"bu","13:46:24",11757300
25.85,-0.2,200,"bu","13:46:19",11757200
25.85,-0.2,3000,"bu","13:46:18",11757000
25.85,-0.2,100,"sd","13:46:18",11754000
25.85,-0.2,100,"sd","13:46:18",11753900
25.85,-0.2,400,"sd","13:46:18",11753800
25.85,-0.2,100,"sd","13:46:18",11753400
25.85,-0.2,3000,"sd","13:46:18",11753300
25.85,-0.2,1000,"sd","13:46:18",11750300
25.85,-0.2,100,"sd","13:46:18",11749300
25.85,-0.2,200,"sd","13:46:18",11749200
25.85,-0.2,5000,"sd","13:46:18",11749000
25.85,-0.2,200,"sd","13:46:18",11744000
25.85,-0.2,2000,"sd","13:46:18",11743800
25.85,-0.2,1000,"sd","13:46:18",11741800
25.85,-0.2,100,"sd","13:46:18",11740800
25.85,-0.2,100,"sd","13:46:18",11740700
25.85,-0.2,10000,"sd","13:46:18",11740600
25.85,-0.2,100,"sd","13:46:18",11730600
25.85,-0.2,2000,"sd","13:46:17",11730500
25.85,-0.2,2000,"sd","13:46:17",11728500
25.85,-0.2,50000,"sd","13:46:17",11726500
25.85,-0.2,500,"sd","13:46:17",11676500
25.85,-0.2,700,"sd","13:46:17",11676000
25.85,-0.2,400,"sd","13:46:17",11675300
25.9,-0.15,500,"bu","13:46:17",11674900
25.9,-0.15,100,"bu","13:46:14",11674400
25.85,-0.2,15600,"sd","13:46:12",11674300
25.85,-0.2,4400,"sd","13:46:12",11658700
25.9,-0.15,100,"bu","13:46:07",11654300
25.85,-0.2,4900,"sd","13:46:01",11654200
25.9,-0.15,300,"bu","13:45:59",11649300
25.9,-0.15,200,"bu","13:45:58",11649000
25.9,-0.15,100,"bu","13:45:49",11648800
25.85,-0.2,100,"sd","13:45:47",11648700
25.9,-0.15,200,"bu","13:45:47",11648600
25.9,-0.15,100,"bu","13:45:36",11648400
25.9,-0.15,100,"bu","13:45:26",11648300
25.9,-0.15,400,"bu","13:45:25",11648200
25.9,-0.15,200,"bu","13:45:24",11647800
25.85,-0.2,600,"sd","13:45:24",11647600
25.9,-0.15,1000,"bu","13:45:22",11647000
25.9,-0.15,1100,"bu","13:45:19",11646000
25.9,-0.15,200,"bu","13:45:19",11644900
25.9,-0.15,1500,"bu","13:45:19",11644700
25.9,-0.15,200,"bu","13:45:12",11643200
25.9,-0.15,100,"bu","13:45:04",11643000
25.9,-0.15,1000,"bu","13:45:04",11642900
25.9,-0.15,10000,"bu","13:45:02",11641900
25.9,-0.15,7000,"bu","13:45:01",11631900
25.9,-0.15,1500,"bu","13:45:01",11624900
25.9,-0.15,1500,"bu","13:45:01",11623400
25.9,-0.15,200,"bu","13:44:58",11621900
25.9,-0.15,300,"bu","13:44:54",11621700
25.9,-0.15,200,"bu","13:44:50",11621400
25.85,-0.2,200,"sd","13:44:49",11621200
25.9,-0.15,1600,"bu","13:44:45",11621000
25.9,-0.15,100,"sd","13:44:38",11619400
25.9,-0.15,300,"sd","13:44:38",11619300
25.9,-0.15,3900,"sd","13:44:38",11619000
25.95,-0.1,100,"bu","13:44:36",11615100
25.9,-0.15,1100,"sd","13:44:36",11615000
25.9,-0.15,400,"sd","13:44:36",11613900
25.9,-0.15,2000,"sd","13:44:36",11613500
25.9,-0.15,500,"sd","13:44:36",11611500
25.9,-0.15,1000,"sd","13:44:36",11611000
25.9,-0.15,10000,"sd","13:44:36",11610000
25.9,-0.15,100,"sd","13:44:36",11600000
25.9,-0.15,200,"sd","13:44:36",11599900
25.9,-0.15,1000,"sd","13:44:36",11599700
25.9,-0.15,1200,"sd","13:44:36",11598700
25.9,-0.15,4000,"sd","13:44:36",11597500
25.9,-0.15,2000,"sd","13:44:36",11593500
25.9,-0.15,2000,"sd","13:44:36",11591500
25.9,-0.15,3400,"sd","13:44:36",11589500
25.9,-0.15,2000,"sd","13:44:36",11586100
25.9,-0.15,1000,"sd","13:44:36",11584100
25.9,-0.15,200,"sd","13:44:36",11583100
25.9,-0.15,100,"sd","13:44:36",11582900
25.9,-0.15,100,"sd","13:44:36",11582800
25.9,-0.15,1000,"sd","13:44:36",11582700
25.9,-0.15,100,"sd","13:44:36",11581700
25.9,-0.15,2000,"sd","13:44:36",11581600
25.9,-0.15,200,"sd","13:44:36",11579600
25.9,-0.15,300,"sd","13:44:36",11579400
25.9,-0.15,24100,"sd","13:44:36",11579100
25.9,-0.15,6000,"sd","13:44:34",11555000
25.9,-0.15,500,"sd","13:44:31",11549000
25.95,-0.1,100,"bu","13:44:31",11548500
25.9,-0.15,19400,"sd","13:44:30",11548400
25.9,-0.15,600,"sd","13:44:30",11529000
25.9,-0.15,30000,"sd","13:44:26",11528400
25.95,-0.1,4000,"bu","13:44:26",11498400
25.95,-0.1,1000,"bu","13:44:26",11494400
25.9,-0.15,1500,"sd","13:44:22",11493400
25.9,-0.15,10000,"sd","13:44:17",11491900
25.95,-0.1,200,"bu","13:44:14",11481900
25.95,-0.1,100,"bu","13:44:12",11481700
25.95,-0.1,500,"bu","13:44:03",11481600
25.95,-0.1,100,"bu","13:44:02",11481100
25.95,-0.1,100,"bu","13:44:01",11481000
25.95,-0.1,2000,"bu","13:43:59",11480900
25.95,-0.1,400,"bu","13:43:59",11478900
25.95,-0.1,500,"bu","13:43:59",11478500
25.95,-0.1,500,"bu","13:43:59",11478000
25.95,-0.1,1600,"bu","13:43:59",11477500
25.95,-0.1,100,"bu","13:43:55",11475900
25.9,-0.15,3500,"sd","13:43:51",11475800
25.95,-0.1,300,"bu","13:43:48",11472300
25.95,-0.1,100,"bu","13:43:47",11472000
25.95,-0.1,900,"bu","13:43:42",11471900
25.95,-0.1,400,"bu","13:43:42",11471000
25.95,-0.1,1000,"bu","13:43:38",11470600
25.95,-0.1,100,"sd","13:43:37",11469600
26,-0.05,100,"bu","13:43:28",11469500
25.9,-0.15,4400,"sd","13:43:27",11469400
25.9,-0.15,500,"sd","13:43:27",11465000
25.95,-0.1,100,"sd","13:43:27",11464500
25.95,-0.1,9900,"bu","13:43:24",11464400
25.95,-0.1,100,"bu","13:43:24",11454500
25.95,-0.1,5000,"bu","13:43:22",11454400
25.95,-0.1,200,"bu","13:43:19",11449400
25.95,-0.1,300,"bu","13:43:16",11449200
25.95,-0.1,100,"bu","13:43:08",11448900
25.95,-0.1,100,"bu","13:43:08",11448800
25.95,-0.1,400,"bu","13:43:08",11448700
25.95,-0.1,1200,"sd","13:43:02",11448300
25.95,-0.1,700,"sd","13:43:02",11447100
25.95,-0.1,2600,"sd","13:43:02",11446400
25.95,-0.1,200,"sd","13:43:00",11443800
25.95,-0.1,1000,"bu","13:42:59",11443600
25.95,-0.1,500,"bu","13:42:59",11442600
25.95,-0.1,100,"bu","13:42:59",11442100
25.95,-0.1,200,"bu","13:42:59",11442000
25.95,-0.1,400,"bu","13:42:59",11441800
25.95,-0.1,100,"bu","13:42:59",11441400
25.95,-0.1,500,"bu","13:42:56",11441300
25.95,-0.1,100,"bu","13:42:56",11440800
25.95,-0.1,500,"bu","13:42:46",11440700
25.95,-0.1,500,"bu","13:42:43",11440200
25.95,-0.1,400,"bu","13:42:42",11439700
25.95,-0.1,300,"bu","13:42:41",11439300
25.95,-0.1,800,"bu","13:42:41",11439000
25.95,-0.1,100,"bu","13:42:38",11438200
25.95,-0.1,1000,"bu","13:42:37",11438100
25.95,-0.1,100,"bu","13:42:34",11437100
25.95,-0.1,100,"bu","13:42:33",11437000
25.95,-0.1,1600,"bu","13:42:32",11436900
25.95,-0.1,400,"bu","13:42:31",11435300
25.95,-0.1,200,"bu","13:42:31",11434900
25.95,-0.1,100,"bu","13:42:26",11434700
25.95,-0.1,300,"bu","13:42:25",11434600
25.95,-0.1,700,"bu","13:42:25",11434300
25.95,-0.1,100,"bu","13:42:25",11433600
25.95,-0.1,1000,"bu","13:42:25",11433500
25.95,-0.1,1000,"bu","13:42:23",11432500
25.9,-0.15,100,"sd","13:42:23",11431500
25.95,-0.1,300,"bu","13:42:22",11431400
25.95,-0.1,100,"bu","13:42:22",11431100
25.95,-0.1,10000,"bu","13:42:20",11431000
25.95,-0.1,6800,"bu","13:42:19",11421000
25.95,-0.1,3000,"bu","13:42:19",11414200
25.95,-0.1,5000,"bu","13:42:19",11411200
25.95,-0.1,500,"bu","13:42:19",11406200
25.95,-0.1,4700,"bu","13:42:19",11405700
25.95,-0.1,1000,"bu","13:42:17",11401000
25.95,-0.1,100,"bu","13:42:12",11400000
25.95,-0.1,300,"bu","13:42:11",11399900
25.95,-0.1,1500,"bu","13:42:11",11399600
25.95,-0.1,100,"bu","13:42:08",11398100
