"price","change","match_qtty","side","time","total_vol"
48.1,0.2,15500,"unknown","14:45:04",687300
48.3,0.4,1500,"bu","14:29:53",671800
48.3,0.4,300,"bu","14:29:44",670300
48.1,0.2,100,"sd","14:29:41",670000
48.3,0.4,2000,"bu","14:29:36",669900
48.3,0.4,600,"bu","14:29:32",667900
48.1,0.2,500,"sd","14:29:30",667300
48.3,0.4,100,"bu","14:29:27",666800
48.3,0.4,500,"bu","14:29:21",666700
48.3,0.4,1000,"bu","14:29:15",666200
48.3,0.4,4000,"bu","14:29:11",665200
48.3,0.4,3000,"bu","14:29:01",661200
48.3,0.4,2000,"bu","14:28:58",658200
48.3,0.4,14800,"bu","14:28:53",656200
48.3,0.4,200,"bu","14:28:53",641400
48.3,0.4,800,"sd","14:28:35",641200
48.3,0.4,100,"bu","14:28:30",640400
48.3,0.4,600,"bu","14:28:30",640300
48.3,0.4,300,"bu","14:28:30",639700
48.3,0.4,200,"bu","14:28:30",639400
48.3,0.4,600,"bu","14:28:30",639200
48.3,0.4,200,"bu","14:28:18",638600
48,0.1,4500,"sd","14:28:11",638400
48,0.1,2000,"sd","14:28:11",633900
48,0.1,100,"sd","14:28:11",631900
48,0.1,100,"sd","14:28:11",631800
48,0.1,200,"sd","14:28:11",631700
48,0.1,100,"sd","14:28:11",631500
48.3,0.4,200,"bu","14:28:01",631400
48.25,0.35,100,"bu","14:27:53",631200
48.25,0.35,2500,"bu","14:27:53",631100
48.2,0.3,400,"bu","14:27:53",628600
48.2,0.3,100,"bu","14:27:52",628200
48.25,0.35,3000,"bu","14:27:46",628100
48.2,0.3,1400,"bu","14:27:37",625100
48.2,0.3,100,"bu","14:27:17",623700
48.2,0.3,100,"bu","14:27:17",623600
48.2,0.3,400,"sd","14:27:00",623500
48.2,0.3,300,"sd","14:26:50",623100
48.2,0.3,200,"sd","14:26:50",622800
48.25,0.35,4500,"bu","14:26:43",622600
48.25,0.35,500,"bu","14:26:43",618100
48.2,0.3,100,"sd","14:26:40",617600
48.2,0.3,500,"bu","14:26:30",617500
48.2,0.3,1000,"bu","14:26:30",617000
48.2,0.3,300,"bu","14:26:30",616000
48.2,0.3,400,"bu","14:26:30",615700
48.2,0.3,100,"bu","14:26:17",615300
48.2,0.3,500,"bu","14:26:17",615200
48.2,0.3,1400,"bu","14:26:17",614700
48,0.1,200,"sd","14:26:14",613300
48,0.1,4700,"sd","14:26:06",613100
48,0.1,300,"sd","14:26:06",608400
48.2,0.3,300,"bu","14:26:02",608100
48.2,0.3,200,"bu","14:25:54",607800
48.2,0.3,100,"bu","14:25:10",607600
48,0.1,700,"bu","14:24:58",607500
48,0.1,100,"sd","14:24:43",606800
48,0.1,200,"sd","14:24:43",606700
48,0.1,2500,"bu","14:24:25",606500
48,0.1,1000,"bu","14:23:56",604000
48,0.1,2500,"bu","14:23:49",603000
48,0.1,1100,"bu","14:23:40",600500
48,0.1,2000,"bu","14:22:44",599400
48,0.1,1500,"bu","14:22:33",597400
48,0.1,3000,"bu","14:22:27",595900
48,0.1,2000,"bu","14:22:11",592900
47.9,0,1700,"bu","14:21:22",590900
48,0.1,8100,"bu","14:21:22",589200
47.9,0,200,"bu","14:21:22",581100
47.9,0,300,"bu","14:20:59",580900
47.9,0,1700,"bu","14:20:59",580600
47.9,0,300,"sd","14:20:40",578900
48,0.1,4300,"bu","14:20:26",578600
47.9,0,3700,"bu","14:20:26",574300
47.9,0,100,"bu","14:20:25",570600
47.8,-0.1,400,"sd","14:19:48",570500
47.8,-0.1,100,"sd","14:19:48",570100
47.9,0,200,"bu","14:19:34",570000
47.9,0,200,"sd","14:19:23",569800
48,0.1,500,"bu","14:19:20",569600
48,0.1,1000,"bu","14:19:18",569100
48,0.1,3000,"bu","14:19:08",568100
48,0.1,200,"bu","14:19:08",565100
47.9,0,500,"sd","14:19:04",564900
47.9,0,2000,"sd","14:19:04",564400
47.9,0,100,"sd","14:19:04",562400
47.9,0,100,"sd","14:19:04",562300
47.9,0,700,"sd","14:19:04",562200
48,0.1,2000,"bu","14:18:58",561500
48,0.1,200,"bu","14:18:53",559500
48,0.1,2000,"bu","14:18:50",559300
48,0.1,10000,"bu","14:18:37",557300
48,0.1,500,"sd","14:17:53",547300
48.2,0.3,2600,"bu","14:16:44",546800
48.2,0.3,400,"bu","14:16:44",544200
48.1,0.2,2000,"bu","14:16:44",543800
48.2,0.3,100,"bu","14:16:19",541800
48.15,0.25,100,"bu","14:16:19",541700
48.15,0.25,100,"bu","14:16:19",541600
48.15,0.25,200,"bu","14:16:19",541500
48.1,0.2,2000,"bu","14:16:19",541300
48.15,0.25,500,"bu","14:16:09",539300
48.1,0.2,2000,"bu","14:16:09",538800
48.15,0.25,1000,"bu","14:15:59",536800
48.1,0.2,2000,"bu","14:15:59",535800
48.15,0.25,1300,"bu","14:15:47",533800
48.15,0.25,700,"bu","14:15:47",532500
48.15,0.25,1200,"bu","14:15:38",531800
48.1,0.2,200,"bu","14:15:38",530600
48.1,0.2,1600,"bu","14:15:38",530400
48.1,0.2,400,"sd","14:14:09",528800
48.1,0.2,2600,"sd","14:14:01",528400
48.1,0.2,200,"bu","14:13:52",525800
48.1,0.2,2000,"bu","14:13:48",525600
48.1,0.2,2000,"bu","14:13:40",523600
48.1,0.2,3000,"bu","14:13:29",521600
48.1,0.2,200,"sd","14:13:06",518600
48.1,0.2,100,"sd","14:12:21",518400
48.1,0.2,200,"bu","14:12:06",518300
48.1,0.2,2500,"bu","14:11:55",518100
48.1,0.2,2000,"bu","14:11:46",515600
48.1,0.2,300,"bu","14:11:36",513600
48.1,0.2,100,"bu","14:11:36",513300
48.1,0.2,2900,"bu","14:11:36",513200
48.1,0.2,2700,"bu","14:11:22",510300
48.1,0.2,400,"sd","14:10:53",507600
48.1,0.2,600,"bu","14:10:19",507200
48.1,0.2,2000,"bu","14:10:10",506600
48.1,0.2,1900,"bu","14:09:59",504600
48.1,0.2,100,"bu","14:09:59",502700
48.1,0.2,1400,"bu","14:09:04",502600
48,0.1,100,"bu","14:09:04",501200
48.1,0.2,1600,"bu","14:08:52",501100
48.1,0.2,400,"bu","14:08:52",499500
48.1,0.2,100,"bu","14:08:09",499100
48,0.1,500,"sd","14:07:48",499000
48,0.1,200,"sd","14:07:48",498500
48,0.1,100,"bu","14:06:56",498300
48,0.1,1000,"bu","14:06:56",498200
48,0.1,2200,"bu","14:06:56",497200
48,0.1,200,"bu","14:06:50",495000
47.9,0,100,"sd","14:06:48",494800
47.9,0,900,"sd","14:06:48",494700
48,0.1,100,"bu","14:06:43",493800
48,0.1,2500,"bu","14:06:41",493700
48,0.1,2000,"bu","14:06:31",491200
48,0.1,3000,"bu","14:06:22",489200
48,0.1,100,"sd","14:05:50",486200
48,0.1,300,"bu","14:05:18",486100
48,0.1,500,"bu","14:05:03",485800
48,0.1,200,"bu","14:04:56",485300
48.15,0.25,100,"sd","14:03:28",485100
48.15,0.25,100,"bu","14:03:23",485000
48.15,0.25,600,"bu","14:03:23",484900
48.15,0.25,3200,"bu","14:03:23",484300
48.15,0.25,1500,"bu","14:03:12",481100
48.15,0.25,300,"sd","14:02:40",479600
48.15,0.25,1700,"bu","14:02:17",479300
48.15,0.25,300,"bu","14:02:05",477600
48.15,0.25,300,"bu","14:02:05",477300
48.15,0.25,1400,"bu","14:02:05",477000
48.15,0.25,3000,"bu","14:01:53",475600
48.15,0.25,2500,"bu","14:01:42",472600
48.15,0.25,2900,"bu","14:01:33",470100
48.1,0.2,100,"bu","14:01:33",467200
47.9,0,1600,"sd","14:01:29",467100
47.9,0,400,"sd","14:01:29",465500
48.15,0.25,200,"sd","14:01:10",465100
48.15,0.25,500,"sd","14:01:09",464900
48.15,0.25,300,"bu","14:00:58",464400
48.15,0.25,200,"sd","14:00:48",464100
48.15,0.25,500,"bu","14:00:35",463900
48.15,0.25,1300,"bu","14:00:35",463400
48.15,0.25,1500,"bu","14:00:26",462100
48.15,0.25,2000,"bu","14:00:15",460600
47.9,0,1000,"sd","14:00:14",458600
48.15,0.25,1500,"bu","14:00:05",457600
48.15,0.25,2500,"bu","13:59:53",456100
48.15,0.25,2500,"bu","13:59:41",453600
48.1,0.2,500,"unknown","13:59:41",451100
48.15,0.25,8700,"bu","13:59:32",450600
48.15,0.25,1000,"bu","13:59:32",441900
48.15,0.25,300,"bu","13:59:32",440900
47.9,0,1000,"sd","13:59:26",440600
48,0.1,1000,"sd","13:59:26",439600
48.15,0.25,200,"bu","13:58:43",438600
47.9,0,300,"sd","13:58:37",438400
47.9,0,100,"sd","13:58:37",438100
48.15,0.25,600,"sd","13:58:37",438000
48.15,0.25,400,"bu","13:58:33",437400
48.15,0.25,1500,"bu","13:58:21",437000
48.15,0.25,300,"bu","13:58:20",435500
48.15,0.25,1000,"bu","13:58:10",435200
48.15,0.25,1500,"bu","13:58:01",434200
48.15,0.25,200,"bu","13:57:50",432700
48.15,0.25,3000,"bu","13:57:46",432500
48.15,0.25,100,"bu","13:57:37",429500
48.15,0.25,5000,"bu","13:57:37",429400
48.15,0.25,5000,"bu","13:57:26",424400
48.15,0.25,2000,"bu","13:57:16",419400
48.15,0.25,1000,"bu","13:57:16",417400
48.15,0.25,4000,"bu","13:57:06",416400
48.15,0.25,200,"bu","13:57:06",412400
48.15,0.25,4700,"bu","13:57:06",412200
48.1,0.2,100,"bu","13:57:06",407500
48.1,0.2,1000,"bu","13:57:06",407400
48,0.1,100,"sd","13:56:42",406400
48,0.1,1000,"sd","13:56:29",406300
48,0.1,2600,"sd","13:55:48",405300
48,0.1,400,"sd","13:55:48",402700
48,0.1,100,"bu","13:55:06",402300
48,0.1,1000,"bu","13:55:06",402200
48,0.1,1500,"bu","13:54:58",401200
48,0.1,2000,"bu","13:54:50",399700
48,0.1,1000,"bu","13:54:42",397700
48,0.1,1000,"bu","13:54:33",396700
48,0.1,2000,"bu","13:54:24",395700
48,0.1,200,"sd","13:53:44",393700
48,0.1,300,"sd","13:53:44",393500
48,0.1,200,"sd","13:53:20",393200
48,0.1,1500,"bu","13:53:07",393000
48,0.1,2000,"bu","13:52:58",391500
48,0.1,1000,"bu","13:52:48",389500
47.9,0,400,"sd","13:52:43",388500
47.9,0,300,"sd","13:52:43",388100
47.9,0,300,"sd","13:52:43",387800
48,0.1,1800,"bu","13:52:37",387500
48,0.1,100,"bu","13:52:37",385700
48,0.1,100,"bu","13:52:37",385600
48,0.1,100,"bu","13:52:36",385500
48,0.1,300,"sd","13:51:19",385400
48,0.1,700,"bu","13:51:00",385100
48,0.1,2000,"bu","13:50:52",384400
48,0.1,1000,"bu","13:50:43",382400
48,0.1,1300,"bu","13:50:34",381400
48,0.1,200,"bu","13:50:34",380100
48,0.1,200,"bu","13:50:34",379900
48,0.1,200,"bu","13:50:34",379700
48,0.1,100,"bu","13:50:34",379500
47.95,0.05,100,"bu","13:50:13",379400
47.9,0,100,"sd","13:49:56",379300
47.9,0,600,"bu","13:49:23",379200
47.9,0,1100,"bu","13:49:14",378600
47.9,0,2500,"bu","13:49:00",377500
47.9,0,1000,"bu","13:48:41",375000
47.9,0,500,"bu","13:48:19",374000
47.9,0,200,"bu","13:48:15",373500
47.9,0,300,"bu","13:47:16",373300
47.85,-0.05,200,"bu","13:47:16",373000
47.85,-0.05,400,"bu","13:46:56",372800
47.85,-0.05,400,"bu","13:46:47",372400
47.8,-0.1,500,"bu","13:46:26",372000
47.8,-0.1,300,"bu","13:46:13",371500
47.8,-0.1,200,"bu","13:46:04",371200
47.7,-0.2,500,"bu","13:45:41",371000
47.6,-0.3,800,"bu","13:45:30",370500
47.55,-0.35,100,"sd","13:45:15",369700
47.6,-0.3,1000,"bu","13:45:14",369600
47.55,-0.35,1200,"bu","13:45:02",368600
47.5,-0.4,100,"bu","13:45:02",367400
47.5,-0.4,600,"sd","13:44:12",367300
47.5,-0.4,100,"sd","13:44:06",366700
47.5,-0.4,100,"sd","13:44:03",366600
47.5,-0.4,200,"sd","13:43:56",366500
47.5,-0.4,1000,"sd","13:43:54",366300
47.5,-0.4,1100,"sd","13:43:54",365300
47.5,-0.4,900,"sd","13:43:39",364200
47.5,-0.4,100,"sd","13:43:39",363300
47.55,-0.35,300,"bu","13:43:30",363200
47.55,-0.35,100,"sd","13:42:54",362900
47.6,-0.3,800,"sd","13:42:10",362800
47.6,-0.3,400,"sd","13:42:10",362000
47.6,-0.3,2100,"sd","13:41:07",361600
47.6,-0.3,500,"sd","13:41:07",359500
47.6,-0.3,400,"sd","13:41:07",359000
47.7,-0.2,100,"sd","13:39:31",358600
47.7,-0.2,100,"sd","13:37:07",358500
47.7,-0.2,100,"sd","13:36:29",358400
47.8,-0.1,200,"bu","13:34:09",358300
47.7,-0.2,700,"bu","13:33:54",358100
47.6,-0.3,100,"bu","13:33:39",357400
47.6,-0.3,500,"bu","13:33:13",357300
47.6,-0.3,500,"bu","13:33:13",356800
47.6,-0.3,200,"bu","13:33:13",356300
47.6,-0.3,700,"bu","13:33:13",356100
47.7,-0.2,100,"bu","13:33:05",355400
47.7,-0.2,300,"bu","13:32:33",355300
47.6,-0.3,400,"sd","13:32:32",355000
47.65,-0.25,100,"sd","13:32:32",354600
47.7,-0.2,900,"bu","13:31:33",354500
47.7,-0.2,400,"bu","13:31:18",353600
47.7,-0.2,300,"bu","13:31:01",353200
47.7,-0.2,200,"bu","13:30:51",352900
47.7,-0.2,100,"bu","13:30:40",352700
47.7,-0.2,500,"bu","13:30:27",352600
47.6,-0.3,2100,"sd","13:30:18",352100
47.6,-0.3,100,"sd","13:30:18",350000
47.6,-0.3,200,"sd","13:30:18",349900
47.7,-0.2,100,"sd","13:30:10",349700
47.7,-0.2,200,"sd","13:30:10",349600
47.7,-0.2,600,"sd","13:30:10",349400
47.7,-0.2,300,"sd","13:30:10",348800
47.7,-0.2,100,"sd","13:30:10",348500
47.7,-0.2,200,"sd","13:30:10",348400
47.8,-0.1,300,"bu","13:30:01",348200
47.7,-0.2,100,"sd","13:29:43",347900
47.8,-0.1,200,"bu","13:29:42",347800
47.8,-0.1,200,"bu","13:29:13",347600
47.7,-0.2,400,"bu","13:28:53",347400
47.7,-0.2,200,"bu","13:28:09",347000
47.6,-0.3,600,"bu","13:27:53",346800
47.6,-0.3,100,"bu","13:27:39",346200
47.6,-0.3,200,"bu","13:27:33",346100
47.6,-0.3,600,"bu","13:27:26",345900
47.6,-0.3,1500,"bu","13:27:15",345300
47.6,-0.3,1000,"bu","13:26:55",343800
47.6,-0.3,3000,"bu","13:26:46",342800
47.6,-0.3,10000,"sd","13:26:21",339800
47.6,-0.3,3000,"sd","13:26:21",329800
47.6,-0.3,200,"sd","13:26:21",326800
47.7,-0.2,1000,"bu","13:26:00",326600
47.7,-0.2,10000,"bu","13:26:00",325600
47.7,-0.2,2000,"bu","13:26:00",315600
47.7,-0.2,200,"sd","13:26:00",313600
47.75,-0.15,100,"bu","13:25:34",313400
47.75,-0.15,1000,"sd","13:25:34",313300
47.8,-0.1,100,"sd","13:24:32",312300
47.8,-0.1,100,"sd","13:24:19",312200
47.8,-0.1,200,"sd","13:24:19",312100
47.9,0,200,"bu","13:20:40",311900
47.9,0,1000,"bu","13:19:47",311700
47.9,0,500,"sd","13:19:14",310700
47.9,0,1000,"sd","13:19:14",310200
47.9,0,400,"sd","13:19:14",309200
47.95,0.05,700,"sd","13:19:14",308800
47.95,0.05,300,"bu","13:19:10",308100
47.95,0.05,500,"sd","13:17:30",307800
48,0.1,100,"sd","13:12:18",307300
48,0.1,100,"bu","13:12:18",307200
48,0.1,500,"bu","13:12:18",307100
48,0.1,200,"bu","13:12:18",306600
48,0.1,100,"bu","13:12:18",306400
48,0.1,100,"bu","13:11:59",306300
47.9,0,200,"sd","13:10:53",306200
48,0.1,1000,"bu","13:10:15",306000
48,0.1,300,"bu","13:07:02",305000
47.9,0,200,"sd","13:06:33",304700
48,0.1,500,"bu","13:06:13",304500
48.15,0.25,2000,"bu","13:06:01",304000
48,0.1,200,"sd","13:05:55",302000
48.15,0.25,300,"bu","13:05:52",301800
48.15,0.25,700,"bu","13:05:52",301500
48,0.1,100,"bu","13:04:52",300800
47.9,0,100,"bu","13:04:43",300700
47.9,0,200,"bu","13:04:43",300600
47.9,0,200,"bu","13:04:27",300400
47.9,0,400,"bu","13:04:17",300200
47.9,0,200,"bu","13:03:58",299800
47.9,0,500,"bu","13:03:26",299600
47.9,0,100,"bu","13:03:11",299100
47.9,0,10000,"sd","13:00:47",299000
47.9,0,700,"sd","13:00:47",289000
47.9,0,100,"sd","13:00:47",288300
47.95,0.05,2600,"sd","13:00:47",288200
48.15,0.25,300,"sd","13:00:14",285600
48.2,0.3,400,"bu","13:00:11",285300
48.2,0.3,700,"bu","13:00:11",284900
48.15,0.25,2000,"bu","13:00:11",284200
47.95,0.05,400,"sd","13:00:08",282200
48,0.1,300,"sd","13:00:08",281500
48,0.1,300,"sd","13:00:08",281800
48.2,0.3,300,"bu","13:00:04",281200
48.2,0.3,1000,"bu","13:00:04",280900
48.15,0.25,300,"bu","13:00:04",279900
48.15,0.25,300,"bu","13:00:04",279600
48.15,0.25,800,"bu","13:00:04",279300
48.1,0.2,400,"bu","13:00:04",278500
48.15,0.25,500,"bu","13:00:04",278100
48.15,0.25,900,"bu","13:00:03",277600
48.1,0.2,200,"bu","13:00:03",276700
48.15,0.25,200,"bu","13:00:03",276500
48.1,0.2,600,"bu","13:00:02",276300
48.15,0.25,2100,"bu","13:00:02",275700
48.15,0.25,100,"bu","13:00:02",273600
48.15,0.25,500,"sd","13:00:01",273500
48.15,0.25,200,"sd","13:00:01",273000
48.15,0.25,2800,"bu","11:29:41",272800
48.15,0.25,200,"bu","11:29:36",270000
48.15,0.25,3000,"bu","11:29:31",269800
48.15,0.25,800,"bu","11:29:26",266800
48.15,0.25,500,"bu","11:29:17",266000
48.15,0.25,2000,"bu","11:29:17",265500
48.15,0.25,700,"bu","11:29:07",263500
48.1,0.2,300,"bu","11:29:07",262800
48.1,0.2,300,"sd","11:28:37",262500
48.1,0.2,400,"sd","11:28:37",262200
48.2,0.3,200,"bu","11:28:18",261800
48.2,0.3,400,"bu","11:26:50",261600
48.15,0.25,500,"bu","11:26:50",261200
48.2,0.3,100,"bu","11:26:50",260700
48.2,0.3,500,"bu","11:26:50",260600
48.2,0.3,500,"bu","11:26:50",260100
48.15,0.25,500,"sd","11:26:49",259600
48.15,0.25,1000,"bu","11:26:35",259100
48.1,0.2,600,"bu","11:26:22",258100
48.1,0.2,1000,"bu","11:24:35",257500
48.1,0.2,1000,"bu","11:24:27",256500
48.1,0.2,1000,"bu","11:24:18",255500
48,0.1,700,"bu","11:22:01",254500
48,0.1,1000,"bu","11:21:53",253800
48,0.1,1000,"bu","11:21:44",252800
48,0.1,300,"bu","11:21:36",251800
48,0.1,700,"bu","11:21:36",251500
48,0.1,3000,"sd","11:19:43",250800
48,0.1,1300,"sd","11:19:43",247800
48,0.1,700,"bu","11:18:17",246500
48,0.1,1000,"bu","11:18:02",245800
48,0.1,1000,"bu","11:17:50",244800
48,0.1,2000,"bu","11:17:43",243800
48,0.1,2000,"bu","11:17:32",241800
48,0.1,1000,"bu","11:17:20",239800
47.9,0,200,"bu","11:05:55",238800
47.9,0,100,"sd","11:05:51",238600
47.9,0,100,"sd","11:05:51",238500
48,0.1,2300,"bu","10:57:11",238400
47.9,0,300,"bu","10:52:54",236100
47.9,0,1200,"bu","10:52:54",235800
47.9,0,100,"bu","10:52:45",234600
47.9,0,800,"bu","10:52:35",234500
47.9,0,500,"bu","10:52:26",233700
47.9,0,1600,"bu","10:52:23",233200
47.9,0,1200,"bu","10:51:58",231600
47.9,0,900,"bu","10:51:54",230400
47.9,0,100,"bu","10:51:51",229500
47.9,0,1500,"bu","10:51:39",229400
47.9,0,2000,"bu","10:51:25",227900
47.9,0,1400,"bu","10:51:24",225900
47.9,0,1000,"bu","10:51:14",224500
47.9,0,1000,"bu","10:51:08",223500
47.9,0,1000,"bu","10:51:02",222500
47.9,0,1000,"bu","10:50:52",221500
47.9,0,1000,"bu","10:50:45",220500
47.9,0,1000,"bu","10:50:41",219500
47.9,0,1000,"bu","10:50:35",218500
47.9,0,1000,"bu","10:50:31",217500
47.9,0,1000,"bu","10:50:25",216500
47.9,0,1000,"bu","10:50:21",215500
47.9,0,1000,"bu","10:50:09",214500
47.9,0,1000,"bu","10:50:03",213500
47.9,0,1000,"bu","10:49:40",212500
47.9,0,1000,"bu","10:49:34",211500
47.9,0,15000,"bu","10:49:16",210500
47.9,0,200,"bu","10:46:53",195500
47.9,0,5000,"bu","10:45:41",195300
47.9,0,200,"bu","10:45:20",190300
47.9,0,100,"sd","10:45:17",190100
47.9,0,100,"sd","10:45:17",190000
47.9,0,3000,"sd","10:45:17",189900
47.9,0,500,"sd","10:45:17",186900
47.9,0,100,"sd","10:45:17",186400
47.9,0,500,"sd","10:45:17",186300
48.2,0.3,100,"bu","10:43:20",185800
47.9,0,200,"sd","10:41:06",185700
47.95,0.05,600,"sd","10:41:06",185500
48,0.1,100,"sd","10:41:06",184900
48,0.1,400,"sd","10:41:06",184800
48.2,0.3,200,"bu","10:39:49",184400
48.2,0.3,600,"bu","10:38:47",184200
48.2,0.3,500,"bu","10:37:13",183600
48.2,0.3,200,"bu","10:37:03",183100
48.2,0.3,100,"bu","10:36:55",182900
48.2,0.3,600,"bu","10:36:01",182800
48.2,0.3,200,"bu","10:35:52",182200
48.2,0.3,1000,"bu","10:35:12",182000
48.2,0.3,4400,"bu","10:34:58",181000
48.15,0.25,300,"bu","10:34:58",176600
48.15,0.25,300,"bu","10:34:58",176300
48.15,0.25,100,"bu","10:31:58",176000
48,0.1,1500,"sd","10:31:02",175900
48,0.1,500,"sd","10:31:02",174400
48.2,0.3,400,"bu","10:30:46",173900
48.2,0.3,200,"bu","10:30:36",173500
48.2,0.3,1100,"bu","10:30:28",173300
48.2,0.3,500,"bu","10:29:33",172200
48.2,0.3,300,"bu","10:29:06",171700
48.2,0.3,800,"bu","10:29:01",171400
48.2,0.3,2500,"bu","10:28:50",170600
48.2,0.3,200,"bu","10:28:34",168100
48.2,0.3,1100,"bu","10:28:27",167900
48.2,0.3,6000,"bu","10:28:20",166800
48.2,0.3,3000,"bu","10:28:11",160800
48.2,0.3,15000,"bu","10:28:00",157800
48.2,0.3,10600,"bu","10:27:49",142800
48.2,0.3,1300,"bu","10:27:49",132200
48.1,0.2,100,"unknown","10:27:49",130900
48.1,0.2,500,"bu","10:25:13",130800
48.1,0.2,1500,"bu","10:24:36",130300
48.1,0.2,1000,"bu","10:22:18",128800
48.1,0.2,500,"bu","10:22:08",127800
48.1,0.2,1400,"bu","10:21:04",127300
48,0.1,100,"bu","10:21:04",125900
48,0.1,100,"sd","10:20:02",125800
48,0.1,100,"sd","10:20:02",125700
48.05,0.15,300,"bu","10:19:51",125600
47.95,0.05,100,"sd","10:14:39",125300
48,0.1,1200,"bu","10:08:52",125200
48,0.1,200,"bu","10:02:35",124000
48,0.1,100,"bu","10:02:05",123800
48,0.1,300,"bu","10:01:22",123700
48,0.1,300,"bu","10:00:04",123400
48,0.1,500,"bu","09:59:32",123100
48,0.1,200,"bu","09:57:54",122600
48,0.1,100,"bu","09:57:42",122400
48,0.1,100,"bu","09:57:41",122300
48,0.1,2800,"bu","09:57:32",122200
48,0.1,2500,"bu","09:56:28",119400
48,0.1,400,"bu","09:55:59",116900
48,0.1,300,"bu","09:55:15",116500
48,0.1,500,"bu","09:55:02",116200
48,0.1,1000,"bu","09:54:43",115700
48,0.1,100,"bu","09:54:25",114700
48,0.1,200,"bu","09:54:19",114600
48,0.1,1000,"bu","09:54:17",114400
48,0.1,100,"sd","09:51:03",113400
48.25,0.35,200,"bu","09:45:35",113300
48.25,0.35,100,"bu","09:45:02",113100
48.25,0.35,500,"bu","09:44:31",113000
48.25,0.35,400,"bu","09:44:03",112500
48.25,0.35,200,"bu","09:43:52",112100
48.25,0.35,500,"bu","09:43:21",111900
48.25,0.35,900,"bu","09:42:26",111400
48.2,0.3,100,"bu","09:42:26",110500
48,0.1,400,"sd","09:41:26",110400
48,0.1,200,"sd","09:41:26",110000
48,0.1,200,"sd","09:41:26",109800
48.25,0.35,500,"bu","09:41:11",109600
48.25,0.35,900,"bu","09:40:44",109100
48.15,0.25,100,"bu","09:40:44",108200
48.3,0.4,300,"bu","09:39:16",108100
48.3,0.4,500,"bu","09:38:23",107800
48.3,0.4,400,"bu","09:37:01",107300
48.3,0.4,100,"bu","09:36:42",106900
48,0.1,500,"sd","09:36:34",106800
48.3,0.4,200,"bu","09:35:58",106300
48.3,0.4,300,"bu","09:35:48",106100
48.3,0.4,600,"sd","09:35:10",105800
48.3,0.4,400,"sd","09:34:55",105200
48.3,0.4,1500,"bu","09:34:35",104800
48.3,0.4,300,"bu","09:34:35",103300
48.3,0.4,200,"bu","09:34:35",103000
48.3,0.4,500,"bu","09:34:25",102800
48.3,0.4,2000,"bu","09:34:16",102300
48.3,0.4,1200,"bu","09:33:37",100300
48.3,0.4,600,"bu","09:33:27",99100
48.3,0.4,100,"bu","09:32:59",98500
48.3,0.4,1000,"bu","09:32:56",98400
48.3,0.4,5000,"bu","09:32:39",97400
48.3,0.4,900,"bu","09:32:34",92400
48.3,0.4,500,"bu","09:32:31",91500
48.3,0.4,5000,"bu","09:32:21",91000
48.3,0.4,10000,"bu","09:32:15",86000
48.3,0.4,19500,"bu","09:32:07",76000
48.3,0.4,100,"bu","09:32:07",56500
48,0.1,400,"bu","09:32:07",56400
48.3,0.4,300,"bu","09:31:49",56000
48,0.1,500,"sd","09:31:48",55700
48.3,0.4,300,"bu","09:31:16",55200
48.3,0.4,300,"bu","09:30:45",54900
48.3,0.4,400,"bu","09:30:45",54600
48.3,0.4,100,"bu","09:30:40",54200
48.3,0.4,200,"bu","09:30:40",54100
48.3,0.4,300,"bu","09:30:34",53900
48.3,0.4,700,"bu","09:30:34",53600
48.3,0.4,200,"bu","09:30:28",52900
48.3,0.4,500,"bu","09:30:22",52700
48.3,0.4,2800,"bu","09:30:13",52200
48.3,0.4,800,"bu","09:30:08",49400
48.3,0.4,400,"bu","09:30:02",48600
48.3,0.4,1500,"bu","09:29:51",48200
48.3,0.4,3100,"bu","09:29:44",46700
48.3,0.4,900,"bu","09:29:44",43600
48.3,0.4,300,"bu","09:29:13",42700
48.3,0.4,500,"bu","09:29:06",42400
48.3,0.4,600,"bu","09:29:00",41900
48.3,0.4,1700,"bu","09:28:51",41300
48,0.1,300,"bu","09:28:51",39600
48,0.1,200,"sd","09:28:42",39300
48.3,0.4,5000,"bu","09:28:30",39100
48.3,0.4,3000,"bu","09:28:22",34100
48.3,0.4,8000,"bu","09:28:13",31100
48,0.1,300,"sd","09:27:56",23100
48.45,0.55,200,"bu","09:26:52",22800
48.45,0.55,1000,"bu","09:25:55",22600
48.45,0.55,100,"bu","09:25:39",21600
48.45,0.55,1000,"bu","09:25:19",21500
48.45,0.55,600,"bu","09:25:12",20500
48.45,0.55,200,"bu","09:25:02",19900
48.45,0.55,500,"bu","09:24:07",19700
48.45,0.55,200,"bu","09:23:53",19200
48.45,0.55,600,"bu","09:23:49",19000
48.45,0.55,1500,"bu","09:23:03",18400
48.45,0.55,400,"bu","09:22:42",16900
48.4,0.5,200,"bu","09:22:42",16500
48.45,0.55,2000,"bu","09:22:31",16300
48.45,0.55,500,"bu","09:22:18",13800
48.45,0.55,500,"bu","09:22:18",14300
48,0.1,500,"sd","09:22:00",13300
48,0.1,100,"sd","09:21:30",12800
48.5,0.6,700,"bu","09:21:03",12700
48.5,0.6,300,"bu","09:21:03",12000
48,0.1,100,"bu","09:20:51",11700
48,0.1,100,"bu","09:20:51",11600
48,0.1,300,"bu","09:20:51",11500
47.95,0.05,100,"bu","09:20:51",11200
48,0.1,200,"bu","09:20:19",11100
48,0.1,800,"bu","09:20:19",10900
48,0.1,2000,"bu","09:19:06",10100
48,0.1,2000,"bu","09:19:01",8100
47.9,0,200,"sd","09:18:36",6100
48,0.1,3000,"bu","09:18:28",5900
48,0.1,600,"bu","09:18:15",2900
48,0.1,1600,"bu","09:17:54",2300
48,0.1,100,"bu","09:17:54",700
47.95,0.05,300,"bu","09:17:54",600
46.8,-1.1,100,"sd","09:16:25",300
47.9,0,200,"bu","09:15:10",200
