"price","change","match_qtty","side","time","total_vol"
56,0,275100,"unknown","14:45:02",1416100
55.2,-0.8,100,"sd","14:29:44",1141000
55.3,-0.7,100,"bu","14:29:26",1140900
55.3,-0.7,100,"bu","14:29:26",1140800
55.3,-0.7,100,"bu","14:29:03",1140700
55.3,-0.7,100,"bu","14:29:03",1140600
55.3,-0.7,100,"bu","14:27:06",1140500
55.3,-0.7,100,"bu","14:27:06",1140400
55.3,-0.7,400,"bu","14:26:54",1140300
55.3,-0.7,500,"bu","14:26:50",1139900
55.4,-0.6,200,"bu","14:26:29",1139400
55.4,-0.6,600,"bu","14:25:56",1139200
55,-1,100,"sd","14:25:44",1138600
55.4,-0.6,500,"bu","14:25:42",1138500
55.4,-0.6,200,"bu","14:25:41",1138000
55.4,-0.6,1200,"bu","14:25:38",1137800
55.3,-0.7,100,"bu","14:25:38",1136600
55.3,-0.7,400,"bu","14:25:38",1136500
55.3,-0.7,100,"bu","14:25:38",1136100
55.3,-0.7,1000,"bu","14:25:37",1136000
55.3,-0.7,200,"bu","14:25:37",1135000
55.3,-0.7,3800,"bu","14:25:37",1134800
55.3,-0.7,100,"bu","14:25:34",1131000
55.2,-0.8,100,"bu","14:25:34",1130900
55.3,-0.7,1700,"bu","14:25:31",1130800
55.3,-0.7,1200,"bu","14:25:27",1129100
55.3,-0.7,400,"bu","14:25:27",1127900
55.3,-0.7,100,"bu","14:25:27",1127500
55.3,-0.7,500,"bu","14:25:26",1127400
55.3,-0.7,3300,"bu","14:25:21",1126900
55.2,-0.8,100,"bu","14:25:21",1123600
55.2,-0.8,1700,"bu","14:25:21",1123500
55.2,-0.8,2900,"bu","14:25:18",1121800
55.2,-0.8,300,"bu","14:25:09",1118900
55.2,-0.8,2300,"bu","14:25:09",1118600
55.2,-0.8,400,"bu","14:25:09",1116300
55.2,-0.8,500,"bu","14:25:09",1115900
55.2,-0.8,600,"bu","14:25:09",1115400
55.2,-0.8,500,"bu","14:25:09",1114800
55.2,-0.8,500,"bu","14:25:09",1114300
55.2,-0.8,100,"bu","14:25:07",1113800
55.2,-0.8,600,"bu","14:24:55",1113700
55.2,-0.8,100,"bu","14:24:47",1113100
55.2,-0.8,100,"bu","14:24:36",1113000
55.2,-0.8,500,"bu","14:24:24",1112900
55,-1,1700,"sd","14:24:19",1112400
55,-1,300,"sd","14:24:19",1110700
55,-1,300,"bu","14:23:53",1110400
55,-1,200,"sd","14:23:47",1110100
55.2,-0.8,600,"bu","14:23:34",1109900
55.2,-0.8,500,"bu","14:23:34",1109300
55.2,-0.8,200,"bu","14:23:31",1108800
55.2,-0.8,3000,"bu","14:23:31",1108600
55.2,-0.8,1000,"bu","14:23:31",1105600
55.2,-0.8,900,"bu","14:23:31",1104600
55.2,-0.8,100,"bu","14:23:30",1103700
55.2,-0.8,100,"bu","14:23:30",1103600
55.2,-0.8,1000,"bu","14:23:28",1103500
55.2,-0.8,600,"bu","14:23:21",1102500
55.2,-0.8,600,"bu","14:23:19",1101900
55.1,-0.9,2800,"bu","14:23:19",1101300
55.1,-0.9,2200,"bu","14:23:19",1098500
55.1,-0.9,2900,"bu","14:23:19",1096300
55.1,-0.9,2800,"bu","14:23:07",1093400
55,-1,100,"bu","14:23:07",1090600
55,-1,100,"bu","14:23:07",1090500
55,-1,2100,"bu","14:23:07",1090400
55,-1,1700,"bu","14:23:06",1088300
55,-1,200,"bu","14:22:57",1086600
55,-1,1000,"bu","14:22:53",1086400
55,-1,4100,"bu","14:22:53",1085400
55,-1,500,"bu","14:22:51",1081300
55,-1,400,"bu","14:22:50",1080800
55,-1,500,"bu","14:22:50",1080400
55,-1,200,"bu","14:22:30",1079900
55,-1,400,"bu","14:22:27",1079700
55,-1,200,"bu","14:22:25",1079300
55,-1,200,"bu","14:22:21",1079100
55,-1,200,"bu","14:22:21",1078900
55,-1,100,"bu","14:22:21",1078700
55,-1,100,"bu","14:21:53",1078600
55,-1,300,"bu","14:21:48",1078500
55,-1,300,"bu","14:21:48",1078200
55,-1,100,"bu","14:21:20",1077900
55,-1,500,"bu","14:21:17",1077800
55,-1,4100,"bu","14:21:14",1077300
55,-1,1000,"bu","14:21:14",1073200
55,-1,100,"bu","14:21:13",1072200
55,-1,200,"bu","14:21:13",1072100
55,-1,300,"bu","14:20:50",1071900
55,-1,200,"bu","14:20:50",1071600
55,-1,200,"bu","14:20:46",1071400
55,-1,200,"bu","14:20:46",1071200
55,-1,100,"bu","14:20:46",1071000
54.9,-1.1,100,"sd","14:20:44",1070900
54.9,-1.1,100,"sd","14:20:16",1070800
55,-1,300,"bu","14:20:15",1070700
55,-1,100,"bu","14:20:15",1070400
55,-1,200,"bu","14:20:15",1070300
54.9,-1.1,100,"sd","14:20:07",1070100
55,-1,500,"bu","14:19:44",1070000
55,-1,100,"bu","14:19:42",1069500
55,-1,200,"bu","14:19:20",1069400
55,-1,500,"bu","14:19:13",1069200
55,-1,600,"bu","14:19:11",1068700
55,-1,100,"bu","14:19:09",1068100
55,-1,500,"bu","14:18:40",1068000
54.9,-1.1,200,"sd","14:18:29",1067500
54.9,-1.1,300,"sd","14:18:29",1067300
54.9,-1.1,200,"sd","14:18:13",1067000
54.9,-1.1,100,"bu","14:18:07",1066800
55,-1,100,"bu","14:18:04",1066700
55,-1,1700,"bu","14:18:01",1066600
54.8,-1.2,100,"sd","14:17:52",1064900
55,-1,500,"bu","14:17:49",1064800
55,-1,1200,"bu","14:17:49",1064300
55,-1,1200,"bu","14:17:49",1063100
55,-1,500,"bu","14:17:49",1061900
55,-1,100,"bu","14:17:49",1061400
54.9,-1.1,5000,"bu","14:17:49",1061300
55,-1,1700,"bu","14:17:39",1056300
55,-1,100,"bu","14:17:39",1054600
55,-1,300,"bu","14:17:39",1054500
54.9,-1.1,800,"bu","14:17:39",1054200
54.9,-1.1,500,"sd","14:17:38",1053400
54.9,-1.1,500,"sd","14:17:38",1052900
54.9,-1.1,200,"sd","14:17:38",1052400
54.9,-1.1,4900,"bu","14:17:37",1052200
54.9,-1.1,100,"bu","14:17:32",1047300
55,-1,1500,"bu","14:17:28",1047200
54.9,-1.1,1000,"bu","14:17:28",1045700
54.9,-1.1,300,"bu","14:17:28",1044700
54.9,-1.1,3400,"bu","14:17:22",1044400
54.9,-1.1,2300,"bu","14:17:16",1041000
54.9,-1.1,1100,"bu","14:17:16",1038700
54.5,-1.5,200,"sd","14:17:10",1037600
54.5,-1.5,200,"sd","14:17:10",1037400
54.5,-1.5,700,"sd","14:17:10",1037200
54.5,-1.5,1000,"sd","14:17:10",1036500
54.5,-1.5,200,"sd","14:17:10",1035500
54.5,-1.5,100,"sd","14:17:10",1035300
54.6,-1.4,1000,"sd","14:17:10",1035200
54.6,-1.4,1000,"sd","14:17:10",1034200
54.6,-1.4,300,"sd","14:17:10",1033200
54.6,-1.4,100,"sd","14:17:10",1032900
54.6,-1.4,100,"sd","14:17:10",1032800
54.6,-1.4,100,"sd","14:17:10",1032700
54.9,-1.1,1400,"bu","14:17:09",1032600
54.8,-1.2,2000,"bu","14:17:09",1031200
54.8,-1.2,1000,"bu","14:17:06",1029200
54.8,-1.2,200,"bu","14:17:06",1028200
54.8,-1.2,1700,"bu","14:17:06",1028000
54.8,-1.2,600,"bu","14:17:05",1026300
54.8,-1.2,700,"bu","14:17:03",1025700
54.8,-1.2,2700,"bu","14:17:03",1025000
54.8,-1.2,100,"bu","14:16:59",1022300
54.8,-1.2,100,"bu","14:16:57",1022200
54.7,-1.3,3300,"bu","14:16:57",1022100
54.7,-1.3,1700,"bu","14:16:54",1018800
54.7,-1.3,200,"bu","14:16:54",1017100
54.7,-1.3,800,"bu","14:16:54",1016900
54.7,-1.3,300,"bu","14:16:48",1016100
54.7,-1.3,200,"bu","14:16:41",1015800
54.7,-1.3,500,"bu","14:16:33",1015600
54.7,-1.3,200,"bu","14:16:26",1015100
54.7,-1.3,200,"bu","14:16:01",1014900
54.7,-1.3,400,"bu","14:16:01",1014700
54.7,-1.3,400,"bu","14:16:00",1014300
54.7,-1.3,100,"bu","14:15:54",1013900
54.7,-1.3,100,"bu","14:15:45",1013800
54.7,-1.3,600,"bu","14:15:30",1013700
54.7,-1.3,100,"bu","14:15:21",1013100
54.7,-1.3,200,"sd","14:15:16",1013000
54.7,-1.3,500,"sd","14:15:16",1012800
54.8,-1.2,200,"bu","14:15:14",1012300
54.8,-1.2,200,"bu","14:15:01",1012100
54.8,-1.2,500,"bu","14:14:59",1011900
54.8,-1.2,100,"bu","14:14:48",1011400
54.8,-1.2,500,"bu","14:14:40",1011300
54.8,-1.2,500,"bu","14:14:29",1010800
54.8,-1.2,100,"bu","14:14:23",1010300
54.8,-1.2,100,"bu","14:14:23",1010200
54.8,-1.2,300,"bu","14:14:23",1010100
54.8,-1.2,200,"bu","14:14:16",1009800
54.8,-1.2,500,"bu","14:13:58",1009600
54.8,-1.2,100,"bu","14:13:44",1009100
54.8,-1.2,100,"bu","14:13:43",1009000
54.8,-1.2,500,"bu","14:13:27",1008900
54.8,-1.2,100,"bu","14:13:10",1008400
54.8,-1.2,600,"bu","14:12:53",1008300
54.7,-1.3,100,"bu","14:12:38",1007700
54.7,-1.3,600,"bu","14:12:21",1007600
54.7,-1.3,400,"bu","14:12:19",1007000
54.5,-1.5,100,"sd","14:12:15",1006600
54.5,-1.5,300,"sd","14:12:15",1006500
54.5,-1.5,100,"sd","14:12:15",1006200
54.5,-1.5,200,"sd","14:12:15",1006100
54.5,-1.5,500,"sd","14:12:15",1005900
54.5,-1.5,200,"sd","14:12:15",1005400
54.5,-1.5,100,"sd","14:12:15",1005200
54.5,-1.5,500,"sd","14:12:15",1005100
54.7,-1.3,200,"bu","14:12:05",1004600
54.7,-1.3,1000,"bu","14:11:59",1004400
54.7,-1.3,200,"bu","14:11:52",1003400
54.7,-1.3,500,"bu","14:11:51",1003200
54.7,-1.3,100,"bu","14:11:36",1002700
54.7,-1.3,100,"bu","14:11:36",1002600
54.7,-1.3,100,"bu","14:11:33",1002500
54.7,-1.3,200,"bu","14:11:21",1002400
54.7,-1.3,100,"bu","14:11:20",1002200
54.7,-1.3,500,"bu","14:11:20",1002100
54.7,-1.3,200,"bu","14:11:19",1001600
54.7,-1.3,500,"bu","14:11:09",1001400
54.7,-1.3,200,"bu","14:11:03",1000900
54.7,-1.3,100,"bu","14:11:00",1000700
54.6,-1.4,1000,"unknown","14:10:58",1000600
54.7,-1.3,700,"bu","14:10:58",999600
54.7,-1.3,600,"bu","14:10:48",998900
54.7,-1.3,1100,"bu","14:10:44",998300
54.6,-1.4,600,"bu","14:10:44",997200
54.6,-1.4,400,"sd","14:10:43",996600
54.6,-1.4,2800,"bu","14:10:31",996200
54.6,-1.4,100,"bu","14:10:27",993400
54.6,-1.4,100,"bu","14:10:17",993300
54.6,-1.4,400,"bu","14:10:17",993200
54.6,-1.4,500,"bu","14:10:16",992800
54.6,-1.4,100,"bu","14:10:15",992300
54.6,-1.4,300,"bu","14:10:14",992200
54.6,-1.4,200,"bu","14:09:55",991900
54.6,-1.4,500,"bu","14:09:47",991700
54.6,-1.4,200,"bu","14:09:40",991200
54.6,-1.4,400,"bu","14:09:32",991000
54.6,-1.4,200,"bu","14:09:24",990600
54.6,-1.4,100,"bu","14:09:22",990400
54.6,-1.4,100,"bu","14:09:17",990300
54.6,-1.4,400,"bu","14:09:17",990200
54.6,-1.4,200,"bu","14:09:05",989800
54.6,-1.4,100,"bu","14:08:49",989600
54.6,-1.4,500,"bu","14:08:46",989500
54.5,-1.5,100,"sd","14:08:43",989000
54.5,-1.5,1900,"sd","14:08:27",988900
54.5,-1.5,100,"sd","14:08:27",987000
54.5,-1.5,100,"sd","14:08:27",986900
54.5,-1.5,200,"sd","14:08:27",986800
54.5,-1.5,700,"sd","14:08:27",986600
54.6,-1.4,100,"bu","14:08:17",985900
54.6,-1.4,500,"bu","14:08:14",985800
54.6,-1.4,300,"bu","14:08:11",985300
54.6,-1.4,500,"bu","14:08:04",985000
54.6,-1.4,400,"bu","14:08:01",984500
54.6,-1.4,700,"bu","14:08:01",984100
54.6,-1.4,600,"bu","14:08:01",983400
54.6,-1.4,500,"bu","14:07:55",982800
54.6,-1.4,200,"bu","14:07:44",982300
54.6,-1.4,100,"bu","14:07:43",982100
54.6,-1.4,600,"bu","14:07:43",982000
54.6,-1.4,1000,"bu","14:07:40",981400
54.6,-1.4,700,"bu","14:07:40",980400
54.6,-1.4,1700,"bu","14:07:29",979700
54.6,-1.4,300,"bu","14:07:17",978000
54.5,-1.5,200,"bu","14:07:14",977700
54.5,-1.5,100,"bu","14:07:14",977500
54.5,-1.5,100,"bu","14:07:12",977400
54.5,-1.5,500,"bu","14:07:12",977300
54.5,-1.5,600,"bu","14:07:02",976800
54.5,-1.5,200,"bu","14:06:59",976200
54.6,-1.4,300,"bu","14:06:41",976000
54.6,-1.4,200,"bu","14:06:41",975700
54.6,-1.4,200,"bu","14:06:40",975500
54.6,-1.4,100,"bu","14:06:39",975300
54.6,-1.4,100,"bu","14:06:34",975200
54.6,-1.4,400,"bu","14:06:18",975100
54.5,-1.5,100,"sd","14:06:18",974700
54.5,-1.5,100,"sd","14:06:18",974600
54.5,-1.5,1000,"sd","14:06:18",974500
54.5,-1.5,200,"sd","14:06:18",973500
54.5,-1.5,100,"sd","14:06:18",973300
54.6,-1.4,600,"bu","14:06:09",973200
54.6,-1.4,100,"bu","14:06:06",972600
54.6,-1.4,300,"bu","14:06:01",972500
54.6,-1.4,200,"sd","14:05:38",972200
54.6,-1.4,400,"sd","14:05:38",972000
54.6,-1.4,400,"sd","14:05:38",971600
54.7,-1.3,600,"bu","14:05:36",971200
54.6,-1.4,1100,"sd","14:05:19",970600
54.6,-1.4,500,"bu","14:05:10",969500
54.6,-1.4,500,"bu","14:05:04",969000
54.6,-1.4,100,"bu","14:05:01",968500
54.6,-1.4,500,"bu","14:04:53",968400
54.6,-1.4,300,"bu","14:04:49",967900
54.6,-1.4,100,"bu","14:04:46",967600
54.6,-1.4,500,"bu","14:04:41",967500
54.6,-1.4,500,"bu","14:04:33",967000
54.6,-1.4,100,"bu","14:04:27",966500
54.6,-1.4,500,"bu","14:04:01",966400
54.5,-1.5,100,"bu","14:03:56",965900
54.5,-1.5,200,"bu","14:03:50",965800
54.5,-1.5,500,"bu","14:03:30",965600
54.5,-1.5,400,"sd","14:03:24",965100
54.5,-1.5,100,"sd","14:03:24",964700
54.6,-1.4,200,"bu","14:03:23",964600
54.6,-1.4,500,"bu","14:03:05",964400
54.6,-1.4,400,"bu","14:03:05",963900
54.6,-1.4,500,"bu","14:02:58",963500
54.6,-1.4,100,"bu","14:02:51",963000
54.6,-1.4,600,"bu","14:02:26",962900
54.6,-1.4,200,"bu","14:02:23",962300
54.3,-1.7,300,"sd","14:02:15",962100
54.3,-1.7,500,"sd","14:02:15",961800
54.3,-1.7,500,"sd","14:02:15",961300
54.3,-1.7,100,"sd","14:02:15",960800
54.3,-1.7,100,"sd","14:02:15",960700
54.3,-1.7,100,"sd","14:02:15",960600
54.3,-1.7,100,"sd","14:02:15",960500
54.7,-1.3,100,"bu","14:02:06",960400
54.3,-1.7,100,"sd","14:02:05",960300
54.3,-1.7,100,"sd","14:02:05",960200
54.3,-1.7,100,"sd","14:02:05",960100
54.4,-1.6,100,"sd","14:02:05",960000
54.4,-1.6,500,"sd","14:02:05",959900
54.4,-1.6,200,"sd","14:02:05",959400
54.4,-1.6,200,"sd","14:02:05",959200
54.4,-1.6,200,"sd","14:02:05",959000
54.4,-1.6,200,"sd","14:02:05",958800
54.7,-1.3,500,"bu","14:01:56",958600
54.7,-1.3,100,"bu","14:01:45",958100
54.4,-1.6,100,"sd","14:01:45",958000
54.4,-1.6,100,"sd","14:01:44",957900
54.4,-1.6,1000,"sd","14:01:44",957800
54.4,-1.6,100,"sd","14:01:44",956800
54.4,-1.6,200,"sd","14:01:44",956700
54.4,-1.6,100,"sd","14:01:44",956500
54.4,-1.6,100,"sd","14:01:44",956400
54.4,-1.6,100,"sd","14:01:44",956300
54.4,-1.6,100,"sd","14:01:44",956200
54.4,-1.6,500,"sd","14:01:44",956100
54.4,-1.6,200,"sd","14:01:44",955600
54.4,-1.6,200,"sd","14:01:44",955400
54.4,-1.6,100,"sd","14:01:44",955200
54.4,-1.6,100,"sd","14:01:44",955100
54.4,-1.6,300,"sd","14:01:44",955000
54.4,-1.6,100,"sd","14:01:44",954700
54.4,-1.6,3600,"sd","14:01:44",954600
54.4,-1.6,500,"sd","14:01:44",951000
54.4,-1.6,200,"sd","14:01:44",950500
54.4,-1.6,500,"sd","14:01:44",950300
54.4,-1.6,100,"sd","14:01:44",949800
54.4,-1.6,100,"sd","14:01:44",949700
54.4,-1.6,100,"sd","14:01:44",949600
54.4,-1.6,100,"sd","14:01:44",949500
54.4,-1.6,100,"sd","14:01:44",949400
54.4,-1.6,200,"sd","14:01:44",949300
54.4,-1.6,1800,"sd","14:01:44",949100
54.4,-1.6,100,"sd","14:01:44",947300
54.4,-1.6,200,"sd","14:01:44",947200
54.4,-1.6,500,"sd","14:01:44",947000
54.4,-1.6,200,"sd","14:01:44",946500
54.4,-1.6,1000,"sd","14:01:44",946300
54.4,-1.6,200,"sd","14:01:44",945300
54.4,-1.6,100,"sd","14:01:44",945100
54.4,-1.6,100,"sd","14:01:44",945000
54.4,-1.6,100,"sd","14:01:44",944900
54.4,-1.6,100,"sd","14:01:44",944800
54.4,-1.6,100,"sd","14:01:44",944700
54.4,-1.6,100,"sd","14:01:44",944600
54.4,-1.6,300,"sd","14:01:44",944500
54.4,-1.6,5000,"sd","14:01:44",944200
54.4,-1.6,200,"sd","14:01:44",939200
54.7,-1.3,500,"bu","14:01:28",939000
54.7,-1.3,600,"bu","14:01:23",938500
54.4,-1.6,100,"sd","14:01:08",937900
54.4,-1.6,100,"sd","14:01:06",937800
54.4,-1.6,100,"sd","14:01:06",937700
54.4,-1.6,200,"sd","14:01:06",937600
54.4,-1.6,100,"sd","14:01:06",937400
54.4,-1.6,100,"sd","14:01:06",937300
54.4,-1.6,200,"sd","14:01:06",937200
54.4,-1.6,300,"sd","14:01:06",937000
54.4,-1.6,100,"sd","14:01:06",936700
54.4,-1.6,100,"sd","14:01:06",936600
54.4,-1.6,700,"sd","14:01:06",936500
54.4,-1.6,100,"sd","14:01:06",935800
54.4,-1.6,200,"sd","14:01:06",935700
54.4,-1.6,100,"sd","14:01:06",935500
54.4,-1.6,100,"sd","14:01:06",935400
54.4,-1.6,300,"sd","14:00:59",935300
54.4,-1.6,100,"sd","14:00:59",935000
54.4,-1.6,100,"sd","14:00:59",934900
54.4,-1.6,200,"sd","14:00:59",934800
54.5,-1.5,500,"sd","14:00:59",934600
54.5,-1.5,400,"sd","14:00:59",934100
54.5,-1.5,100,"sd","14:00:59",933700
54.7,-1.3,600,"bu","14:00:51",933600
54.7,-1.3,100,"bu","14:00:41",933000
54.4,-1.6,800,"sd","14:00:41",932900
54.4,-1.6,100,"sd","14:00:41",932100
54.5,-1.5,400,"sd","14:00:41",932000
54.5,-1.5,200,"sd","14:00:40",931600
54.5,-1.5,100,"sd","14:00:40",931400
54.5,-1.5,100,"sd","14:00:40",931300
54.5,-1.5,400,"sd","14:00:40",931200
54.6,-1.4,100,"bu","14:00:40",930800
54.6,-1.4,100,"bu","14:00:33",930700
54.6,-1.4,500,"sd","14:00:22",930600
54.7,-1.3,500,"bu","14:00:19",930100
54.7,-1.3,100,"sd","14:00:12",929600
54.8,-1.2,100,"bu","14:00:07",929500
54.9,-1.1,500,"bu","13:59:51",929400
54.9,-1.1,600,"bu","13:59:47",928900
54.9,-1.1,100,"bu","13:59:35",928300
54.9,-1.1,500,"bu","13:59:17",928200
54.9,-1.1,200,"bu","13:59:02",927700
54.9,-1.1,600,"bu","13:58:45",927500
54.9,-1.1,1700,"bu","13:58:37",926900
54.9,-1.1,500,"bu","13:58:30",925200
54.5,-1.5,600,"sd","13:58:29",924700
54.5,-1.5,100,"sd","13:58:29",924100
54.5,-1.5,200,"sd","13:58:29",924000
54.5,-1.5,300,"sd","13:58:29",923800
54.5,-1.5,1000,"sd","13:58:29",923500
54.5,-1.5,100,"sd","13:58:29",922500
54.5,-1.5,100,"sd","13:58:29",922400
54.5,-1.5,200,"sd","13:58:29",922300
54.5,-1.5,100,"sd","13:58:29",922100
54.5,-1.5,100,"sd","13:58:29",922000
54.5,-1.5,100,"sd","13:58:29",921900
54.6,-1.4,300,"sd","13:58:29",921800
54.5,-1.5,100,"sd","13:58:29",921500
54.6,-1.4,500,"sd","13:58:29",921400
54.5,-1.5,200,"sd","13:58:29",920900
54.9,-1.1,100,"bu","13:58:29",920700
54.5,-1.5,700,"sd","13:58:29",920600
54.5,-1.5,100,"sd","13:58:29",919900
54.6,-1.4,300,"sd","13:58:29",919800
54.5,-1.5,100,"sd","13:58:29",919500
54.5,-1.5,1000,"sd","13:58:29",919400
54.5,-1.5,1000,"sd","13:58:29",918400
54.6,-1.4,5000,"sd","13:58:29",917400
54.6,-1.4,500,"sd","13:58:29",912400
54.5,-1.5,100,"sd","13:58:29",911900
54.6,-1.4,200,"sd","13:58:29",911800
54.5,-1.5,300,"sd","13:58:29",911600
54.6,-1.4,100,"sd","13:58:29",911300
54.5,-1.5,100,"sd","13:58:29",911200
54.6,-1.4,100,"sd","13:58:29",911100
54.5,-1.5,100,"sd","13:58:29",911000
54.6,-1.4,100,"sd","13:58:29",910900
54.5,-1.5,200,"sd","13:58:29",910800
54.6,-1.4,200,"sd","13:58:29",910600
54.5,-1.5,3200,"sd","13:58:29",910400
54.7,-1.3,100,"sd","13:58:29",907200
54.7,-1.3,500,"sd","13:58:29",907100
54.7,-1.3,1000,"sd","13:58:29",906600
54.9,-1.1,500,"bu","13:58:14",905600
54.9,-1.1,200,"bu","13:58:14",905100
54.9,-1.1,300,"bu","13:58:14",904900
54.9,-1.1,100,"bu","13:57:56",904600
54.9,-1.1,100,"sd","13:57:55",904500
55,-1,600,"bu","13:57:42",904400
54.9,-1.1,100,"sd","13:57:24",903800
55,-1,100,"bu","13:57:24",903700
55,-1,500,"bu","13:57:11",903600
54.9,-1.1,100,"sd","13:56:47",903100
54.9,-1.1,500,"bu","13:56:38",903000
54.9,-1.1,400,"bu","13:56:37",902500
54.9,-1.1,100,"bu","13:56:18",902100
54.9,-1.1,300,"bu","13:56:07",902000
54.9,-1.1,200,"bu","13:56:07",901700
54.9,-1.1,100,"bu","13:55:46",901500
54.9,-1.1,1500,"bu","13:55:40",901400
54.9,-1.1,600,"bu","13:55:34",899900
54.9,-1.1,200,"bu","13:55:16",899300
54.9,-1.1,100,"bu","13:55:14",899100
54.9,-1.1,100,"bu","13:55:11",899000
54.9,-1.1,200,"bu","13:55:02",898900
54.9,-1.1,300,"bu","13:55:02",898700
54.9,-1.1,500,"bu","13:55:00",898400
54.9,-1.1,1700,"bu","13:54:53",897900
54.9,-1.1,500,"bu","13:54:42",896200
54.9,-1.1,100,"bu","13:54:42",895700
54.9,-1.1,700,"bu","13:54:42",895600
54.8,-1.2,400,"bu","13:54:42",894900
54.8,-1.2,200,"bu","13:54:41",894500
54.9,-1.1,1700,"bu","13:54:32",894300
54.9,-1.1,600,"bu","13:54:30",892600
54.9,-1.1,200,"bu","13:54:29",892000
54.9,-1.1,1700,"bu","13:54:23",891800
54.9,-1.1,100,"bu","13:54:10",890100
54.9,-1.1,500,"bu","13:54:10",890000
54.8,-1.2,1100,"bu","13:54:10",889500
54.8,-1.2,100,"bu","13:54:08",888400
54.8,-1.2,1700,"bu","13:54:02",888300
54.8,-1.2,500,"bu","13:54:00",886600
54.8,-1.2,200,"bu","13:53:46",886100
54.8,-1.2,100,"bu","13:53:35",885900
54.8,-1.2,600,"bu","13:53:28",885800
54.7,-1.3,100,"sd","13:53:22",885200
54.8,-1.2,100,"bu","13:53:02",885100
54.8,-1.2,500,"bu","13:53:00",885000
54.8,-1.2,100,"bu","13:52:31",884500
54.8,-1.2,100,"bu","13:52:31",884400
54.8,-1.2,600,"bu","13:52:24",884300
54.8,-1.2,100,"bu","13:52:04",883700
54.7,-1.3,200,"sd","13:52:03",883600
54.8,-1.2,100,"bu","13:51:58",883400
54.8,-1.2,600,"bu","13:51:52",883300
54.8,-1.2,500,"bu","13:51:46",882700
54.8,-1.2,200,"bu","13:51:41",882200
54.8,-1.2,100,"bu","13:51:32",882000
54.8,-1.2,100,"bu","13:51:25",881900
54.8,-1.2,500,"bu","13:51:20",881800
54.8,-1.2,100,"bu","13:50:52",881300
54.8,-1.2,500,"bu","13:50:48",881200
54.8,-1.2,200,"bu","13:50:20",880700
54.8,-1.2,600,"bu","13:50:15",880500
54.7,-1.3,100,"bu","13:50:09",879900
54.7,-1.3,4900,"bu","13:50:02",879800
54.7,-1.3,100,"bu","13:50:02",874900
54.7,-1.3,200,"bu","13:49:49",874800
54.7,-1.3,600,"bu","13:49:48",874600
54.6,-1.4,300,"bu","13:49:18",874000
54.6,-1.4,100,"bu","13:49:15",873700
54.6,-1.4,100,"bu","13:49:13",873600
54.7,-1.3,500,"bu","13:48:47",873500
54.7,-1.3,100,"bu","13:48:42",873000
54.7,-1.3,500,"bu","13:48:33",872900
54.7,-1.3,400,"bu","13:48:17",872400
54.7,-1.3,100,"bu","13:48:16",872000
54.7,-1.3,500,"bu","13:48:15",871900
54.7,-1.3,200,"bu","13:48:09",871400
54.7,-1.3,600,"bu","13:47:43",871200
54.5,-1.5,100,"sd","13:47:21",870600
54.7,-1.3,100,"bu","13:47:13",870500
54.7,-1.3,600,"bu","13:47:10",870400
54.5,-1.5,1700,"sd","13:47:08",869800
54.5,-1.5,100,"sd","13:47:08",868100
54.5,-1.5,400,"sd","13:47:08",868000
54.5,-1.5,100,"sd","13:47:08",867600
54.6,-1.4,200,"sd","13:47:08",867500
54.6,-1.4,100,"sd","13:47:08",867300
54.6,-1.4,100,"sd","13:47:08",867200
54.6,-1.4,100,"sd","13:47:08",867100
54.6,-1.4,200,"sd","13:47:08",867000
54.7,-1.3,100,"bu","13:47:04",866800
54.7,-1.3,400,"bu","13:46:56",866700
54.7,-1.3,100,"bu","13:46:56",866300
54.7,-1.3,900,"bu","13:46:53",866200
54.7,-1.3,500,"bu","13:46:39",865300
54.7,-1.3,100,"bu","13:46:32",864800
54.7,-1.3,600,"bu","13:46:06",864700
54.7,-1.3,100,"sd","13:46:01",864100
54.7,-1.3,200,"sd","13:46:01",864000
54.8,-1.2,200,"bu","13:45:59",863800
54.8,-1.2,500,"bu","13:45:36",863600
54.7,-1.3,200,"sd","13:45:29",863100
54.7,-1.3,1800,"sd","13:45:29",862900
54.7,-1.3,300,"bu","13:45:14",861100
54.7,-1.3,300,"bu","13:45:06",860800
54.7,-1.3,200,"bu","13:45:06",860500
54.7,-1.3,100,"bu","13:44:54",860300
54.7,-1.3,2600,"bu","13:44:47",860200
54.7,-1.3,1900,"bu","13:44:47",857600
54.7,-1.3,500,"bu","13:44:35",855700
54.6,-1.4,200,"sd","13:44:16",855200
54.6,-1.4,100,"sd","13:44:16",855000
54.6,-1.4,200,"sd","13:44:16",854900
54.7,-1.3,500,"bu","13:44:04",854700
54.7,-1.3,600,"bu","13:43:50",854200
54.7,-1.3,200,"bu","13:43:48",853600
54.7,-1.3,500,"bu","13:43:42",853400
54.7,-1.3,600,"bu","13:43:32",852900
54.7,-1.3,100,"bu","13:43:16",852300
54.7,-1.3,100,"bu","13:43:01",852200
54.7,-1.3,400,"bu","13:43:01",852100
54.7,-1.3,300,"bu","13:42:54",851700
54.7,-1.3,100,"bu","13:42:43",851400
54.7,-1.3,500,"bu","13:42:30",851300
54.7,-1.3,100,"bu","13:42:11",850800
54.7,-1.3,500,"bu","13:42:05",850700
54.7,-1.3,500,"bu","13:42:00",850200
54.7,-1.3,100,"bu","13:41:46",849700
54.7,-1.3,200,"bu","13:41:38",849600
54.7,-1.3,500,"bu","13:41:30",849400
54.7,-1.3,200,"bu","13:41:22",848900
54.7,-1.3,100,"bu","13:41:10",848700
54.7,-1.3,100,"bu","13:41:05",848600
54.7,-1.3,500,"bu","13:41:00",848500
54.6,-1.4,100,"sd","13:40:54",848000
54.6,-1.4,100,"sd","13:40:54",847900
54.7,-1.3,300,"bu","13:40:54",847800
54.7,-1.3,100,"bu","13:40:33",847500
54.7,-1.3,500,"bu","13:40:29",847400
54.7,-1.3,200,"bu","13:40:28",846900
54.7,-1.3,300,"bu","13:40:28",846700
54.7,-1.3,100,"bu","13:39:59",846400
54.7,-1.3,500,"bu","13:39:57",846300
54.7,-1.3,1000,"bu","13:39:43",845800
54.7,-1.3,300,"bu","13:39:39",844800
54.7,-1.3,500,"bu","13:39:27",844500
54.7,-1.3,200,"bu","13:39:27",844000
54.7,-1.3,500,"bu","13:38:55",843800
54.5,-1.5,100,"sd","13:38:41",843300
54.5,-1.5,1000,"sd","13:38:41",843200
54.5,-1.5,5000,"sd","13:38:41",842200
54.5,-1.5,100,"sd","13:38:41",837200
54.5,-1.5,1000,"sd","13:38:41",837100
54.5,-1.5,1700,"sd","13:38:41",836100
54.5,-1.5,500,"sd","13:38:41",834400
54.5,-1.5,1000,"sd","13:38:41",833900
54.5,-1.5,1000,"sd","13:38:41",832900
54.5,-1.5,200,"sd","13:38:41",831900
54.5,-1.5,400,"sd","13:38:41",831700
54.6,-1.4,100,"sd","13:38:41",831300
54.6,-1.4,400,"sd","13:38:41",831200
54.6,-1.4,200,"sd","13:38:41",830800
54.6,-1.4,100,"sd","13:38:41",830600
54.6,-1.4,200,"sd","13:38:41",830500
54.7,-1.3,100,"bu","13:38:33",830300
54.7,-1.3,300,"bu","13:38:24",830200
54.7,-1.3,500,"bu","13:38:24",829900
54.7,-1.3,100,"bu","13:38:22",829400
54.7,-1.3,600,"bu","13:37:51",829300
54.6,-1.4,1800,"bu","13:37:31",828700
54.6,-1.4,300,"bu","13:37:24",826900
54.6,-1.4,500,"bu","13:37:19",826600
54.6,-1.4,200,"bu","13:37:16",826100
54.6,-1.4,500,"bu","13:37:14",825900
54.6,-1.4,100,"bu","13:37:02",825400
54.6,-1.4,1600,"sd","13:36:51",825300
54.7,-1.3,400,"bu","13:36:47",823700
54.7,-1.3,100,"bu","13:36:47",823300
54.7,-1.3,100,"bu","13:36:44",823200
54.7,-1.3,200,"bu","13:36:33",823100
54.7,-1.3,500,"bu","13:36:16",822900
54.7,-1.3,100,"bu","13:36:12",822400
54.7,-1.3,100,"bu","13:36:06",822300
54.7,-1.3,400,"bu","13:35:59",822200
54.7,-1.3,600,"bu","13:35:43",821800
54.7,-1.3,100,"bu","13:35:39",821200
54.7,-1.3,500,"bu","13:35:37",821100
54.7,-1.3,200,"bu","13:35:29",820600
54.7,-1.3,200,"bu","13:35:18",820400
54.7,-1.3,500,"bu","13:35:12",820200
54.5,-1.5,600,"sd","13:35:12",819700
54.5,-1.5,100,"sd","13:35:12",819100
54.5,-1.5,100,"sd","13:35:12",819000
54.5,-1.5,100,"sd","13:35:12",818900
54.5,-1.5,5000,"sd","13:35:12",818800
54.5,-1.5,1000,"sd","13:35:11",813800
54.5,-1.5,100,"sd","13:35:11",812800
54.5,-1.5,500,"sd","13:35:11",812700
54.5,-1.5,200,"sd","13:35:11",812200
54.5,-1.5,100,"sd","13:35:11",812000
54.5,-1.5,100,"sd","13:35:11",811900
54.5,-1.5,100,"sd","13:35:11",811800
54.5,-1.5,1000,"sd","13:35:11",811700
54.5,-1.5,100,"sd","13:35:11",810700
54.5,-1.5,300,"sd","13:35:11",810600
54.5,-1.5,100,"sd","13:35:11",810300
54.5,-1.5,100,"sd","13:35:11",810200
54.5,-1.5,200,"sd","13:35:11",810100
54.5,-1.5,200,"sd","13:35:11",809900
54.6,-1.4,200,"bu","13:35:07",809700
54.6,-1.4,200,"bu","13:35:05",809500
54.6,-1.4,100,"bu","13:34:43",809300
54.6,-1.4,500,"bu","13:34:41",809200
54.6,-1.4,200,"bu","13:34:40",808700
54.6,-1.4,100,"bu","13:34:34",808500
54.6,-1.4,500,"bu","13:34:12",808400
54.6,-1.4,500,"bu","13:34:10",807900
54.6,-1.4,100,"bu","13:34:03",807400
54.6,-1.4,500,"bu","13:34:01",807300
54.6,-1.4,100,"bu","13:34:01",806800
54.6,-1.4,200,"sd","13:33:54",806700
54.6,-1.4,100,"sd","13:33:54",806500
54.7,-1.3,500,"bu","13:33:39",806400
54.7,-1.3,200,"bu","13:33:30",805900
54.7,-1.3,100,"bu","13:33:28",805700
54.7,-1.3,100,"bu","13:33:26",805600
54.7,-1.3,100,"bu","13:33:19",805500
54.7,-1.3,400,"bu","13:33:06",805400
54.7,-1.3,100,"bu","13:33:06",805000
54.7,-1.3,100,"bu","13:33:06",804900
54.7,-1.3,200,"bu","13:32:56",804800
54.7,-1.3,500,"bu","13:32:35",804600
54.7,-1.3,400,"bu","13:32:28",804100
54.7,-1.3,400,"bu","13:32:24",803700
54.7,-1.3,100,"bu","13:32:23",803300
54.7,-1.3,100,"bu","13:32:14",803200
54.7,-1.3,500,"bu","13:32:05",803100
54.7,-1.3,100,"bu","13:32:02",802600
54.7,-1.3,100,"bu","13:31:51",802500
54.8,-1.2,500,"bu","13:31:33",802400
54.8,-1.2,100,"bu","13:31:18",801900
54.8,-1.2,200,"bu","13:31:17",801800
54.8,-1.2,500,"bu","13:31:03",801600
54.5,-1.5,300,"sd","13:30:57",801100
54.5,-1.5,100,"sd","13:30:57",800800
54.5,-1.5,1000,"sd","13:30:57",800700
54.5,-1.5,100,"sd","13:30:57",799700
54.5,-1.5,100,"sd","13:30:57",799600
54.5,-1.5,400,"sd","13:30:57",799500
54.5,-1.5,500,"sd","13:30:57",799100
54.5,-1.5,2000,"sd","13:30:57",798600
54.5,-1.5,200,"sd","13:30:57",796600
54.5,-1.5,100,"sd","13:30:57",796400
54.5,-1.5,300,"sd","13:30:57",796300
54.5,-1.5,100,"sd","13:30:57",796000
54.5,-1.5,200,"sd","13:30:57",795900
54.5,-1.5,100,"sd","13:30:57",795700
54.5,-1.5,100,"sd","13:30:57",795600
54.5,-1.5,1000,"sd","13:30:57",795500
54.5,-1.5,100,"sd","13:30:57",794500
54.5,-1.5,500,"sd","13:30:57",794400
54.6,-1.4,300,"sd","13:30:57",793900
54.5,-1.5,100,"sd","13:30:57",793600
54.6,-1.4,100,"sd","13:30:57",793500
54.5,-1.5,100,"sd","13:30:57",793400
54.6,-1.4,200,"sd","13:30:57",793300
54.5,-1.5,100,"sd","13:30:57",793100
54.6,-1.4,100,"sd","13:30:57",793000
54.6,-1.4,100,"sd","13:30:57",792900
54.5,-1.5,300,"sd","13:30:57",792800
54.6,-1.4,100,"sd","13:30:57",792500
54.5,-1.5,100,"sd","13:30:57",792400
54.6,-1.4,100,"sd","13:30:57",792300
54.6,-1.4,100,"sd","13:30:57",792200
54.6,-1.4,100,"sd","13:30:57",792100
54.7,-1.3,900,"sd","13:30:57",792000
54.8,-1.2,500,"bu","13:30:47",791100
54.8,-1.2,200,"bu","13:30:45",790600
54.8,-1.2,500,"bu","13:30:32",790400
54.7,-1.3,100,"bu","13:30:25",789900
54.7,-1.3,100,"bu","13:30:13",789800
54.7,-1.3,500,"bu","13:30:01",789700
54.7,-1.3,300,"bu","13:29:50",789200
54.7,-1.3,300,"bu","13:29:42",788900
54.7,-1.3,100,"bu","13:29:39",788600
54.7,-1.3,500,"bu","13:29:31",788500
54.7,-1.3,500,"bu","13:29:10",788000
54.7,-1.3,100,"bu","13:29:07",787500
54.8,-1.2,100,"bu","13:29:02",787400
54.8,-1.2,500,"bu","13:28:59",787300
54.8,-1.2,100,"bu","13:28:40",786800
54.8,-1.2,200,"bu","13:28:35",786700
54.8,-1.2,600,"bu","13:28:26",786500
54.8,-1.2,400,"sd","13:28:20",785900
54.9,-1.1,100,"bu","13:28:06",785500
54.9,-1.1,100,"bu","13:28:02",785400
54.9,-1.1,500,"bu","13:27:56",785300
54.8,-1.2,100,"sd","13:27:47",784800
54.8,-1.2,100,"sd","13:27:47",784700
54.8,-1.2,200,"sd","13:27:47",784600
54.8,-1.2,400,"bu","13:27:23",784400
54.8,-1.2,100,"sd","13:27:19",784000
54.5,-1.5,800,"sd","13:26:53",783900
54.5,-1.5,100,"sd","13:26:53",783100
54.5,-1.5,100,"sd","13:26:53",783000
54.5,-1.5,100,"sd","13:26:53",782900
54.5,-1.5,100,"sd","13:26:53",782800
54.5,-1.5,5000,"sd","13:26:53",782700
54.5,-1.5,100,"sd","13:26:53",777700
54.5,-1.5,100,"sd","13:26:53",777600
54.5,-1.5,200,"sd","13:26:53",777500
54.5,-1.5,4300,"sd","13:26:53",777300
54.6,-1.4,200,"sd","13:26:53",773000
54.6,-1.4,200,"sd","13:26:53",772800
54.6,-1.4,100,"sd","13:26:53",772600
54.6,-1.4,200,"sd","13:26:53",772500
54.6,-1.4,300,"sd","13:26:53",772300
54.6,-1.4,500,"sd","13:26:53",772000
54.6,-1.4,100,"sd","13:26:53",771500
54.8,-1.2,1000,"sd","13:26:53",771400
54.8,-1.2,1000,"sd","13:26:53",770400
54.8,-1.2,300,"sd","13:26:53",769400
54.8,-1.2,200,"sd","13:26:53",769100
54.9,-1.1,500,"bu","13:26:51",768900
54.9,-1.1,200,"bu","13:26:24",768400
54.9,-1.1,500,"bu","13:26:20",768200
54.9,-1.1,400,"bu","13:25:56",767700
54.9,-1.1,200,"bu","13:25:55",767300
54.9,-1.1,100,"bu","13:25:52",767100
54.9,-1.1,500,"bu","13:25:49",767000
54.9,-1.1,100,"bu","13:25:19",766500
54.9,-1.1,600,"bu","13:25:16",766400
54.8,-1.2,100,"sd","13:25:09",765800
54.9,-1.1,100,"bu","13:24:46",765700
54.9,-1.1,500,"bu","13:24:46",765600
54.9,-1.1,100,"bu","13:24:19",765100
54.9,-1.1,300,"bu","13:24:19",765000
54.9,-1.1,500,"bu","13:24:19",764700
54.9,-1.1,500,"bu","13:24:15",764200
54.9,-1.1,200,"bu","13:24:13",763700
54.9,-1.1,200,"sd","13:23:47",763500
54.9,-1.1,300,"bu","13:23:44",763300
54.9,-1.1,100,"bu","13:23:43",763000
54.9,-1.1,100,"bu","13:23:41",762900
54.9,-1.1,500,"bu","13:23:36",762800
54.9,-1.1,1200,"bu","13:23:36",762300
54.9,-1.1,1700,"bu","13:23:25",761100
54.9,-1.1,1700,"bu","13:23:17",759400
54.9,-1.1,400,"bu","13:23:12",757700
54.9,-1.1,100,"bu","13:23:12",757300
54.9,-1.1,100,"bu","13:23:12",757200
54.9,-1.1,100,"bu","13:23:08",757100
54.9,-1.1,100,"bu","13:23:05",757000
54.9,-1.1,1600,"bu","13:23:05",756900
54.9,-1.1,400,"bu","13:22:55",755300
54.9,-1.1,1300,"bu","13:22:55",754900
54.9,-1.1,1700,"bu","13:22:49",753600
54.9,-1.1,500,"bu","13:22:42",751900
54.9,-1.1,500,"bu","13:22:41",751400
54.8,-1.2,100,"bu","13:22:36",750900
54.9,-1.1,600,"bu","13:22:09",750800
54.9,-1.1,200,"bu","13:22:03",750200
54.9,-1.1,200,"bu","13:22:00",750000
54.9,-1.1,1600,"bu","13:22:00",749800
54.9,-1.1,400,"bu","13:21:36",748200
54.9,-1.1,200,"bu","13:21:36",747800
54.5,-1.5,700,"sd","13:21:10",747600
54.5,-1.5,100,"sd","13:21:10",746900
54.5,-1.5,500,"sd","13:21:10",746800
54.5,-1.5,200,"sd","13:21:10",746300
54.5,-1.5,100,"sd","13:21:10",746100
54.5,-1.5,100,"sd","13:21:10",746000
54.5,-1.5,100,"sd","13:21:10",745900
54.5,-1.5,100,"sd","13:21:10",745800
54.5,-1.5,100,"sd","13:21:10",745700
54.5,-1.5,1000,"sd","13:21:10",745600
54.5,-1.5,100,"sd","13:21:10",744600
54.5,-1.5,100,"sd","13:21:10",744500
54.5,-1.5,200,"sd","13:21:09",744400
54.5,-1.5,100,"sd","13:21:09",744200
54.5,-1.5,5000,"sd","13:21:09",744100
54.5,-1.5,600,"sd","13:21:09",739100
54.5,-1.5,1000,"sd","13:21:09",738500
54.5,-1.5,400,"sd","13:21:09",737500
54.5,-1.5,500,"sd","13:21:09",737100
54.5,-1.5,100,"sd","13:21:09",736600
54.5,-1.5,1000,"sd","13:21:09",736500
54.5,-1.5,200,"sd","13:21:09",735500
54.5,-1.5,300,"sd","13:21:09",735300
54.5,-1.5,100,"sd","13:21:09",735000
54.5,-1.5,100,"sd","13:21:09",734900
54.5,-1.5,100,"sd","13:21:09",734800
54.5,-1.5,100,"sd","13:21:09",734700
54.5,-1.5,1000,"sd","13:21:09",734600
54.5,-1.5,300,"sd","13:21:09",733600
54.5,-1.5,200,"sd","13:21:09",733300
54.5,-1.5,100,"sd","13:21:09",733100
54.5,-1.5,100,"sd","13:21:09",733000
54.5,-1.5,100,"sd","13:21:09",732900
54.5,-1.5,1000,"sd","13:21:09",732800
54.5,-1.5,500,"sd","13:21:09",731800
54.5,-1.5,1000,"sd","13:21:09",731300
54.5,-1.5,100,"sd","13:21:09",730300
54.5,-1.5,200,"sd","13:21:09",730200
54.5,-1.5,100,"sd","13:21:09",730000
54.5,-1.5,1000,"sd","13:21:09",729900
54.5,-1.5,100,"sd","13:21:09",728900
54.5,-1.5,100,"sd","13:21:09",728800
54.5,-1.5,100,"sd","13:21:09",728700
54.5,-1.5,1000,"sd","13:21:09",728600
54.5,-1.5,100,"sd","13:21:09",727600
54.5,-1.5,100,"sd","13:21:09",727500
54.5,-1.5,100,"sd","13:21:09",727400
54.6,-1.4,700,"sd","13:21:09",727300
54.6,-1.4,600,"sd","13:21:09",726600
54.5,-1.5,1000,"sd","13:21:09",726000
54.5,-1.5,400,"sd","13:21:09",725000
54.6,-1.4,4600,"sd","13:21:09",724600
54.5,-1.5,500,"sd","13:21:09",720000
54.8,-1.2,300,"sd","13:21:09",719500
54.5,-1.5,1000,"sd","13:21:09",719200
54.8,-1.2,300,"sd","13:21:09",718200
54.5,-1.5,100,"sd","13:21:09",717900
54.5,-1.5,100,"sd","13:21:09",717800
54.5,-1.5,100,"sd","13:21:09",717700
54.9,-1.1,500,"bu","13:21:05",717600
54.9,-1.1,500,"bu","13:21:05",717100
54.9,-1.1,100,"bu","13:20:58",716600
54.9,-1.1,500,"bu","13:20:34",716500
54.9,-1.1,100,"bu","13:20:25",716000
54.9,-1.1,100,"bu","13:20:24",715900
54.9,-1.1,1000,"bu","13:20:05",715800
54.9,-1.1,500,"bu","13:20:05",714800
54.9,-1.1,3100,"bu","13:20:05",714300
54.9,-1.1,500,"bu","13:20:01",711200
54.9,-1.1,300,"bu","13:19:59",710700
54.9,-1.1,200,"bu","13:19:53",710400
54.9,-1.1,500,"bu","13:19:30",710200
54.9,-1.1,400,"bu","13:19:29",709700
54.9,-1.1,100,"bu","13:19:19",709300
54.9,-1.1,500,"bu","13:18:59",709200
54.6,-1.4,6200,"sd","13:18:56",708700
54.6,-1.4,100,"sd","13:18:56",702500
54.6,-1.4,100,"sd","13:18:56",702400
54.6,-1.4,5000,"sd","13:18:56",702300
54.6,-1.4,100,"sd","13:18:56",697300
54.6,-1.4,100,"sd","13:18:56",697200
54.6,-1.4,100,"sd","13:18:56",697100
54.6,-1.4,1000,"sd","13:18:56",697000
54.6,-1.4,100,"sd","13:18:56",696000
54.6,-1.4,1000,"sd","13:18:56",695900
54.7,-1.3,100,"sd","13:18:56",694900
54.6,-1.4,300,"sd","13:18:56",694800
54.7,-1.3,100,"sd","13:18:56",694500
54.6,-1.4,5000,"sd","13:18:56",694400
54.6,-1.4,100,"sd","13:18:56",689400
54.7,-1.3,10000,"sd","13:18:56",689300
54.7,-1.3,600,"sd","13:18:56",679300
54.6,-1.4,100,"sd","13:18:56",678700
54.6,-1.4,100,"sd","13:18:56",678600
54.6,-1.4,3500,"sd","13:18:56",677500
54.8,-1.2,1000,"sd","13:18:56",678500
54.8,-1.2,100,"sd","13:18:56",674000
54.7,-1.3,100,"sd","13:18:56",673900
54.7,-1.3,100,"sd","13:18:56",673800
54.9,-1.1,100,"bu","13:18:47",673700
54.9,-1.1,400,"bu","13:18:32",673600
54.9,-1.1,400,"bu","13:18:32",673200
54.9,-1.1,200,"bu","13:18:32",672800
54.8,-1.2,100,"sd","13:18:21",672600
54.8,-1.2,100,"bu","13:17:59",672500
54.7,-1.3,400,"sd","13:17:54",672400
54.7,-1.3,100,"sd","13:17:54",672000
54.7,-1.3,100,"sd","13:17:54",671900
54.7,-1.3,100,"sd","13:17:54",671500
54.7,-1.3,300,"sd","13:17:54",671800
54.8,-1.2,100,"bu","13:17:53",671400
54.8,-1.2,100,"bu","13:17:52",671300
54.8,-1.2,400,"bu","13:17:52",671200
54.8,-1.2,200,"bu","13:17:42",670800
54.8,-1.2,600,"bu","13:17:26",670600
54.8,-1.2,100,"bu","13:17:10",670000
54.8,-1.2,400,"sd","13:16:55",669900
54.8,-1.2,100,"sd","13:16:55",669500
54.8,-1.2,200,"sd","13:16:55",669400
54.9,-1.1,500,"bu","13:16:54",669200
54.9,-1.1,500,"bu","13:16:50",668700
54.9,-1.1,200,"bu","13:16:49",668200
54.9,-1.1,100,"bu","13:16:37",668000
54.9,-1.1,2000,"bu","13:16:36",667900
54.9,-1.1,500,"bu","13:16:24",665900
54.9,-1.1,500,"bu","13:16:15",665400
54.9,-1.1,100,"bu","13:16:04",664900
54.9,-1.1,200,"bu","13:15:56",664800
54.9,-1.1,400,"bu","13:15:51",664600
54.9,-1.1,100,"bu","13:15:51",664200
54.9,-1.1,200,"bu","13:15:42",664100
54.9,-1.1,200,"bu","13:15:32",663900
54.9,-1.1,500,"bu","13:15:22",663700
54.8,-1.2,4800,"sd","13:15:20",663200
54.8,-1.2,300,"sd","13:15:20",658400
54.8,-1.2,100,"sd","13:15:20",658100
54.8,-1.2,200,"sd","13:15:20",658000
54.8,-1.2,200,"sd","13:15:20",657800
54.8,-1.2,1800,"sd","13:15:20",657600
54.8,-1.2,200,"sd","13:15:20",655800
54.8,-1.2,200,"sd","13:15:20",655600
54.8,-1.2,100,"sd","13:15:20",655400
54.8,-1.2,100,"sd","13:15:20",655300
54.9,-1.1,100,"bu","13:14:59",655200
54.9,-1.1,100,"bu","13:14:51",655100
54.9,-1.1,300,"bu","13:14:51",655000
54.9,-1.1,200,"bu","13:14:51",654700
54.9,-1.1,500,"bu","13:14:38",654500
54.9,-1.1,100,"sd","13:14:36",654000
54.9,-1.1,100,"sd","13:14:36",653900
54.9,-1.1,4100,"sd","13:14:36",653800
55,-1,100,"bu","13:14:26",649700
55,-1,500,"bu","13:14:20",649600
54.9,-1.1,900,"sd","13:13:48",649100
54.9,-1.1,100,"sd","13:13:48",648200
55,-1,600,"bu","13:13:47",648100
55,-1,1000,"bu","13:13:32",647500
55,-1,200,"bu","13:13:21",646500
55,-1,600,"bu","13:13:13",646300
54.9,-1.1,300,"sd","13:13:12",645700
54.9,-1.1,100,"bu","13:12:48",645400
54.9,-1.1,600,"bu","13:12:41",645300
54.9,-1.1,100,"bu","13:12:16",644700
54.9,-1.1,800,"sd","13:12:12",644600
55,-1,500,"bu","13:12:09",643800
54.9,-1.1,4200,"sd","13:11:46",643300
54.9,-1.1,5000,"sd","13:11:46",639100
54.9,-1.1,100,"sd","13:11:46",634100
54.9,-1.1,500,"sd","13:11:46",634000
54.9,-1.1,100,"sd","13:11:46",633500
54.9,-1.1,100,"sd","13:11:46",633400
55,-1,100,"bu","13:11:43",633300
55,-1,500,"bu","13:11:39",633200
55,-1,500,"bu","13:11:24",632700
55,-1,200,"bu","13:11:11",632200
55,-1,500,"bu","13:11:06",632000
55,-1,100,"bu","13:11:06",631500
55,-1,100,"bu","13:10:59",631400
55.1,-0.9,100,"bu","13:10:38",631300
55.1,-0.9,200,"bu","13:10:33",631200
55.1,-0.9,400,"bu","13:10:33",631000
55.1,-0.9,100,"bu","13:10:05",630600
55.1,-0.9,500,"bu","13:10:02",630500
54.9,-1.1,3000,"sd","13:09:41",630000
54.9,-1.1,1900,"sd","13:09:32",627000
54.9,-1.1,100,"sd","13:09:32",625100
54.9,-1.1,100,"sd","13:09:32",625000
54.9,-1.1,100,"sd","13:09:32",624900
54.9,-1.1,500,"sd","13:09:32",624800
54.9,-1.1,100,"sd","13:09:32",624300
54.9,-1.1,100,"sd","13:09:32",624200
54.9,-1.1,1000,"sd","13:09:32",624100
54.9,-1.1,200,"sd","13:09:32",623100
54.9,-1.1,100,"sd","13:09:32",622900
54.9,-1.1,100,"sd","13:09:32",622800
54.9,-1.1,100,"sd","13:09:32",622700
54.9,-1.1,4200,"sd","13:09:32",622600
55,-1,500,"sd","13:09:32",618400
55,-1,100,"sd","13:09:32",617900
55,-1,800,"sd","13:09:32",617800
55.2,-0.8,500,"bu","13:09:30",617000
55.2,-0.8,200,"bu","13:08:59",616500
55.2,-0.8,600,"bu","13:08:57",616300
55.2,-0.8,100,"bu","13:08:27",615700
55.2,-0.8,500,"bu","13:08:26",615600
55.2,-0.8,500,"bu","13:08:10",615100
55.2,-0.8,100,"bu","13:07:55",614600
55.2,-0.8,200,"bu","13:07:54",614500
55.2,-0.8,200,"bu","13:07:54",614300
55.2,-0.8,100,"bu","13:07:54",614100
55.2,-0.8,100,"bu","13:07:22",614000
55.2,-0.8,600,"bu","13:07:21",613900
55.2,-0.8,500,"bu","13:06:51",613300
55.2,-0.8,200,"bu","13:06:50",612800
55.2,-0.8,500,"bu","13:06:33",612600
55.2,-0.8,500,"bu","13:06:20",612100
55,-1,4200,"sd","13:06:12",611600
55,-1,100,"sd","13:06:12",607400
55,-1,100,"sd","13:06:12",607300
55,-1,500,"sd","13:06:12",607200
55,-1,100,"sd","13:06:12",606700
55,-1,100,"sd","13:06:02",606600
55.2,-0.8,500,"bu","13:05:50",606500
55.2,-0.8,100,"bu","13:05:44",606000
55.2,-0.8,500,"bu","13:05:18",605900
55.2,-0.8,100,"bu","13:05:11",605400
55.2,-0.8,500,"bu","13:04:57",605300
55.2,-0.8,200,"bu","13:04:51",604800
55.2,-0.8,500,"bu","13:04:50",604600
55,-1,300,"bu","13:04:18",604100
55,-1,5000,"sd","13:04:07",603800
55.2,-0.8,100,"bu","13:03:48",598800
55.2,-0.8,400,"bu","13:03:48",598700
54.9,-1.1,100,"sd","13:03:32",598300
55,-1,100,"sd","13:03:32",598200
55,-1,100,"sd","13:03:32",598100
55,-1,200,"sd","13:03:32",598000
55,-1,200,"sd","13:03:32",597800
55.2,-0.8,300,"bu","13:03:20",597600
55.2,-0.8,100,"bu","13:03:20",597300
55.2,-0.8,100,"bu","13:03:20",597200
55.2,-0.8,600,"bu","13:03:15",597100
55.2,-0.8,500,"bu","13:02:45",596500
55.2,-0.8,500,"bu","13:02:15",596000
55,-1,100,"bu","13:01:59",595500
54.9,-1.1,1000,"sd","13:01:52",595400
55,-1,400,"bu","13:01:43",594400
55,-1,600,"bu","13:01:41",594000
55,-1,100,"bu","13:01:16",593400
55,-1,500,"bu","13:01:11",593300
55,-1,500,"sd","13:01:05",592800
55,-1,600,"sd","13:01:05",592300
55.1,-0.9,800,"sd","13:01:05",591700
55.2,-0.8,500,"bu","13:00:43",590900
55.2,-0.8,200,"bu","13:00:29",590400
55.1,-0.9,200,"bu","13:00:24",590200
55.2,-0.8,5000,"bu","13:00:07",582400
55.2,-0.8,2600,"bu","13:00:07",590000
55.2,-0.8,5000,"bu","13:00:07",587400
55.1,-0.9,2000,"bu","13:00:07",577400
55.1,-0.9,5000,"bu","13:00:07",575400
55.1,-0.9,600,"bu","13:00:07",570400
55.1,-0.9,100,"bu","13:00:07",569800
55.1,-0.9,5000,"bu","13:00:07",569700
55.1,-0.9,100,"bu","13:00:07",564700
55.1,-0.9,1700,"bu","13:00:07",564600
55.1,-0.9,500,"bu","13:00:07",562900
55,-1,400,"bu","13:00:05",562400
55,-1,2000,"bu","13:00:05",562000
55.1,-0.9,200,"bu","13:00:05",560000
54.9,-1.1,100,"sd","13:00:05",559800
55,-1,100,"bu","13:00:04",559700
55,-1,500,"bu","13:00:04",559600
55,-1,400,"sd","13:00:04",559100
55,-1,2900,"sd","13:00:04",558700
55,-1,100,"sd","13:00:04",555800
55,-1,100,"sd","13:00:03",555700
55,-1,5100,"sd","13:00:03",555600
55,-1,1400,"sd","13:00:03",550500
55.1,-0.9,200,"bu","13:00:02",549100
55,-1,3100,"sd","13:00:02",548900
55.1,-0.9,200,"bu","13:00:01",545800
55,-1,100,"sd","13:00:01",545600
55,-1,500,"sd","13:00:01",545500
55,-1,900,"sd","13:00:01",545000
55,-1,700,"sd","13:00:01",544100
55.1,-0.9,300,"bu","13:00:01",543400
55.1,-0.9,200,"bu","13:00:01",543100
55.1,-0.9,400,"bu","13:00:01",542900
55,-1,3600,"sd","13:00:01",542500
55,-1,100,"sd","13:00:01",538900
55.1,-0.9,1000,"bu","13:00:01",538800
55.1,-0.9,5100,"bu","11:28:45",537800
55.1,-0.9,100,"bu","11:28:36",532700
55.1,-0.9,5100,"bu","11:28:33",532600
55.1,-0.9,500,"bu","11:28:29",527500
55.1,-0.9,2800,"bu","11:28:24",527000
55.1,-0.9,5100,"bu","11:28:22",524200
55.1,-0.9,500,"bu","11:28:09",519100
55,-1,2000,"sd","11:27:53",518600
55.1,-0.9,500,"bu","11:27:39",516600
55.1,-0.9,900,"bu","11:27:35",516100
55.1,-0.9,500,"bu","11:27:09",515200
55,-1,400,"sd","11:26:57",514700
55.1,-0.9,400,"bu","11:26:52",514300
55.1,-0.9,300,"bu","11:26:38",513900
55.1,-0.9,200,"bu","11:26:38",513600
55.1,-0.9,500,"bu","11:26:07",513400
55.1,-0.9,600,"bu","11:25:35",512900
55,-1,400,"sd","11:25:10",512300
55.1,-0.9,600,"bu","11:25:01",511900
55,-1,1500,"sd","11:24:38",511300
55,-1,100,"sd","11:24:38",509800
55,-1,400,"sd","11:24:38",509700
55.1,-0.9,600,"bu","11:24:29",509300
55.1,-0.9,500,"bu","11:23:58",508700
55.1,-0.9,500,"bu","11:23:38",508200
55.1,-0.9,500,"bu","11:23:27",507700
55.1,-0.9,500,"bu","11:22:55",507200
55.1,-0.9,600,"bu","11:22:23",506700
55,-1,500,"bu","11:21:52",506100
55,-1,5000,"bu","11:21:48",505600
55,-1,500,"bu","11:21:20",500600
54.9,-1.1,500,"sd","11:21:03",500100
55,-1,600,"bu","11:20:48",499600
55,-1,500,"bu","11:20:25",499000
55,-1,500,"bu","11:20:16",498500
55,-1,100,"bu","11:19:47",498000
55,-1,500,"bu","11:19:45",497900
55,-1,500,"bu","11:19:14",497400
55,-1,500,"bu","11:18:48",496900
55,-1,600,"bu","11:18:42",496400
55,-1,300,"bu","11:18:37",495800
55,-1,100,"bu","11:18:17",495500
55,-1,500,"bu","11:18:10",495400
54.9,-1.1,100,"sd","11:18:04",494900
55,-1,2000,"bu","11:17:53",494800
55,-1,100,"sd","11:17:44",492800
55,-1,100,"sd","11:17:44",492700
55,-1,100,"sd","11:17:44",492600
55,-1,100,"sd","11:17:44",492500
55,-1,600,"sd","11:17:44",492400
55.1,-0.9,100,"bu","11:17:38",491800
55.1,-0.9,400,"bu","11:17:38",491700
55.1,-0.9,400,"bu","11:17:11",491300
55.1,-0.9,500,"bu","11:17:06",490900
55,-1,2000,"sd","11:17:05",490400
55.1,-0.9,100,"bu","11:17:04",488400
55.1,-0.9,600,"bu","11:16:34",488300
55.1,-0.9,100,"bu","11:16:34",487700
55.1,-0.9,500,"bu","11:16:03",487600
55.1,-0.9,500,"bu","11:15:34",487100
55.1,-0.9,500,"bu","11:15:32",486600
55.1,-0.9,500,"bu","11:15:01",486100
55.1,-0.9,100,"bu","11:14:31",485600
55.1,-0.9,500,"bu","11:14:30",485500
55.1,-0.9,300,"bu","11:14:00",485000
55.1,-0.9,100,"bu","11:13:59",484700
55.1,-0.9,100,"bu","11:13:59",484600
55.1,-0.9,500,"bu","11:13:57",484500
55.1,-0.9,200,"bu","11:13:48",484000
55,-1,400,"sd","11:13:43",483800
55.1,-0.9,500,"bu","11:13:30",483400
55,-1,1000,"sd","11:13:24",482900
55.1,-0.9,500,"bu","11:12:58",481900
55,-1,500,"sd","11:12:50",481400
55,-1,500,"sd","11:12:34",480900
55.1,-0.9,600,"bu","11:12:25",480400
55.1,-0.9,500,"bu","11:12:20",479800
55.1,-0.9,800,"bu","11:12:02",479300
55.1,-0.9,500,"bu","11:11:55",478500
55,-1,100,"sd","11:11:54",478000
55,-1,100,"sd","11:11:54",477900
55,-1,100,"sd","11:11:54",477800
55,-1,300,"sd","11:11:45",477700
55,-1,700,"sd","11:11:45",477400
55,-1,100,"sd","11:11:36",476700
55.1,-0.9,500,"bu","11:11:23",476600
55.1,-0.9,200,"bu","11:11:21",476100
55,-1,100,"sd","11:11:06",475900
55.1,-0.9,100,"bu","11:10:51",475800
55.1,-0.9,300,"bu","11:10:51",475700
55.1,-0.9,200,"bu","11:10:51",475400
55,-1,100,"bu","11:10:26",475200
55,-1,500,"bu","11:10:19",475100
55,-1,600,"bu","11:09:46",474600
55,-1,500,"bu","11:09:16",474000
55,-1,300,"bu","11:09:06",473500
55,-1,200,"bu","11:09:06",473200
55,-1,600,"bu","11:08:43",473000
55,-1,200,"bu","11:08:11",472400
55,-1,200,"bu","11:08:11",472200
55,-1,100,"bu","11:08:11",472000
55,-1,400,"bu","11:07:39",471900
55,-1,200,"bu","11:07:39",471500
55,-1,500,"bu","11:07:29",471300
55,-1,600,"bu","11:07:06",470800
55,-1,100,"bu","11:06:55",470200
55,-1,500,"bu","11:06:39",470100
55,-1,500,"bu","11:06:39",469600
54.9,-1.1,100,"unknown","11:06:07",469100
55,-1,400,"bu","11:05:53",469000
55,-1,500,"bu","11:05:36",468600
55,-1,500,"bu","11:05:04",468100
55,-1,900,"bu","11:04:50",467600
55,-1,500,"bu","11:04:34",466700
55,-1,500,"bu","11:04:16",466200
55,-1,500,"bu","11:04:12",465700
55,-1,500,"bu","11:04:03",465200
55,-1,500,"bu","11:03:32",464700
55,-1,500,"bu","11:03:15",464200
55,-1,500,"bu","11:03:01",463700
55,-1,500,"bu","11:02:39",463200
55,-1,500,"bu","11:02:30",462700
55,-1,500,"bu","11:01:58",462200
55,-1,300,"bu","11:01:25",461700
55,-1,300,"bu","11:01:25",461400
54.7,-1.3,100,"bu","11:01:02",461100
54.7,-1.3,100,"bu","11:00:57",461000
54.7,-1.3,100,"bu","11:00:53",460900
54.7,-1.3,600,"bu","11:00:52",460800
54.7,-1.3,2000,"bu","11:00:50",460200
54.7,-1.3,300,"bu","11:00:49",458200
54.7,-1.3,100,"bu","11:00:44",457900
54.7,-1.3,100,"bu","11:00:40",457800
54.7,-1.3,200,"bu","11:00:27",457700
54.7,-1.3,500,"bu","11:00:21",457500
54.7,-1.3,100,"bu","11:00:08",457000
54.7,-1.3,5000,"bu","11:00:07",456900
54.7,-1.3,300,"bu","10:59:59",451900
54.7,-1.3,500,"bu","10:59:49",451600
54.7,-1.3,500,"bu","10:59:25",451100
54.7,-1.3,500,"bu","10:59:17",450600
54.7,-1.3,200,"bu","10:59:17",450100
54.7,-1.3,2000,"bu","10:58:52",449900
54.7,-1.3,500,"bu","10:58:45",447900
54.7,-1.3,200,"sd","10:58:34",447400
54.7,-1.3,100,"sd","10:58:34",447200
54.7,-1.3,2200,"sd","10:58:34",447100
54.7,-1.3,2800,"sd","10:58:23",444900
54.9,-1.1,500,"bu","10:58:15",442100
54.9,-1.1,100,"bu","10:58:02",441600
54.9,-1.1,500,"bu","10:57:48",441500
54.9,-1.1,500,"bu","10:57:43",441000
54.6,-1.4,800,"sd","10:57:28",440500
54.8,-1.2,1900,"sd","10:57:28",439700
54.8,-1.2,100,"bu","10:57:24",437800
54.8,-1.2,100,"bu","10:57:20",437700
54.8,-1.2,500,"bu","10:57:12",437600
54.8,-1.2,300,"bu","10:57:05",437100
54.8,-1.2,400,"bu","10:57:04",436800
54.8,-1.2,100,"bu","10:57:03",436400
54.8,-1.2,500,"bu","10:56:41",436300
54.9,-1.1,500,"sd","10:56:21",435800
55,-1,1200,"sd","10:56:21",435300
55,-1,1200,"bu","10:56:14",434100
55,-1,800,"bu","10:56:11",432900
55,-1,400,"bu","10:56:11",432100
54.9,-1.1,500,"bu","10:56:11",431700
54.9,-1.1,500,"bu","10:56:10",431200
55,-1,500,"bu","10:55:39",430700
54.6,-1.4,100,"sd","10:55:36",430200
54.6,-1.4,600,"sd","10:55:34",430100
54.6,-1.4,200,"sd","10:55:34",429500
54.6,-1.4,100,"sd","10:55:34",429300
54.6,-1.4,500,"sd","10:55:34",429200
54.6,-1.4,100,"sd","10:55:34",428700
54.6,-1.4,100,"sd","10:55:34",428600
54.6,-1.4,300,"sd","10:55:34",428500
54.6,-1.4,100,"sd","10:55:34",428200
54.7,-1.3,500,"sd","10:55:34",428100
54.7,-1.3,2000,"sd","10:55:31",427600
54.8,-1.2,500,"unknown","10:55:31",425600
54.7,-1.3,500,"sd","10:55:28",425100
54.7,-1.3,500,"sd","10:55:28",424600
54.7,-1.3,100,"sd","10:55:28",424100
54.7,-1.3,1000,"sd","10:55:28",424000
54.8,-1.2,200,"sd","10:55:28",423000
54.8,-1.2,100,"sd","10:55:28",422800
54.8,-1.2,500,"sd","10:55:28",422700
55,-1,500,"bu","10:55:06",422200
55,-1,200,"bu","10:54:52",421700
55,-1,500,"bu","10:54:36",421500
55,-1,400,"bu","10:54:34",421000
55,-1,1000,"bu","10:54:12",420600
55,-1,600,"bu","10:54:03",419600
55,-1,500,"bu","10:53:37",419000
55,-1,400,"bu","10:53:36",418500
55,-1,100,"bu","10:53:36",418100
54.8,-1.2,100,"bu","10:53:04",418000
54.8,-1.2,100,"sd","10:53:00",417900
54.8,-1.2,100,"sd","10:53:00",417800
55,-1,100,"bu","10:52:57",417700
55,-1,400,"bu","10:52:57",417600
55,-1,200,"bu","10:52:46",417200
55,-1,400,"bu","10:52:32",417000
55,-1,100,"bu","10:52:32",416600
55,-1,100,"bu","10:52:16",416500
55,-1,500,"bu","10:52:01",416400
55,-1,300,"bu","10:51:31",415900
55,-1,200,"bu","10:51:31",415600
55,-1,500,"bu","10:51:21",415400
55,-1,400,"bu","10:50:58",414900
55,-1,200,"bu","10:50:58",414500
55,-1,500,"bu","10:50:26",414300
55,-1,100,"bu","10:50:10",413800
54.9,-1.1,300,"sd","10:50:08",413700
54.9,-1.1,200,"bu","10:49:54",413400
55,-1,400,"bu","10:49:44",413200
55,-1,500,"bu","10:49:25",412800
54.6,-1.4,100,"sd","10:49:21",412300
54.6,-1.4,500,"sd","10:49:21",412200
54.6,-1.4,500,"sd","10:49:21",411700
54.6,-1.4,500,"sd","10:49:21",411200
54.6,-1.4,5000,"sd","10:49:21",410700
54.6,-1.4,300,"sd","10:49:21",405700
54.6,-1.4,300,"sd","10:49:21",405400
54.6,-1.4,100,"sd","10:49:21",405100
54.6,-1.4,400,"sd","10:49:21",405000
54.6,-1.4,500,"sd","10:49:21",404600
54.6,-1.4,900,"sd","10:49:21",404100
54.7,-1.3,5200,"sd","10:49:21",403200
54.7,-1.3,1600,"sd","10:49:11",398000
54.7,-1.3,200,"sd","10:49:11",396400
54.7,-1.3,100,"sd","10:49:11",396200
54.7,-1.3,600,"sd","10:49:11",396100
54.8,-1.2,300,"sd","10:49:11",395500
54.8,-1.2,200,"bu","10:48:51",395200
54.9,-1.1,500,"bu","10:48:20",395000
54.9,-1.1,500,"bu","10:48:07",394500
54.9,-1.1,500,"bu","10:48:02",394000
54.9,-1.1,500,"bu","10:47:48",393500
54.9,-1.1,700,"bu","10:47:43",393000
54.9,-1.1,100,"bu","10:47:43",392300
54.9,-1.1,100,"bu","10:47:43",392200
54.9,-1.1,100,"bu","10:47:39",392100
54.9,-1.1,500,"bu","10:47:17",392000
54.9,-1.1,500,"bu","10:46:46",391500
54.9,-1.1,500,"bu","10:46:30",391000
55,-1,500,"bu","10:46:15",390500
55,-1,200,"bu","10:45:58",390000
55,-1,600,"bu","10:45:42",389800
55,-1,500,"bu","10:45:10",389200
54.7,-1.3,200,"bu","10:45:05",388700
54.7,-1.3,200,"bu","10:45:05",388500
54.7,-1.3,100,"bu","10:44:55",388300
54.7,-1.3,400,"bu","10:44:53",388200
54.7,-1.3,500,"bu","10:44:40",387800
54.7,-1.3,100,"bu","10:44:39",387300
54.7,-1.3,500,"bu","10:44:10",387200
54.7,-1.3,100,"sd","10:43:57",386700
54.7,-1.3,100,"sd","10:43:57",386600
55,-1,500,"bu","10:43:38",386500
55,-1,200,"bu","10:43:18",386000
55,-1,500,"bu","10:43:16",385800
55,-1,500,"bu","10:43:07",385300
55,-1,1200,"bu","10:42:35",384800
54.9,-1.1,2200,"bu","10:42:35",383600
54.9,-1.1,500,"bu","10:42:34",381400
54.6,-1.4,1100,"sd","10:42:03",380900
54.6,-1.4,100,"sd","10:42:03",379800
54.7,-1.3,500,"bu","10:42:03",379700
54.9,-1.1,500,"bu","10:42:03",379200
54.7,-1.3,100,"bu","10:42:02",378700
54.7,-1.3,200,"bu","10:42:01",378600
54.7,-1.3,100,"bu","10:42:01",378400
54.7,-1.3,200,"bu","10:41:57",378300
54.7,-1.3,100,"bu","10:41:52",378100
54.7,-1.3,400,"bu","10:41:52",378000
54.7,-1.3,700,"sd","10:41:48",377600
54.7,-1.3,100,"sd","10:41:48",376900
54.7,-1.3,500,"sd","10:41:48",376800
54.7,-1.3,500,"bu","10:41:33",376300
54.7,-1.3,800,"sd","10:41:25",375800
54.7,-1.3,3000,"sd","10:41:25",375000
54.7,-1.3,200,"sd","10:41:25",372000
54.7,-1.3,200,"sd","10:41:25",371800
54.8,-1.2,100,"sd","10:41:25",371600
54.8,-1.2,300,"sd","10:41:25",371500
54.8,-1.2,4700,"sd","10:41:08",371200
54.8,-1.2,100,"sd","10:41:08",366500
54.8,-1.2,300,"sd","10:41:08",366400
54.9,-1.1,500,"bu","10:41:03",366100
54.9,-1.1,1400,"bu","10:41:02",365600
55,-1,400,"bu","10:40:37",364200
54.8,-1.2,2700,"sd","10:40:37",363800
54.8,-1.2,300,"sd","10:40:37",361100
54.8,-1.2,500,"sd","10:40:37",360800
54.8,-1.2,200,"sd","10:40:37",360300
54.8,-1.2,100,"sd","10:40:37",360100
54.8,-1.2,1000,"sd","10:40:37",360000
54.8,-1.2,300,"sd","10:40:37",359000
55,-1,500,"bu","10:40:36",358700
54.9,-1.1,100,"bu","10:40:04",358200
54.9,-1.1,400,"unknown","10:40:02",358100
55,-1,500,"bu","10:39:37",357700
55,-1,100,"bu","10:39:37",357200
55,-1,2300,"bu","10:39:10",357100
55,-1,100,"bu","10:39:10",354800
55,-1,100,"bu","10:39:10",354700
55,-1,1100,"bu","10:39:10",354600
54.9,-1.1,400,"bu","10:39:06",353500
54.9,-1.1,500,"bu","10:39:03",353100
54.9,-1.1,1000,"bu","10:38:52",352600
54.8,-1.2,100,"sd","10:38:46",351600
54.8,-1.2,100,"sd","10:38:43",351500
54.9,-1.1,100,"sd","10:38:42",351400
54.9,-1.1,500,"sd","10:38:42",351300
55,-1,500,"bu","10:38:35",350800
54.9,-1.1,500,"bu","10:38:05",350300
54.9,-1.1,700,"bu","10:37:47",349800
54.9,-1.1,100,"sd","10:37:45",349100
54.9,-1.1,100,"sd","10:37:45",349000
54.9,-1.1,1000,"sd","10:37:45",348900
54.9,-1.1,100,"sd","10:37:45",347900
55,-1,500,"bu","10:37:33",347800
55,-1,2700,"bu","10:37:27",347300
55,-1,600,"bu","10:37:00",344600
55,-1,500,"bu","10:36:49",344000
55,-1,500,"bu","10:36:28",343500
55,-1,2900,"bu","10:36:07",343000
55,-1,500,"bu","10:35:55",340100
55,-1,200,"bu","10:35:24",339600
55,-1,300,"bu","10:35:24",339400
55,-1,100,"bu","10:35:12",339100
55,-1,100,"bu","10:35:12",339000
55,-1,300,"bu","10:35:12",338900
55,-1,500,"bu","10:34:54",338600
55,-1,100,"bu","10:34:24",338100
55,-1,100,"bu","10:34:22",338000
55,-1,100,"bu","10:34:22",337900
55,-1,100,"bu","10:34:22",337800
55,-1,200,"bu","10:34:22",337700
55,-1,100,"bu","10:33:49",337500
55,-1,500,"bu","10:33:49",337400
55,-1,400,"bu","10:33:35",336900
55,-1,100,"bu","10:33:18",336500
55,-1,400,"bu","10:33:18",336400
55,-1,500,"bu","10:32:47",336000
54.9,-1.1,1000,"sd","10:32:30",335500
54.9,-1.1,400,"sd","10:32:17",334500
55,-1,500,"bu","10:32:17",334100
54.9,-1.1,1500,"bu","10:32:06",333600
54.9,-1.1,500,"bu","10:31:58",332100
54.9,-1.1,500,"bu","10:31:44",331600
54.9,-1.1,700,"bu","10:31:41",331100
54.8,-1.2,100,"sd","10:31:18",330400
54.8,-1.2,100,"sd","10:31:18",330300
54.8,-1.2,100,"sd","10:31:18",330200
54.8,-1.2,200,"sd","10:31:18",330100
54.9,-1.1,500,"bu","10:31:12",329900
54.9,-1.1,500,"bu","10:30:41",329400
54.9,-1.1,100,"bu","10:30:31",328900
54.9,-1.1,500,"bu","10:30:21",328800
54.9,-1.1,200,"bu","10:30:09",328300
54.9,-1.1,300,"bu","10:30:09",328100
54.9,-1.1,200,"bu","10:30:04",327800
54.9,-1.1,100,"bu","10:29:46",327600
54.9,-1.1,500,"bu","10:29:38",327500
54.9,-1.1,500,"bu","10:29:07",327000
54.8,-1.2,200,"sd","10:28:58",326500
54.8,-1.2,100,"sd","10:28:58",326300
54.8,-1.2,300,"sd","10:28:58",326200
54.8,-1.2,100,"sd","10:28:58",325900
54.8,-1.2,300,"sd","10:28:58",325800
54.9,-1.1,400,"unknown","10:28:44",325500
55,-1,500,"bu","10:28:37",325100
54.9,-1.1,100,"sd","10:28:29",324600
54.9,-1.1,400,"sd","10:28:29",324500
54.9,-1.1,100,"bu","10:28:04",324100
54.9,-1.1,400,"sd","10:27:55",324000
54.9,-1.1,100,"bu","10:27:34",323600
54.9,-1.1,500,"bu","10:27:07",323500
54.9,-1.1,500,"bu","10:27:02",323000
54.8,-1.2,100,"bu","10:26:49",322500
54.8,-1.2,100,"bu","10:26:39",322400
54.8,-1.2,500,"bu","10:26:29",322300
54.8,-1.2,500,"bu","10:26:28",321800
54.8,-1.2,300,"bu","10:26:18",321300
54.8,-1.2,100,"bu","10:26:03",321000
54.8,-1.2,500,"bu","10:25:58",320900
54.8,-1.2,500,"bu","10:25:46",320400
54.8,-1.2,500,"bu","10:25:30",319900
54.8,-1.2,500,"bu","10:25:27",319400
54.8,-1.2,300,"sd","10:25:23",318900
54.8,-1.2,500,"sd","10:25:22",318600
54.9,-1.1,500,"bu","10:24:55",318100
54.8,-1.2,200,"sd","10:24:47",317600
54.9,-1.1,500,"bu","10:24:22",317400
54.8,-1.2,100,"sd","10:24:15",316900
54.8,-1.2,100,"sd","10:24:15",316800
54.8,-1.2,100,"sd","10:24:15",316700
54.8,-1.2,200,"sd","10:24:15",316600
54.9,-1.1,200,"bu","10:23:53",316400
54.9,-1.1,200,"bu","10:23:53",316200
54.9,-1.1,500,"bu","10:23:50",316000
54.9,-1.1,200,"bu","10:23:37",315500
54.9,-1.1,500,"bu","10:23:19",315300
54.9,-1.1,100,"bu","10:22:56",314800
54.9,-1.1,500,"bu","10:22:47",314700
54.9,-1.1,500,"bu","10:22:17",314200
54.9,-1.1,500,"bu","10:22:15",313700
54.9,-1.1,500,"bu","10:21:45",313200
54.9,-1.1,200,"bu","10:21:14",312700
54.9,-1.1,100,"bu","10:21:14",312500
54.9,-1.1,200,"bu","10:21:14",312400
54.9,-1.1,500,"bu","10:20:42",312200
54.9,-1.1,500,"bu","10:20:41",311700
54.9,-1.1,500,"bu","10:20:09",311200
54.9,-1.1,500,"bu","10:19:38",310700
54.9,-1.1,300,"bu","10:19:06",310200
54.9,-1.1,200,"bu","10:19:06",309900
54.9,-1.1,400,"bu","10:19:03",309700
54.9,-1.1,500,"bu","10:18:35",309300
54.9,-1.1,600,"bu","10:18:02",308800
54.8,-1.2,300,"sd","10:17:57",308200
54.9,-1.1,300,"bu","10:17:53",307900
54.9,-1.1,500,"bu","10:17:36",307600
54.9,-1.1,100,"bu","10:17:35",307100
54.8,-1.2,300,"sd","10:17:16",307000
54.8,-1.2,100,"bu","10:17:04",306700
54.8,-1.2,100,"bu","10:16:33",306600
54.8,-1.2,400,"bu","10:16:33",306500
54.8,-1.2,100,"bu","10:16:32",306100
54.6,-1.4,100,"bu","10:16:27",306000
54.6,-1.4,100,"bu","10:16:27",305900
54.6,-1.4,100,"bu","10:16:27",305800
54.6,-1.4,300,"bu","10:16:27",305700
54.6,-1.4,500,"bu","10:16:27",305400
54.6,-1.4,1000,"bu","10:16:22",304900
54.6,-1.4,100,"bu","10:16:18",303900
54.6,-1.4,300,"bu","10:16:11",303800
54.6,-1.4,1000,"bu","10:16:09",303500
54.6,-1.4,500,"bu","10:16:01",302500
54.6,-1.4,500,"bu","10:15:49",302000
54.6,-1.4,200,"bu","10:15:48",301500
54.6,-1.4,100,"bu","10:15:34",301300
54.6,-1.4,500,"bu","10:15:30",301200
54.6,-1.4,100,"bu","10:15:26",300700
54.6,-1.4,100,"bu","10:15:02",300600
54.6,-1.4,900,"bu","10:15:02",300500
54.6,-1.4,100,"bu","10:15:00",299600
54.6,-1.4,500,"bu","10:15:00",299500
54.5,-1.5,100,"sd","10:14:54",299000
54.6,-1.4,100,"bu","10:14:54",298900
54.5,-1.5,400,"sd","10:14:50",298800
54.5,-1.5,100,"sd","10:14:50",298400
54.5,-1.5,100,"sd","10:14:50",298300
54.5,-1.5,1000,"sd","10:14:50",298200
54.5,-1.5,300,"sd","10:14:50",297200
54.5,-1.5,400,"sd","10:14:50",296900
54.5,-1.5,200,"sd","10:14:50",296500
54.6,-1.4,2300,"bu","10:14:44",296300
54.6,-1.4,500,"bu","10:14:42",294000
54.5,-1.5,500,"sd","10:14:39",293500
54.5,-1.5,200,"sd","10:14:39",293000
54.5,-1.5,800,"sd","10:14:39",292800
54.5,-1.5,200,"sd","10:14:39",292000
54.5,-1.5,500,"sd","10:14:39",291800
54.5,-1.5,100,"sd","10:14:39",291300
54.5,-1.5,200,"sd","10:14:39",291200
54.6,-1.4,500,"bu","10:14:28",291000
54.6,-1.4,2000,"bu","10:14:27",290500
54.6,-1.4,100,"bu","10:14:17",288500
54.6,-1.4,100,"bu","10:14:00",288400
54.6,-1.4,300,"bu","10:13:59",288300
54.6,-1.4,500,"bu","10:13:55",288000
54.6,-1.4,500,"bu","10:13:38",287500
54.6,-1.4,1000,"bu","10:13:31",287000
54.6,-1.4,100,"bu","10:13:30",286000
54.6,-1.4,200,"bu","10:13:23",285900
54.6,-1.4,300,"bu","10:13:23",285700
54.6,-1.4,200,"bu","10:13:14",285400
54.6,-1.4,1300,"bu","10:13:09",285200
54.6,-1.4,100,"bu","10:13:03",283900
54.6,-1.4,500,"bu","10:12:51",283800
54.6,-1.4,1000,"bu","10:12:48",283300
54.6,-1.4,500,"bu","10:12:21",282300
54.6,-1.4,200,"bu","10:12:19",281800
54.6,-1.4,100,"bu","10:12:17",281600
54.6,-1.4,200,"bu","10:12:07",281500
54.6,-1.4,100,"bu","10:12:04",281300
54.6,-1.4,200,"bu","10:12:01",281200
54.6,-1.4,100,"bu","10:11:56",281000
54.6,-1.4,100,"bu","10:11:51",280900
54.6,-1.4,200,"bu","10:11:49",280800
54.6,-1.4,300,"bu","10:11:49",280600
54.6,-1.4,500,"bu","10:11:26",280300
54.6,-1.4,1100,"unknown","10:11:25",279800
54.5,-1.5,100,"sd","10:11:22",278700
54.5,-1.5,500,"sd","10:11:22",278600
54.5,-1.5,100,"sd","10:11:22",278100
54.5,-1.5,100,"sd","10:11:22",278000
54.5,-1.5,100,"sd","10:11:22",277900
54.5,-1.5,100,"sd","10:11:22",277800
54.6,-1.4,100,"sd","10:11:22",277700
54.6,-1.4,300,"sd","10:11:22",277600
54.6,-1.4,500,"bu","10:11:17",277300
54.6,-1.4,100,"sd","10:10:58",276800
54.6,-1.4,100,"sd","10:10:58",276700
54.6,-1.4,500,"sd","10:10:58",276600
54.6,-1.4,500,"sd","10:10:58",276100
54.6,-1.4,200,"sd","10:10:57",275600
54.6,-1.4,100,"sd","10:10:57",275400
54.7,-1.3,500,"bu","10:10:45",275300
54.7,-1.3,100,"bu","10:10:28",274800
54.7,-1.3,500,"bu","10:10:14",274700
54.7,-1.3,500,"bu","10:10:10",274200
54.6,-1.4,200,"sd","10:10:01",273700
54.6,-1.4,100,"sd","10:10:01",273500
54.6,-1.4,100,"sd","10:10:01",273400
54.6,-1.4,100,"sd","10:10:01",273300
54.6,-1.4,100,"sd","10:10:01",273200
54.6,-1.4,200,"sd","10:10:01",273100
54.6,-1.4,200,"sd","10:10:01",272900
54.7,-1.3,1000,"sd","10:10:00",272700
54.7,-1.3,1000,"sd","10:10:00",271700
54.7,-1.3,1000,"sd","10:09:50",270700
54.8,-1.2,100,"bu","10:09:43",269700
54.8,-1.2,400,"bu","10:09:43",269600
54.8,-1.2,100,"bu","10:09:31",269200
54.8,-1.2,100,"bu","10:09:26",269100
54.8,-1.2,100,"bu","10:09:14",269000
54.8,-1.2,500,"bu","10:09:12",268900
54.8,-1.2,400,"bu","10:09:08",268400
54.8,-1.2,100,"bu","10:09:07",268000
54.8,-1.2,1400,"bu","10:09:07",267900
54.8,-1.2,300,"bu","10:09:03",266500
54.8,-1.2,700,"bu","10:09:03",266200
54.8,-1.2,400,"bu","10:08:57",265500
54.8,-1.2,100,"bu","10:08:49",265100
54.8,-1.2,500,"bu","10:08:40",265000
54.8,-1.2,200,"bu","10:08:26",264500
54.8,-1.2,100,"bu","10:08:24",264300
54.8,-1.2,400,"bu","10:08:14",264200
54.8,-1.2,100,"bu","10:08:12",263800
54.8,-1.2,600,"bu","10:08:07",263700
54.8,-1.2,200,"bu","10:07:50",263100
54.8,-1.2,100,"bu","10:07:49",262900
54.8,-1.2,500,"bu","10:07:37",262800
54.8,-1.2,500,"bu","10:07:05",262300
54.7,-1.3,300,"sd","10:06:54",261800
54.7,-1.3,100,"sd","10:06:54",261500
54.8,-1.2,500,"bu","10:06:35",261400
54.8,-1.2,3400,"bu","10:06:19",260900
54.8,-1.2,100,"bu","10:06:16",257500
54.8,-1.2,800,"bu","10:06:16",257400
54.8,-1.2,500,"bu","10:06:02",256600
54.8,-1.2,500,"bu","10:05:56",256100
54.8,-1.2,500,"bu","10:05:30",255600
54.8,-1.2,2000,"bu","10:05:17",255100
54.8,-1.2,200,"bu","10:05:10",253100
54.8,-1.2,100,"bu","10:05:06",252900
54.8,-1.2,500,"bu","10:04:59",252800
54.8,-1.2,400,"bu","10:04:45",252300
54.8,-1.2,500,"bu","10:04:27",251900
54.8,-1.2,100,"bu","10:03:56",251400
54.8,-1.2,400,"bu","10:03:56",251300
54.8,-1.2,100,"bu","10:03:41",250900
54.8,-1.2,500,"bu","10:03:23",250800
54.9,-1.1,500,"bu","10:02:52",250300
54.6,-1.4,100,"bu","10:02:50",249800
54.6,-1.4,100,"bu","10:02:47",249700
54.6,-1.4,100,"bu","10:02:43",249600
54.6,-1.4,100,"bu","10:02:40",249500
54.6,-1.4,200,"bu","10:02:30",249400
54.6,-1.4,200,"bu","10:02:25",249200
54.6,-1.4,500,"bu","10:02:25",249000
54.6,-1.4,400,"bu","10:02:25",248500
54.9,-1.1,300,"bu","10:02:25",248100
54.9,-1.1,1700,"bu","10:02:25",247800
54.9,-1.1,1700,"bu","10:02:25",246100
54.9,-1.1,1000,"bu","10:02:25",244400
54.9,-1.1,1700,"bu","10:02:25",243400
54.9,-1.1,100,"bu","10:02:25",241700
54.9,-1.1,3500,"bu","10:02:25",241600
54.9,-1.1,500,"bu","10:02:20",238100
54.9,-1.1,600,"bu","10:01:47",237600
54.5,-1.5,100,"sd","10:01:37",237000
54.5,-1.5,200,"sd","10:01:37",236900
54.5,-1.5,400,"sd","10:01:37",236700
54.7,-1.3,200,"sd","10:01:37",236300
54.9,-1.1,500,"bu","10:01:16",236100
54.5,-1.5,600,"sd","10:01:13",235600
54.5,-1.5,100,"sd","10:01:13",235000
54.6,-1.4,100,"sd","10:01:13",234900
54.6,-1.4,100,"sd","10:01:13",234800
54.6,-1.4,100,"sd","10:01:13",234700
54.6,-1.4,300,"sd","10:01:13",234600
54.6,-1.4,300,"sd","10:01:13",234300
54.6,-1.4,100,"sd","10:01:13",234000
54.6,-1.4,300,"sd","10:01:13",233900
54.7,-1.3,500,"unknown","10:01:13",233600
54.7,-1.3,700,"sd","10:00:50",233100
54.7,-1.3,200,"sd","10:00:50",232400
54.8,-1.2,500,"sd","10:00:50",232200
54.8,-1.2,200,"sd","10:00:50",231700
54.8,-1.2,1300,"sd","10:00:50",231500
54.9,-1.1,500,"bu","10:00:45",230200
54.8,-1.2,600,"sd","10:00:29",229700
54.8,-1.2,1000,"sd","10:00:29",229100
54.8,-1.2,100,"sd","10:00:29",228100
54.8,-1.2,100,"sd","10:00:29",228000
54.8,-1.2,100,"sd","10:00:29",227900
54.8,-1.2,200,"sd","10:00:29",227800
54.8,-1.2,100,"sd","10:00:29",227600
54.8,-1.2,500,"sd","10:00:29",227500
54.9,-1.1,500,"bu","10:00:14",227000
54.9,-1.1,500,"bu","10:00:08",226500
54.9,-1.1,200,"bu","09:59:43",226000
54.9,-1.1,300,"bu","09:59:43",225800
54.9,-1.1,100,"bu","09:59:41",225500
54.9,-1.1,500,"bu","09:59:11",225400
54.9,-1.1,100,"bu","09:58:45",224900
54.9,-1.1,500,"bu","09:58:41",224800
54.9,-1.1,500,"bu","09:58:38",224300
54.9,-1.1,500,"bu","09:58:11",223800
54.9,-1.1,1000,"bu","09:57:39",223300
54.9,-1.1,500,"bu","09:57:38",222300
54.9,-1.1,500,"bu","09:57:18",221800
54.9,-1.1,200,"bu","09:57:16",221300
54.9,-1.1,400,"bu","09:57:08",221100
54.9,-1.1,100,"bu","09:57:08",220700
54.9,-1.1,1000,"bu","09:57:01",220600
54.8,-1.2,100,"sd","09:56:51",219600
54.9,-1.1,500,"bu","09:56:35",219500
54.9,-1.1,100,"bu","09:56:27",219000
54.9,-1.1,500,"bu","09:56:22",218900
54.9,-1.1,500,"bu","09:56:04",218400
54.9,-1.1,500,"bu","09:55:33",217900
54.9,-1.1,300,"bu","09:55:24",217400
54.9,-1.1,500,"bu","09:55:23",217100
54.9,-1.1,500,"bu","09:55:02",216600
54.9,-1.1,400,"bu","09:54:51",216100
54.8,-1.2,200,"sd","09:54:41",215700
54.9,-1.1,100,"bu","09:54:41",215500
54.9,-1.1,100,"bu","09:54:32",215400
54.9,-1.1,400,"bu","09:54:32",215300
54.9,-1.1,100,"bu","09:54:10",214900
54.9,-1.1,500,"bu","09:53:59",214800
55,-1,500,"bu","09:53:28",214300
55,-1,500,"bu","09:52:57",213800
54.4,-1.6,100,"sd","09:52:49",213300
54.5,-1.5,100,"sd","09:52:49",213200
54.6,-1.4,100,"sd","09:52:49",213100
54.5,-1.5,100,"bu","09:52:39",213000
54.5,-1.5,500,"sd","09:52:38",212900
54.5,-1.5,100,"sd","09:52:38",212400
54.5,-1.5,100,"sd","09:52:38",212300
54.5,-1.5,1000,"sd","09:52:38",212200
54.5,-1.5,300,"sd","09:52:38",211200
54.5,-1.5,100,"sd","09:52:38",210900
54.5,-1.5,200,"sd","09:52:38",210800
54.5,-1.5,100,"sd","09:52:38",210600
54.5,-1.5,2000,"sd","09:52:38",210500
54.5,-1.5,500,"sd","09:52:38",208500
54.6,-1.4,100,"sd","09:52:38",208000
55,-1,100,"bu","09:52:37",207900
54.5,-1.5,2000,"sd","09:52:37",207800
54.5,-1.5,2000,"sd","09:52:37",205800
54.5,-1.5,100,"sd","09:52:37",203800
54.5,-1.5,200,"sd","09:52:37",203700
54.5,-1.5,100,"sd","09:52:37",203500
54.5,-1.5,100,"sd","09:52:37",203400
54.5,-1.5,100,"sd","09:52:37",203300
54.5,-1.5,100,"sd","09:52:37",203200
54.5,-1.5,200,"sd","09:52:37",203100
54.5,-1.5,100,"sd","09:52:37",202900
54.5,-1.5,100,"sd","09:52:37",202800
54.5,-1.5,900,"sd","09:52:35",202700
54.5,-1.5,200,"sd","09:52:35",201600
54.5,-1.5,200,"sd","09:52:35",201800
54.6,-1.4,1500,"sd","09:52:35",201400
54.6,-1.4,1500,"sd","09:52:35",199900
54.6,-1.4,500,"sd","09:52:35",198400
54.6,-1.4,300,"sd","09:52:35",197900
54.7,-1.3,100,"sd","09:52:35",197600
54.6,-1.4,700,"bu","09:52:25",197500
54.6,-1.4,100,"bu","09:52:20",196800
54.6,-1.4,100,"bu","09:52:17",196700
54.6,-1.4,100,"bu","09:52:12",196600
54.6,-1.4,1000,"unknown","09:52:08",196500
54.6,-1.4,5000,"sd","09:52:08",195500
54.6,-1.4,500,"bu","09:51:55",190500
54.6,-1.4,200,"bu","09:51:52",190000
54.6,-1.4,100,"sd","09:51:49",189800
54.6,-1.4,100,"sd","09:51:49",189700
54.6,-1.4,100,"sd","09:51:49",189600
54.6,-1.4,200,"sd","09:51:49",189500
54.6,-1.4,200,"sd","09:51:49",189300
54.6,-1.4,3000,"sd","09:51:49",189100
54.6,-1.4,100,"sd","09:51:49",186100
54.6,-1.4,600,"sd","09:51:49",186000
54.6,-1.4,100,"sd","09:51:30",185400
54.7,-1.3,100,"sd","09:51:29",185300
54.7,-1.3,3000,"sd","09:51:29",185200
54.7,-1.3,100,"sd","09:51:29",182200
54.7,-1.3,200,"sd","09:51:29",182100
54.7,-1.3,100,"sd","09:51:29",181900
54.7,-1.3,100,"sd","09:51:29",181800
54.6,-1.4,300,"sd","09:51:29",181700
54.7,-1.3,100,"sd","09:51:29",181400
54.6,-1.4,100,"sd","09:51:29",181300
54.8,-1.2,100,"sd","09:51:29",181200
54.6,-1.4,600,"sd","09:51:29",181100
54.6,-1.4,200,"sd","09:51:29",180300
54.8,-1.2,200,"sd","09:51:29",180500
54.8,-1.2,100,"sd","09:51:29",180100
54.7,-1.3,200,"sd","09:51:29",180000
54.8,-1.2,400,"sd","09:51:29",179800
54.7,-1.3,100,"sd","09:51:29",179400
54.7,-1.3,1200,"sd","09:51:29",178300
54.8,-1.2,1000,"sd","09:51:29",179300
54.8,-1.2,100,"sd","09:51:29",177100
54.8,-1.2,100,"sd","09:51:29",177000
54.8,-1.2,100,"sd","09:51:29",176900
54.8,-1.2,200,"sd","09:51:29",176800
54.8,-1.2,100,"sd","09:51:29",176600
54.8,-1.2,1000,"sd","09:51:29",176500
54.8,-1.2,500,"sd","09:51:29",175500
54.8,-1.2,500,"sd","09:51:29",175000
54.8,-1.2,100,"sd","09:51:29",174500
54.8,-1.2,3000,"sd","09:51:29",174400
54.8,-1.2,200,"sd","09:51:29",171400
54.8,-1.2,100,"sd","09:51:29",171200
54.8,-1.2,100,"sd","09:51:29",171100
54.8,-1.2,100,"sd","09:51:29",171000
54.8,-1.2,100,"sd","09:51:29",170900
54.9,-1.1,500,"bu","09:51:23",170800
54.9,-1.1,700,"bu","09:51:13",170300
54.9,-1.1,500,"bu","09:51:10",169600
54.9,-1.1,200,"bu","09:51:04",169100
54.9,-1.1,100,"bu","09:50:57",168900
54.9,-1.1,500,"bu","09:50:52",168800
54.9,-1.1,200,"bu","09:50:20",168300
54.9,-1.1,300,"bu","09:50:20",168100
54.9,-1.1,500,"bu","09:49:47",167800
54.9,-1.1,100,"bu","09:49:34",167300
54.9,-1.1,600,"bu","09:49:27",167200
54.9,-1.1,300,"bu","09:49:26",166600
54.9,-1.1,500,"bu","09:49:17",166300
54.9,-1.1,500,"bu","09:49:12",165800
54.9,-1.1,100,"bu","09:49:12",165300
54.8,-1.2,100,"sd","09:49:10",165200
54.8,-1.2,200,"sd","09:49:10",165100
54.8,-1.2,1000,"sd","09:49:10",164900
54.8,-1.2,100,"sd","09:49:10",163900
54.8,-1.2,100,"sd","09:49:10",163800
54.8,-1.2,100,"sd","09:49:10",163700
54.8,-1.2,200,"sd","09:49:10",163600
54.8,-1.2,100,"sd","09:49:10",163400
54.8,-1.2,500,"sd","09:49:10",163300
54.8,-1.2,200,"sd","09:49:10",162800
54.9,-1.1,100,"bu","09:49:08",162600
54.9,-1.1,400,"bu","09:46:04",162500
54.9,-1.1,100,"bu","09:46:04",162100
54.9,-1.1,600,"bu","09:45:56",162000
54.9,-1.1,500,"bu","09:45:50",161400
54.9,-1.1,300,"bu","09:45:44",160900
54.9,-1.1,500,"bu","09:45:33",160600
54.9,-1.1,100,"bu","09:45:32",160100
54.9,-1.1,400,"bu","09:45:31",160000
54.9,-1.1,100,"bu","09:45:31",159600
54.9,-1.1,100,"bu","09:45:29",159500
54.9,-1.1,500,"bu","09:45:23",159400
54.9,-1.1,1000,"bu","09:45:16",158900
54.9,-1.1,100,"bu","09:45:01",157900
54.9,-1.1,200,"sd","09:45:00",157800
54.9,-1.1,100,"sd","09:45:00",157600
54.9,-1.1,200,"sd","09:45:00",157500
54.9,-1.1,100,"sd","09:45:00",157300
54.9,-1.1,200,"sd","09:45:00",157200
54.9,-1.1,2000,"sd","09:45:00",157000
54.9,-1.1,300,"sd","09:45:00",155000
54.9,-1.1,100,"sd","09:45:00",154700
54.9,-1.1,100,"sd","09:45:00",154600
54.9,-1.1,100,"sd","09:45:00",154500
55,-1,500,"bu","09:45:00",154400
55,-1,100,"bu","09:44:34",153900
55,-1,500,"bu","09:44:29",153800
54.9,-1.1,100,"sd","09:44:05",153300
54.9,-1.1,100,"sd","09:44:05",153200
55,-1,500,"bu","09:43:56",153100
55,-1,700,"bu","09:43:53",152600
55,-1,300,"bu","09:43:53",151900
55,-1,500,"bu","09:43:25",151600
54.9,-1.1,100,"sd","09:43:17",151100
54.9,-1.1,1600,"sd","09:43:17",151000
55,-1,100,"bu","09:43:12",149400
55,-1,400,"bu","09:42:54",149300
55,-1,500,"bu","09:42:53",148900
55,-1,100,"bu","09:42:52",148400
55,-1,100,"bu","09:42:29",148300
55,-1,100,"bu","09:42:27",148200
55,-1,500,"bu","09:42:21",148100
55,-1,100,"bu","09:42:10",147600
55,-1,300,"bu","09:41:51",147500
55,-1,500,"bu","09:41:50",147200
55,-1,1500,"bu","09:41:36",146700
55,-1,200,"bu","09:41:36",145200
55,-1,1000,"bu","09:41:18",145000
55,-1,500,"bu","09:41:18",144000
55,-1,500,"bu","09:40:45",143500
54.9,-1.1,500,"sd","09:40:34",143000
54.9,-1.1,200,"sd","09:40:24",142500
55,-1,500,"bu","09:40:13",142300
54.9,-1.1,2000,"sd","09:40:10",141800
55,-1,500,"bu","09:39:41",139800
55,-1,500,"bu","09:39:11",139300
55,-1,200,"bu","09:39:03",138800
55,-1,100,"bu","09:39:00",138600
55,-1,1000,"bu","09:38:44",138500
55,-1,100,"bu","09:38:43",137500
55,-1,400,"bu","09:38:43",137400
55,-1,500,"bu","09:38:38",137000
55,-1,100,"bu","09:38:08",136500
55,-1,500,"bu","09:38:08",136400
55,-1,500,"bu","09:37:36",135900
55,-1,500,"bu","09:37:04",135400
55,-1,100,"bu","09:37:04",134900
55,-1,100,"sd","09:37:01",134800
55,-1,2000,"sd","09:37:01",134700
55,-1,100,"sd","09:37:01",132700
55,-1,200,"sd","09:37:01",132600
55.1,-0.9,200,"bu","09:36:52",132400
55.1,-0.9,500,"bu","09:36:34",132200
55,-1,500,"bu","09:36:02",131700
55.1,-0.9,500,"bu","09:35:29",131200
54.9,-1.1,700,"sd","09:35:20",130700
54.9,-1.1,1000,"sd","09:35:20",130000
54.9,-1.1,100,"sd","09:35:20",129000
54.9,-1.1,3000,"sd","09:35:20",128900
54.9,-1.1,100,"sd","09:35:20",125900
54.9,-1.1,200,"sd","09:35:20",125800
54.9,-1.1,1000,"sd","09:35:20",125600
54.9,-1.1,200,"sd","09:35:20",124600
54.9,-1.1,1100,"sd","09:35:20",124400
55,-1,100,"sd","09:35:20",123300
55,-1,500,"sd","09:35:20",123200
55,-1,1700,"sd","09:35:15",122700
55,-1,3400,"sd","09:35:01",121000
55,-1,1000,"bu","09:34:58",117600
55,-1,1000,"bu","09:34:58",116600
55,-1,200,"bu","09:34:58",115600
55,-1,2000,"bu","09:34:58",115400
55,-1,700,"bu","09:34:58",113400
54.9,-1.1,2000,"sd","09:34:32",112700
55,-1,500,"bu","09:34:26",110700
55,-1,500,"bu","09:33:55",110200
54.9,-1.1,700,"sd","09:33:51",109700
55,-1,500,"bu","09:33:37",109000
55,-1,2500,"bu","09:33:37",108500
55,-1,500,"bu","09:33:23",106000
55,-1,500,"bu","09:32:50",105500
54.9,-1.1,1200,"sd","09:32:48",105000
54.9,-1.1,200,"sd","09:32:48",103800
54.9,-1.1,600,"sd","09:32:48",103600
55,-1,100,"bu","09:32:44",103000
55,-1,100,"bu","09:32:43",102900
55,-1,500,"bu","09:32:19",102800
55,-1,300,"bu","09:31:59",102300
55,-1,5000,"bu","09:31:56",102000
55,-1,500,"bu","09:31:47",97000
55,-1,200,"sd","09:31:35",96500
55,-1,200,"sd","09:31:35",96300
55,-1,100,"sd","09:31:35",96100
55,-1,100,"sd","09:31:35",96000
55,-1,500,"sd","09:31:35",95900
55,-1,1000,"sd","09:31:35",95400
55,-1,100,"sd","09:31:35",94400
55,-1,1100,"sd","09:31:35",94300
55,-1,100,"sd","09:31:20",93200
55.1,-0.9,500,"bu","09:31:16",93100
55.1,-0.9,100,"bu","09:30:51",92600
55.1,-0.9,500,"bu","09:30:44",92500
55,-1,1300,"sd","09:30:44",92000
55.2,-0.8,500,"bu","09:30:12",90700
55,-1,200,"sd","09:30:06",90200
55,-1,5100,"bu","09:29:46",90000
55,-1,2200,"bu","09:29:46",84900
55,-1,500,"bu","09:29:43",82700
55,-1,200,"bu","09:29:33",82200
55,-1,100,"bu","09:29:28",82000
55,-1,100,"bu","09:29:24",81900
55,-1,500,"bu","09:29:24",81800
54.9,-1.1,400,"sd","09:29:23",81300
54.9,-1.1,1800,"sd","09:29:23",80900
54.9,-1.1,100,"sd","09:29:23",79100
54.9,-1.1,200,"sd","09:29:23",79000
54.9,-1.1,400,"sd","09:29:23",78800
55,-1,100,"bu","09:29:21",78400
55,-1,200,"sd","09:29:19",78300
55,-1,100,"sd","09:29:19",78100
55,-1,100,"sd","09:29:19",78000
55,-1,100,"sd","09:29:19",77900
55,-1,1000,"sd","09:29:19",77800
55,-1,100,"sd","09:29:19",76800
55,-1,4700,"sd","09:29:19",76700
55.2,-0.8,500,"bu","09:29:11",72000
55,-1,300,"sd","09:29:00",71500
55,-1,100,"sd","09:29:00",71200
55.1,-0.9,100,"sd","09:29:00",71100
55.2,-0.8,300,"bu","09:28:47",71000
55.2,-0.8,1000,"bu","09:28:44",70700
55.2,-0.8,500,"bu","09:28:39",69700
55.2,-0.8,500,"bu","09:28:07",69200
55.2,-0.8,500,"bu","09:27:37",68700
55.2,-0.8,200,"bu","09:27:30",68200
55.2,-0.8,500,"bu","09:27:05",68000
55.2,-0.8,100,"bu","09:26:50",67500
55.2,-0.8,200,"bu","09:26:50",67400
55.2,-0.8,100,"bu","09:26:34",67200
55.2,-0.8,100,"bu","09:26:34",67100
55.2,-0.8,300,"bu","09:26:34",67000
55.2,-0.8,500,"bu","09:26:01",66700
55,-1,100,"bu","09:26:01",66200
55,-1,400,"sd","09:26:01",66100
55,-1,600,"sd","09:25:58",65700
55,-1,4000,"sd","09:25:52",65100
55,-1,1100,"sd","09:25:52",61100
55,-1,100,"sd","09:25:38",60000
55.2,-0.8,200,"bu","09:25:29",59900
55.2,-0.8,300,"bu","09:25:29",59700
55,-1,800,"sd","09:25:14",59400
55,-1,1500,"bu","09:25:13",58600
55,-1,100,"bu","09:25:01",57100
55,-1,500,"bu","09:24:57",57000
55,-1,2900,"sd","09:24:51",56500
55,-1,200,"bu","09:24:48",53600
55,-1,1900,"bu","09:24:48",53400
55,-1,400,"bu","09:24:46",51500
55,-1,1000,"sd","09:24:27",51100
55,-1,1000,"sd","09:24:27",50100
55,-1,200,"sd","09:24:27",49100
55,-1,400,"sd","09:24:27",48900
55,-1,100,"sd","09:24:27",48500
55.2,-0.8,500,"bu","09:24:24",48400
55.2,-0.8,500,"bu","09:23:54",47900
55,-1,100,"sd","09:23:24",47400
55,-1,100,"sd","09:23:24",47300
55.2,-0.8,500,"bu","09:23:23",47200
55.2,-0.8,300,"bu","09:23:02",46700
55.2,-0.8,500,"bu","09:22:52",46400
55.2,-0.8,400,"bu","09:22:51",45900
55.2,-0.8,100,"bu","09:22:51",45500
55.2,-0.8,600,"bu","09:22:51",45400
55.2,-0.8,300,"bu","09:22:34",44800
55.2,-0.8,500,"bu","09:22:19",44500
55.2,-0.8,100,"bu","09:22:12",44000
55.2,-0.8,500,"bu","09:21:48",43900
54.9,-1.1,100,"sd","09:21:36",43400
54.9,-1.1,100,"sd","09:21:36",43300
54.9,-1.1,200,"sd","09:21:36",43200
54.9,-1.1,100,"sd","09:21:36",43000
54.9,-1.1,100,"sd","09:21:36",42900
54.9,-1.1,100,"sd","09:21:36",42800
54.9,-1.1,200,"sd","09:21:36",42700
54.9,-1.1,100,"sd","09:21:36",42400
55,-1,100,"sd","09:21:36",42500
55,-1,500,"sd","09:21:36",42300
55,-1,100,"sd","09:21:36",41800
55,-1,300,"sd","09:21:27",41700
55,-1,900,"sd","09:21:27",41400
55.1,-0.9,500,"sd","09:21:27",40500
55.2,-0.8,500,"bu","09:21:16",40000
55.2,-0.8,100,"bu","09:20:55",39500
55,-1,100,"sd","09:20:52",39400
55,-1,200,"bu","09:20:50",39300
55,-1,500,"bu","09:20:43",39100
55,-1,3400,"bu","09:20:31",38600
55,-1,100,"sd","09:20:26",35200
55,-1,200,"sd","09:20:26",35100
55,-1,100,"sd","09:20:26",34900
55,-1,200,"sd","09:20:26",34800
55,-1,600,"sd","09:20:26",34600
55,-1,2000,"sd","09:20:26",34000
55,-1,200,"sd","09:20:26",32000
55,-1,200,"sd","09:20:26",31800
55,-1,1000,"sd","09:20:26",31600
55,-1,100,"sd","09:20:26",30600
55,-1,100,"sd","09:20:26",30500
55,-1,100,"sd","09:20:26",30400
55,-1,100,"sd","09:20:26",30300
55,-1,200,"sd","09:20:26",30200
55,-1,200,"sd","09:20:26",30000
55,-1,100,"sd","09:20:26",29800
55,-1,400,"sd","09:20:26",29700
55,-1,600,"sd","09:20:20",29300
55,-1,500,"sd","09:20:20",28700
55,-1,100,"sd","09:20:20",28200
55,-1,100,"sd","09:20:20",28100
55,-1,100,"sd","09:20:20",28000
55,-1,1000,"sd","09:20:20",27900
55.1,-0.9,600,"sd","09:20:20",26900
55.2,-0.8,500,"bu","09:20:10",26300
55.1,-0.9,100,"sd","09:20:08",25800
55.1,-0.9,500,"sd","09:20:08",25700
55.1,-0.9,100,"sd","09:20:08",25200
55.2,-0.8,500,"bu","09:19:39",25100
55.2,-0.8,500,"bu","09:19:08",24600
55.2,-0.8,3500,"sd","09:18:50",24100
55.2,-0.8,3600,"sd","09:18:46",20600
55.4,-0.6,500,"bu","09:18:38",17000
55.5,-0.5,100,"bu","09:18:29",16500
55.5,-0.5,500,"bu","09:18:05",16400
55.2,-0.8,900,"sd","09:17:58",15900
55.2,-0.8,200,"sd","09:17:58",15000
55.2,-0.8,200,"sd","09:17:58",14800
55.3,-0.7,100,"sd","09:17:58",14600
55.2,-0.8,100,"sd","09:17:58",14500
55.2,-0.8,100,"sd","09:17:58",14400
55.3,-0.7,100,"sd","09:17:58",14300
55.3,-0.7,200,"sd","09:17:54",14200
55.3,-0.7,1000,"sd","09:17:53",14000
55.5,-0.5,400,"bu","09:17:34",13000
55.5,-0.5,100,"bu","09:17:34",12600
55.5,-0.5,100,"sd","09:17:02",12500
55.8,-0.2,500,"bu","09:17:02",12400
55.8,-0.2,400,"bu","09:16:32",11900
55.8,-0.2,100,"bu","09:16:32",11500
55.8,-0.2,400,"sd","09:16:11",11400
55.8,-0.2,100,"bu","09:16:00",11000
55.3,-0.7,100,"sd","09:15:57",10900
55.3,-0.7,500,"sd","09:15:57",10800
55.9,-0.1,400,"bu","09:15:38",10300
55.9,-0.1,100,"bu","09:15:38",9900
55.9,-0.1,500,"bu","09:15:38",9800
55.3,-0.7,500,"sd","09:15:35",9300
55.4,-0.6,100,"sd","09:15:21",8800
55.3,-0.7,8700,"sd","09:15:01",8700
