"price","change","match_qtty","side","time","total_vol"
15200,-600,1300,"sd","14:45:00",69900
15400,-400,1000,"bu","14:29:23",68600
15400,-400,100,"sd","13:59:27",67600
15400,-400,500,"sd","13:57:31",67500
15400,-400,100,"bu","13:56:49",67000
15400,-400,300,"bu","13:56:49",66900
15400,-400,100,"bu","13:53:13",66600
15000,-800,600,"sd","13:51:39",66500
15000,-800,400,"sd","13:51:39",65900
15000,-800,600,"sd","13:50:08",65500
15050,-750,100,"sd","13:50:08",64900
15200,-600,500,"sd","13:50:08",64800
15250,-550,100,"sd","13:50:08",64300
15300,-500,1000,"bu","13:49:17",64200
15300,-500,300,"sd","13:49:13",63200
15300,-500,3300,"bu","13:39:38",62900
15250,-550,1700,"bu","13:39:38",59600
15250,-550,100,"bu","13:39:03",57900
15300,-500,200,"bu","13:35:17",57800
15300,-500,500,"sd","13:31:49",57600
15300,-500,600,"sd","13:30:17",57100
15300,-500,3000,"sd","13:29:03",56500
15300,-500,300,"sd","13:28:26",53500
15300,-500,5000,"bu","13:26:52",53200
15300,-500,1100,"sd","13:23:10",48200
15300,-500,100,"bu","13:20:26",47100
14700,-1100,100,"sd","13:12:02",47000
15000,-800,100,"sd","13:12:02",46800
15000,-800,100,"sd","13:12:02",46900
15050,-750,1000,"sd","13:12:02",46700
15100,-700,300,"sd","13:12:02",45700
15300,-500,200,"sd","13:12:02",45400
15300,-500,100,"sd","13:12:02",45200
15350,-450,100,"sd","13:12:02",45100
15300,-500,100,"sd","13:08:16",45000
15400,-400,1000,"bu","13:06:34",44900
15300,-500,700,"sd","13:06:23",43900
15300,-500,300,"sd","13:06:23",43200
15400,-400,300,"sd","13:03:17",42900
15400,-400,2000,"sd","13:03:17",42600
15400,-400,300,"sd","13:03:17",40600
15400,-400,1000,"sd","13:02:15",40300
15400,-400,1200,"sd","13:00:02",39300
15400,-400,1000,"sd","12:59:59",38100
15450,-350,1000,"sd","11:28:15",37100
15400,-400,1000,"sd","11:23:06",36100
15500,-300,100,"bu","11:22:11",35100
15450,-350,900,"sd","11:21:14",35000
15450,-350,100,"sd","11:21:14",34100
15450,-350,1000,"sd","11:16:44",34000
15450,-350,3000,"sd","11:05:32",33000
15450,-350,500,"sd","11:05:32",30000
15450,-350,500,"sd","11:05:32",29500
15500,-300,1000,"bu","10:53:56",29000
15500,-300,2000,"bu","10:53:31",28000
15500,-300,3000,"sd","10:48:37",26000
15500,-300,200,"sd","10:35:00",23000
15400,-400,500,"sd","10:11:29",22800
15400,-400,1000,"sd","10:11:29",22300
15500,-300,1000,"sd","10:11:15",21300
15500,-300,500,"sd","10:11:15",20300
15600,-200,1000,"sd","10:09:22",19800
15600,-200,1000,"sd","10:09:22",18800
15600,-200,200,"sd","10:09:22",17800
15600,-200,200,"sd","10:09:22",17600
15600,-200,200,"sd","09:59:10",17400
15600,-200,100,"bu","09:55:46",17200
15600,-200,400,"bu","09:55:07",17100
15600,-200,100,"sd","09:52:22",16700
15600,-200,300,"sd","09:52:22",16600
15600,-200,500,"sd","09:52:22",13300
15600,-200,3000,"sd","09:52:22",16300
15650,-150,100,"sd","09:52:22",12800
15650,-150,100,"sd","09:52:22",12700
15700,-100,1000,"bu","09:51:04",12600
15700,-100,100,"sd","09:50:04",11600
15700,-100,100,"sd","09:50:04",11500
15750,-50,500,"bu","09:44:03",11400
15750,-50,100,"bu","09:34:24",10900
15750,-50,1000,"sd","09:31:00",10800
15800,0,2000,"sd","09:28:43",9800
15800,0,500,"sd","09:28:43",7800
15800,0,1000,"sd","09:28:43",7300
15800,0,100,"sd","09:28:43",6300
15900,100,100,"sd","09:24:48",6200
15900,100,900,"bu","09:22:56",6100
15900,100,100,"bu","09:21:31",5200
15800,0,4900,"sd","09:18:53",5100
15850,50,100,"sd","09:18:53",200
15850,50,100,"unknown","09:14:59",100
