"price","change","match_qtty","side","time","total_vol"
6090,-70,380600,"unknown","14:45:01",8227400
6160,0,200,"bu","14:29:56",7846800
6160,0,500,"bu","14:29:56",7846600
6160,0,100,"bu","14:29:52",7846100
6160,0,2500,"bu","14:29:49",7846000
6160,0,700,"bu","14:29:49",7843500
6160,0,100,"bu","14:29:49",7842800
6160,0,1000,"bu","14:29:49",7842700
6160,0,2000,"bu","14:29:49",7841700
6160,0,5000,"bu","14:29:49",7839700
6160,0,4200,"sd","14:29:49",7834700
6170,10,200,"sd","14:29:48",7830500
6180,20,500,"bu","14:29:48",7830300
6170,10,100,"unknown","14:29:39",7829800
6180,20,2400,"bu","14:29:39",7829700
6170,10,3500,"bu","14:29:39",7827300
6170,10,10000,"bu","14:29:39",7823800
6170,10,4100,"bu","14:29:39",7813800
6170,10,900,"sd","14:29:31",7809700
6170,10,700,"sd","14:29:26",7808800
6170,10,5000,"bu","14:29:18",7808100
6170,10,1000,"bu","14:29:18",7803100
6170,10,5200,"bu","14:29:18",7802100
6170,10,5000,"bu","14:29:18",7796900
6170,10,100,"bu","14:29:18",7791900
6170,10,100,"bu","14:29:18",7791800
6170,10,600,"bu","14:29:18",7791700
6170,10,5000,"bu","14:29:18",7791100
6170,10,5000,"bu","14:29:18",7786100
6170,10,1000,"bu","14:29:18",7781100
6170,10,400,"bu","14:29:18",7780100
6160,0,1800,"bu","14:29:11",7779700
6160,0,200,"bu","14:29:08",7777900
6170,10,1000,"bu","14:29:01",7777700
6150,-10,200,"sd","14:28:57",7776700
6160,0,5000,"sd","14:28:57",7776500
6160,0,4800,"sd","14:28:57",7771500
6160,0,100,"sd","14:28:55",7766700
6160,0,1000,"sd","14:28:55",7766600
6160,0,500,"sd","14:28:55",7765600
6160,0,300,"bu","14:28:55",7765100
6160,0,500,"bu","14:28:53",7764800
6160,0,20000,"bu","14:28:53",7764300
6160,0,3000,"bu","14:28:53",7744300
6160,0,200,"bu","14:28:53",7741300
6160,0,300,"bu","14:28:53",7741100
6160,0,100,"bu","14:28:53",7740800
6160,0,3000,"bu","14:28:53",7740700
6160,0,100,"bu","14:28:53",7737700
6160,0,1800,"bu","14:28:53",7737600
6160,0,1500,"bu","14:28:53",7735800
6150,-10,100,"sd","14:28:47",7734300
6150,-10,200,"sd","14:28:46",7734200
6150,-10,1000,"sd","14:28:46",7734000
6150,-10,800,"sd","14:28:46",7733000
6150,-10,500,"sd","14:28:33",7732200
6160,0,200,"bu","14:28:31",7731700
6150,-10,20000,"bu","14:28:23",7731500
6150,-10,12700,"bu","14:28:23",7711500
6150,-10,100,"bu","14:28:22",7698800
6150,-10,400,"bu","14:28:17",7698700
6150,-10,200,"bu","14:28:14",7698300
6150,-10,5000,"bu","14:28:12",7698100
6150,-10,500,"bu","14:28:08",7693100
6150,-10,500,"bu","14:28:06",7692600
6150,-10,600,"bu","14:28:03",7692100
6150,-10,4400,"bu","14:28:03",7691500
6150,-10,200,"bu","14:28:01",7687100
6150,-10,4000,"bu","14:27:58",7686900
6150,-10,1000,"bu","14:27:53",7682900
6150,-10,300,"bu","14:27:53",7681900
6150,-10,100,"bu","14:27:51",7681600
6160,0,3000,"bu","14:27:42",7681500
6160,0,3000,"bu","14:27:42",7678500
6160,0,1000,"bu","14:27:42",7675500
6160,0,1000,"bu","14:27:42",7674500
6150,-10,1000,"bu","14:27:42",7673500
6150,-10,100,"bu","14:27:42",7672500
6150,-10,4600,"bu","14:27:42",7672400
6150,-10,500,"bu","14:27:42",7667800
6150,-10,1000,"bu","14:27:42",7667300
6150,-10,600,"bu","14:27:42",7666300
6150,-10,1000,"bu","14:27:42",7665700
6150,-10,1400,"bu","14:27:42",7664700
6150,-10,1800,"bu","14:27:42",7663300
6150,-10,200,"bu","14:27:42",7661500
6150,-10,1000,"bu","14:27:42",7661300
6150,-10,2200,"bu","14:27:42",7660300
6150,-10,100,"bu","14:27:42",7658100
6150,-10,200,"bu","14:27:42",7658000
6150,-10,1300,"bu","14:27:42",7657800
6150,-10,1000,"bu","14:27:34",7656500
6150,-10,500,"bu","14:27:33",7655500
6150,-10,300,"bu","14:27:27",7655000
6150,-10,100,"bu","14:27:18",7654700
6150,-10,700,"bu","14:27:16",7654600
6150,-10,1000,"bu","14:27:01",7653900
6150,-10,100,"bu","14:26:56",7652900
6150,-10,400,"bu","14:26:56",7652800
6140,-20,300,"sd","14:26:52",7652400
6150,-10,200,"bu","14:26:47",7652100
6150,-10,500,"bu","14:26:46",7651900
6140,-20,8900,"sd","14:26:37",7651400
6140,-20,200,"sd","14:26:25",7642500
6140,-20,20000,"bu","14:26:23",7642300
6140,-20,10000,"bu","14:26:23",7622300
6140,-20,100,"bu","14:26:23",7612300
6140,-20,600,"bu","14:26:23",7612200
6140,-20,2000,"bu","14:26:23",7611600
6140,-20,200,"bu","14:26:23",7609600
6140,-20,100,"bu","14:26:23",7609400
6140,-20,5000,"bu","14:26:23",7609300
6130,-30,6900,"bu","14:26:23",7604300
6130,-30,100,"sd","14:26:20",7597400
6130,-30,100,"sd","14:26:20",7597300
6130,-30,2000,"sd","14:26:20",7597200
6130,-30,100,"sd","14:26:20",7595200
6130,-30,200,"sd","14:26:20",7595100
6130,-30,600,"sd","14:26:20",7594900
6140,-20,500,"bu","14:26:07",7594300
6130,-30,100,"sd","14:25:59",7593800
6130,-30,200,"sd","14:25:50",7593700
6130,-30,10000,"sd","14:25:47",7593500
6130,-30,9100,"bu","14:25:39",7583500
6130,-30,800,"bu","14:25:37",7574400
6130,-30,100,"sd","14:25:37",7573600
6140,-20,100,"bu","14:25:34",7573500
6130,-30,9900,"bu","14:25:27",7573400
6130,-30,100,"sd","14:25:18",7563500
6140,-20,100,"bu","14:25:13",7563400
6140,-20,200,"bu","14:24:55",7563300
6140,-20,100,"bu","14:24:54",7563100
6140,-20,100,"bu","14:24:54",7563000
6130,-30,100,"sd","14:24:51",7562900
6130,-30,500,"sd","14:24:50",7562800
6130,-30,200,"sd","14:24:49",7562300
6130,-30,800,"sd","14:24:49",7562100
6130,-30,100,"sd","14:24:49",7561300
6130,-30,900,"sd","14:24:49",7561200
6130,-30,100,"sd","14:24:24",7560300
6130,-30,1300,"sd","14:24:12",7560200
6130,-30,800,"sd","14:23:58",7558900
6140,-20,6900,"bu","14:23:52",7558100
6130,-30,3000,"bu","14:23:52",7551200
6130,-30,100,"bu","14:23:52",7548200
6120,-40,200,"sd","14:23:33",7548100
6130,-30,900,"bu","14:23:32",7547900
6130,-30,100,"bu","14:23:32",7547000
6120,-40,100,"bu","14:23:14",7546900
6120,-40,1000,"bu","14:22:51",7546800
6100,-60,500,"sd","14:22:48",7545800
6100,-60,100,"sd","14:22:39",7545300
6100,-60,100,"sd","14:22:34",7545200
6100,-60,1000,"bu","14:22:25",7545100
6100,-60,500,"bu","14:22:25",7544100
6100,-60,600,"bu","14:22:25",7543600
6100,-60,1300,"bu","14:22:24",7543000
6100,-60,800,"bu","14:22:24",7541700
6100,-60,1500,"bu","14:22:24",7540900
6100,-60,6400,"bu","14:22:24",7539400
6100,-60,500,"bu","14:22:23",7533000
6100,-60,200,"bu","14:22:18",7532500
6090,-70,300,"sd","14:22:15",7532300
6100,-60,100,"bu","14:22:14",7532000
6100,-60,1700,"bu","14:22:10",7531900
6100,-60,3100,"bu","14:22:10",7530200
6100,-60,600,"bu","14:22:06",7527100
6090,-70,13000,"sd","14:22:06",7526500
6100,-60,100,"bu","14:22:04",7513500
6090,-70,800,"sd","14:22:04",7513400
6100,-60,1000,"bu","14:22:01",7512600
6100,-60,200,"bu","14:21:57",7511600
6100,-60,10000,"bu","14:21:57",7511400
6100,-60,39800,"bu","14:21:57",7501400
6100,-60,300,"bu","14:21:55",7461600
6100,-60,2000,"bu","14:21:53",7461300
6100,-60,1000,"bu","14:21:43",7459300
6100,-60,200,"bu","14:21:38",7458300
6100,-60,500,"bu","14:21:30",7458100
6100,-60,300,"bu","14:21:29",7457600
6100,-60,200,"bu","14:21:28",7457300
6090,-70,200,"sd","14:21:28",7457100
6090,-70,50000,"sd","14:21:27",7456900
6100,-60,2600,"bu","14:21:24",7406900
6100,-60,100,"bu","14:21:24",7404300
6100,-60,500,"bu","14:21:24",7404200
6100,-60,4000,"bu","14:21:24",7403700
6100,-60,700,"bu","14:21:24",7399700
6100,-60,100,"bu","14:21:24",7399000
6100,-60,2000,"bu","14:21:24",7398900
6090,-70,10000,"sd","14:21:15",7396900
6090,-70,500,"sd","14:21:15",7386900
6090,-70,2000,"bu","14:21:07",7386400
6090,-70,6000,"bu","14:21:07",7384400
6090,-70,500,"bu","14:21:06",7378400
6090,-70,6600,"bu","14:21:06",7377900
6090,-70,2000,"bu","14:21:06",7371300
6090,-70,2700,"bu","14:21:06",7369300
6090,-70,1000,"bu","14:21:06",7366600
6090,-70,6300,"bu","14:21:02",7365600
6090,-70,1700,"bu","14:21:02",7359300
6090,-70,500,"bu","14:21:00",7357600
6090,-70,5000,"bu","14:20:57",7357100
6090,-70,100,"bu","14:20:57",7352100
6090,-70,5000,"bu","14:20:53",7352000
6090,-70,7800,"bu","14:20:53",7347000
6090,-70,1000,"bu","14:20:50",7339200
6080,-80,3300,"sd","14:20:46",7338200
6090,-70,500,"bu","14:20:44",7334900
6090,-70,200,"bu","14:20:38",7334400
6090,-70,1600,"bu","14:20:36",7334200
6080,-80,100,"bu","14:20:16",7332600
6080,-80,1000,"bu","14:20:16",7332500
6080,-80,600,"bu","14:20:16",7331500
6080,-80,100,"bu","14:20:15",7330900
6080,-80,600,"bu","14:20:14",7330800
6080,-80,100,"bu","14:20:13",7330200
6080,-80,200,"bu","14:20:13",7330100
6080,-80,100,"bu","14:20:12",7329900
6080,-80,100,"bu","14:20:11",7329800
6080,-80,1000,"bu","14:20:11",7329700
6080,-80,1100,"bu","14:20:08",7328700
6080,-80,200,"bu","14:20:07",7327600
6080,-80,300,"bu","14:20:03",7327400
6080,-80,1600,"bu","14:20:01",7327100
6080,-80,4900,"bu","14:19:59",7325500
6080,-80,600,"bu","14:19:52",7320600
6080,-80,100,"bu","14:19:46",7320000
6080,-80,10000,"bu","14:19:45",7319900
6080,-80,100,"bu","14:19:44",7309900
6080,-80,2000,"bu","14:19:41",7309800
6080,-80,7200,"bu","14:19:39",7307800
6080,-80,1000,"bu","14:19:39",7300600
6080,-80,5400,"bu","14:19:39",7299600
6080,-80,100,"bu","14:19:37",7294200
6080,-80,200,"bu","14:19:35",7294100
6080,-80,4100,"bu","14:19:31",7293900
6080,-80,1000,"bu","14:19:31",7289800
6080,-80,7800,"bu","14:19:31",7288800
6080,-80,300,"bu","14:19:30",7281000
6080,-80,100,"bu","14:19:29",7280700
6080,-80,100,"bu","14:19:17",7280600
6080,-80,10000,"bu","14:19:17",7280500
6080,-80,5600,"sd","14:19:15",7270500
6080,-80,100,"sd","14:19:15",7264900
6080,-80,1000,"sd","14:19:15",7264800
6080,-80,1000,"sd","14:19:15",7263800
6080,-80,3400,"sd","14:19:15",7262800
6080,-80,1000,"sd","14:19:15",7259400
6080,-80,100,"sd","14:19:15",7258400
6080,-80,600,"sd","14:19:15",7258300
6080,-80,18900,"sd","14:19:15",7257700
6090,-70,2000,"bu","14:19:12",7238800
6080,-80,15000,"sd","14:19:06",7236800
6080,-80,20000,"sd","14:19:04",7221800
6090,-70,10000,"bu","14:19:04",7201800
6090,-70,200,"bu","14:18:51",7191800
6090,-70,1000,"bu","14:18:48",7191600
6090,-70,500,"bu","14:18:47",7190600
6080,-80,1000,"sd","14:18:40",7190100
6090,-70,200,"bu","14:18:25",7189100
6080,-80,100,"bu","14:18:18",7188900
6080,-80,15000,"bu","14:18:18",7188800
6080,-80,100,"bu","14:18:15",7173800
6080,-80,1000,"bu","14:18:13",7173700
6080,-80,100,"bu","14:18:11",7172700
6080,-80,13800,"sd","14:18:11",7172600
6080,-80,1000,"bu","14:18:06",7158800
6080,-80,5200,"bu","14:18:06",7157800
6080,-80,10000,"bu","14:18:00",7152600
6080,-80,100,"sd","14:17:55",7142600
6080,-80,100,"sd","14:17:55",7142500
6080,-80,500,"sd","14:17:55",7142400
6080,-80,100,"sd","14:17:55",7141900
6080,-80,2000,"sd","14:17:55",7141800
6080,-80,500,"sd","14:17:55",7139800
6080,-80,100,"sd","14:17:55",7139300
6080,-80,100,"sd","14:17:55",7139200
6080,-80,1000,"sd","14:17:55",7139100
6080,-80,500,"sd","14:17:55",7138100
6080,-80,400,"sd","14:17:55",7137600
6080,-80,900,"sd","14:17:54",7137200
6080,-80,200,"sd","14:17:54",7136300
6080,-80,600,"sd","14:17:54",7136100
6080,-80,1900,"sd","14:17:54",7135500
6080,-80,300,"sd","14:17:53",7133600
6080,-80,400,"sd","14:17:49",7133300
6080,-80,12000,"sd","14:17:49",7132900
6080,-80,2000,"sd","14:17:46",7120900
6080,-80,5000,"sd","14:17:36",7118900
6080,-80,400,"sd","14:17:09",7113900
6080,-80,100,"sd","14:17:08",7113500
6080,-80,1000,"sd","14:17:02",7113400
6090,-70,100,"bu","14:16:55",7112400
6090,-70,400,"bu","14:16:45",7112300
6080,-80,3800,"sd","14:16:25",7111900
6090,-70,500,"bu","14:16:23",7108100
6090,-70,1000,"bu","14:16:17",7107600
6080,-80,3100,"sd","14:16:13",7106600
6080,-80,1000,"sd","14:16:13",7103500
6080,-80,7900,"sd","14:16:13",7102500
6090,-70,1000,"bu","14:16:12",7094600
6080,-80,20000,"sd","14:16:08",7093600
6090,-70,9700,"bu","14:15:55",7073600
6090,-70,3600,"bu","14:15:55",7063900
6090,-70,100,"bu","14:15:54",7060300
6090,-70,300,"bu","14:15:52",7060200
6090,-70,2700,"bu","14:15:52",7059900
6090,-70,500,"bu","14:15:49",7057200
6090,-70,800,"bu","14:15:47",7056700
6080,-80,5900,"sd","14:15:43",7055900
6080,-80,500,"sd","14:15:38",7050000
6080,-80,5700,"bu","14:15:21",7049500
6080,-80,2000,"bu","14:15:18",7043800
6080,-80,1000,"bu","14:15:15",7041800
6080,-80,1300,"sd","14:15:12",7040800
6080,-80,200,"bu","14:15:11",7039500
6080,-80,1500,"bu","14:15:11",7039300
6080,-80,100,"bu","14:14:58",7037800
6080,-80,100,"bu","14:14:56",7037700
6080,-80,500,"bu","14:14:56",7037600
6080,-80,200,"sd","14:14:46",7037100
6080,-80,100,"sd","14:14:46",7036900
6080,-80,10000,"sd","14:14:46",7036800
6080,-80,1000,"sd","14:14:46",7026800
6080,-80,500,"sd","14:14:45",7025800
6080,-80,1000,"sd","14:14:45",7025300
6090,-70,500,"bu","14:14:39",7024300
6090,-70,500,"bu","14:14:38",7023800
6090,-70,100,"bu","14:14:37",7023300
6090,-70,100,"bu","14:14:31",7023200
6090,-70,1000,"unknown","14:14:31",7023100
6090,-70,100,"sd","14:14:31",7022100
6090,-70,10000,"sd","14:14:31",7022000
6090,-70,500,"sd","14:14:31",7012000
6090,-70,100,"sd","14:14:31",7011500
6090,-70,3100,"sd","14:14:31",7011400
6090,-70,1400,"sd","14:14:30",7008300
6090,-70,2300,"sd","14:14:28",7006900
6090,-70,2000,"sd","14:14:28",7004600
6090,-70,1000,"sd","14:14:28",7002600
6090,-70,1000,"sd","14:14:28",7001600
6090,-70,500,"sd","14:14:28",7000600
6090,-70,2000,"sd","14:14:28",7000100
6090,-70,500,"sd","14:14:28",6998100
6090,-70,700,"sd","14:14:28",6997600
6100,-60,100,"bu","14:14:16",6996900
6100,-60,400,"bu","14:14:16",6996800
6090,-70,200,"sd","14:14:14",6996400
6090,-70,200,"sd","14:14:13",6996200
6090,-70,10000,"sd","14:14:06",6996000
6100,-60,1000,"bu","14:13:45",6986000
6090,-70,1000,"sd","14:13:33",6985000
6100,-60,700,"bu","14:13:25",6984000
6090,-70,2900,"sd","14:13:18",6983300
6090,-70,400,"bu","14:13:09",6980400
6080,-80,600,"bu","14:13:09",6980000
6080,-80,100,"sd","14:13:04",6979400
6080,-80,500,"sd","14:13:04",6979300
6080,-80,200,"sd","14:13:04",6978800
6080,-80,500,"sd","14:13:04",6978600
6080,-80,1000,"sd","14:13:04",6978100
6080,-80,500,"sd","14:13:04",6977100
6080,-80,1000,"sd","14:13:04",6976600
6080,-80,2000,"sd","14:13:04",6975600
6080,-80,500,"sd","14:13:04",6973600
6080,-80,100,"sd","14:13:04",6973100
6090,-70,100,"bu","14:12:58",6973000
6090,-70,600,"sd","14:12:44",6972900
6090,-70,1000,"sd","14:12:44",6972300
6090,-70,600,"sd","14:12:40",6971300
6100,-60,200,"bu","14:12:40",6970700
6100,-60,2400,"bu","14:12:37",6970500
6090,-70,500,"sd","14:12:32",6968100
6100,-60,100,"bu","14:12:32",6967600
6100,-60,8100,"bu","14:12:12",6967500
6100,-60,5000,"bu","14:12:11",6959400
6100,-60,1100,"bu","14:12:10",6954400
6100,-60,1000,"bu","14:12:10",6953300
6100,-60,3000,"bu","14:12:10",6952300
6100,-60,3900,"bu","14:12:10",6949300
6100,-60,2000,"bu","14:12:03",6945400
6100,-60,200,"bu","14:11:42",6943400
6100,-60,300,"bu","14:11:42",6943200
6100,-60,1900,"bu","14:11:30",6942900
6100,-60,12000,"bu","14:11:23",6941000
6100,-60,500,"bu","14:11:20",6929000
6100,-60,100,"bu","14:11:19",6928500
6090,-70,3900,"sd","14:11:19",6928400
6090,-70,1000,"sd","14:11:19",6924500
6100,-60,100,"bu","14:11:16",6923500
6100,-60,2000,"bu","14:11:13",6923400
6100,-60,200,"bu","14:11:09",6921400
6100,-60,100,"bu","14:11:09",6921200
6100,-60,200,"bu","14:11:08",6921100
6100,-60,1000,"sd","14:11:07",6920900
6100,-60,500,"sd","14:11:07",6919900
6100,-60,1000,"sd","14:11:07",6919400
6100,-60,800,"sd","14:11:07",6918400
6100,-60,3000,"sd","14:11:07",6917600
6100,-60,500,"sd","14:11:07",6914600
6100,-60,2000,"sd","14:11:07",6914100
6100,-60,500,"sd","14:11:07",6912100
6100,-60,5000,"sd","14:11:07",6911600
6100,-60,500,"sd","14:11:07",6906600
6100,-60,2400,"sd","14:11:07",6906100
6100,-60,100,"sd","14:11:07",6903700
6110,-50,1000,"sd","14:11:07",6903600
6130,-30,1700,"sd","14:11:07",6902600
6130,-30,1000,"sd","14:11:07",6900900
6140,-20,1000,"bu","14:11:07",6899900
6130,-30,200,"bu","14:11:01",6898900
6130,-30,500,"bu","14:11:01",6898700
6130,-30,600,"bu","14:11:01",6898200
6130,-30,15000,"bu","14:11:01",6897600
6130,-30,16900,"bu","14:11:01",6882600
6110,-50,4100,"bu","14:11:01",6865700
6100,-60,600,"sd","14:10:56",6861600
6100,-60,500,"sd","14:10:56",6861000
6100,-60,100,"sd","14:10:56",6860500
6100,-60,5000,"sd","14:10:56",6860400
6100,-60,1000,"sd","14:10:56",6855400
6100,-60,800,"sd","14:10:56",6854400
6100,-60,1000,"sd","14:10:56",6853600
6100,-60,1000,"sd","14:10:56",6852600
6110,-50,100,"sd","14:10:53",6851600
6110,-50,300,"sd","14:10:53",6851500
6110,-50,500,"sd","14:10:53",6851200
6110,-50,200,"sd","14:10:53",6850700
6110,-50,500,"sd","14:10:53",6850500
6110,-50,500,"sd","14:10:53",6850000
6110,-50,1000,"sd","14:10:53",6849500
6110,-50,10000,"sd","14:10:53",6848500
6110,-50,500,"sd","14:10:53",6838500
6110,-50,2300,"sd","14:10:53",6838000
6130,-30,1000,"bu","14:10:48",6835700
6120,-40,200,"bu","14:10:48",6834700
6110,-50,2000,"sd","14:10:41",6834500
6110,-50,5700,"sd","14:10:37",6832500
6110,-50,2000,"sd","14:10:37",6826800
6110,-50,2300,"sd","14:10:37",6824800
6120,-40,4500,"bu","14:10:27",6822500
6110,-50,2700,"sd","14:10:26",6818000
6110,-50,300,"sd","14:10:26",6815300
6110,-50,32200,"sd","14:10:18",6815000
6120,-40,2500,"sd","14:10:18",6782800
6120,-40,4900,"sd","14:10:18",6780300
6120,-40,100,"sd","14:10:18",6775400
6120,-40,5000,"sd","14:10:18",6775300
6120,-40,500,"sd","14:10:18",6770300
6120,-40,4800,"sd","14:10:18",6769800
6130,-30,1000,"bu","14:10:15",6765000
6130,-30,900,"bu","14:10:10",6764000
6130,-30,100,"sd","14:10:08",6763100
6130,-30,100,"sd","14:10:08",6763000
6130,-30,400,"sd","14:10:07",6762900
6130,-30,100,"sd","14:10:07",6762500
6130,-30,2000,"sd","14:10:07",6762400
6130,-30,17900,"sd","14:10:07",6760400
6130,-30,6000,"sd","14:10:07",6742500
6130,-30,500,"sd","14:10:07",6736500
6130,-30,1500,"sd","14:10:07",6736000
6130,-30,400,"sd","14:10:07",6734500
6130,-30,1200,"sd","14:10:07",6734100
6130,-30,1000,"sd","14:10:07",6732900
6130,-30,800,"sd","14:10:06",6731900
6130,-30,200,"sd","14:10:06",6731100
6130,-30,4000,"sd","14:10:06",6730900
6140,-20,100,"bu","14:10:04",6726900
6130,-30,1000,"sd","14:09:59",6726800
6140,-20,200,"bu","14:09:55",6725800
6140,-20,100,"bu","14:09:33",6725600
6140,-20,1600,"bu","14:09:28",6725500
6140,-20,1400,"bu","14:09:28",6723900
6140,-20,400,"bu","14:09:22",6722500
6140,-20,1000,"bu","14:09:20",6722100
6140,-20,1000,"bu","14:09:05",6721100
6140,-20,2000,"bu","14:09:04",6720100
6140,-20,500,"bu","14:08:57",6718100
6140,-20,2000,"bu","14:08:49",6717600
6140,-20,200,"sd","14:08:45",6715600
6140,-20,500,"sd","14:08:45",6715400
6150,-10,900,"bu","14:08:38",6714900
6150,-10,4100,"bu","14:08:38",6714000
6140,-20,500,"sd","14:08:36",6709900
6140,-20,20000,"sd","14:08:24",6709400
6150,-10,2500,"bu","14:08:17",6689400
6140,-20,1100,"sd","14:08:14",6686900
6140,-20,500,"sd","14:08:14",6685800
6150,-10,1400,"bu","14:08:06",6685300
6150,-10,200,"bu","14:08:06",6683900
6140,-20,1000,"sd","14:08:06",6683700
6140,-20,1000,"sd","14:08:06",6682700
6140,-20,1500,"sd","14:08:06",6681700
6140,-20,6500,"sd","14:08:06",6680200
6150,-10,200,"bu","14:07:57",6673700
6150,-10,500,"bu","14:07:54",6673500
6150,-10,1000,"bu","14:07:53",6673000
6150,-10,100,"bu","14:07:53",6672000
6150,-10,100,"bu","14:07:45",6671900
6140,-20,3500,"sd","14:07:43",6671800
6140,-20,1000,"sd","14:07:43",6668300
6150,-10,5000,"bu","14:07:41",6667300
6150,-10,5100,"bu","14:07:15",6662300
6150,-10,8000,"bu","14:07:15",6657200
6150,-10,1900,"bu","14:07:15",6649200
6150,-10,2000,"bu","14:06:56",6647300
6150,-10,100,"bu","14:06:53",6645300
6150,-10,1000,"bu","14:06:52",6645200
6150,-10,2000,"bu","14:06:50",6644200
6150,-10,100,"sd","14:06:46",6642200
6150,-10,100,"sd","14:06:46",6642100
6150,-10,7800,"sd","14:06:46",6642000
6150,-10,200,"bu","14:06:36",6634200
6150,-10,500,"bu","14:06:36",6634000
6150,-10,300,"bu","14:06:36",6633500
6150,-10,4700,"bu","14:06:34",6633200
6150,-10,200,"bu","14:06:34",6628500
6150,-10,100,"bu","14:06:34",6628300
6150,-10,100,"bu","14:06:27",6628200
6150,-10,900,"bu","14:06:22",6628100
6150,-10,100,"bu","14:06:22",6627200
6150,-10,100,"bu","14:06:13",6627100
6150,-10,800,"bu","14:06:13",6627000
6150,-10,200,"bu","14:06:13",6626200
6150,-10,900,"bu","14:06:11",6626000
6150,-10,500,"bu","14:06:11",6625100
6150,-10,2000,"bu","14:06:11",6624600
6150,-10,100,"bu","14:06:11",6622600
6150,-10,500,"bu","14:06:11",6622500
6150,-10,1000,"bu","14:06:11",6622000
6150,-10,1000,"bu","14:06:10",6621000
6150,-10,500,"bu","14:06:09",6620000
6150,-10,500,"bu","14:06:08",6619500
6150,-10,3100,"bu","14:06:08",6619000
6150,-10,200,"bu","14:06:08",6615900
6150,-10,200,"bu","14:06:08",6615700
6150,-10,900,"bu","14:06:08",6615500
6150,-10,1000,"bu","14:05:54",6614600
6150,-10,1000,"bu","14:05:51",6613600
6150,-10,1000,"bu","14:05:48",6612600
6150,-10,200,"bu","14:05:44",6611600
6150,-10,2800,"bu","14:05:40",6611400
6150,-10,3000,"bu","14:05:15",6608600
6150,-10,3100,"bu","14:05:11",6605600
6150,-10,1700,"bu","14:05:11",6602500
6140,-20,200,"bu","14:05:11",6600800
6150,-10,1000,"bu","14:05:06",6600600
6150,-10,100,"bu","14:05:03",6599600
6150,-10,800,"bu","14:05:02",6599500
6150,-10,1400,"bu","14:04:47",6598700
6150,-10,200,"bu","14:04:47",6597300
6150,-10,500,"bu","14:04:47",6597100
6150,-10,1100,"bu","14:04:47",6596600
6150,-10,500,"bu","14:04:47",6595500
6150,-10,700,"bu","14:04:47",6595000
6150,-10,1000,"bu","14:04:41",6594300
6120,-40,800,"sd","14:04:41",6593300
6130,-30,100,"sd","14:04:41",6592500
6130,-30,100,"sd","14:04:41",6592400
6140,-20,5000,"bu","14:04:30",6592300
6140,-20,200,"bu","14:04:30",6587300
6140,-20,100,"bu","14:04:30",6587100
6140,-20,5000,"bu","14:04:30",6587000
6140,-20,100,"bu","14:04:30",6582000
6140,-20,500,"bu","14:04:30",6581900
6130,-30,5000,"bu","14:04:30",6581400
6130,-30,100,"bu","14:04:30",6576400
6130,-30,4000,"bu","14:04:30",6576300
6130,-30,400,"bu","14:04:30",6572300
6130,-30,10700,"bu","14:04:30",6571900
6150,-10,18300,"bu","14:04:30",6561200
6150,-10,500,"bu","14:04:30",6542900
6140,-20,100,"bu","14:04:30",6542400
6130,-30,5000,"bu","14:04:30",6542300
6130,-30,4300,"bu","14:04:26",6537300
6130,-30,500,"bu","14:04:26",6533000
6130,-30,200,"bu","14:04:26",6532500
6120,-40,1100,"sd","14:04:24",6532300
6120,-40,500,"bu","14:04:19",6531200
6120,-40,200,"bu","14:04:19",6530700
6120,-40,1000,"bu","14:04:19",6530500
6120,-40,20000,"bu","14:04:19",6529500
6120,-40,1000,"bu","14:04:19",6509500
6120,-40,600,"bu","14:04:19",6508500
6110,-50,1000,"sd","14:04:17",6507900
6110,-50,5100,"bu","14:04:00",6506900
6110,-50,500,"bu","14:04:00",6501800
6110,-50,1000,"bu","14:04:00",6501300
6110,-50,9900,"bu","14:04:00",6500300
6110,-50,1000,"bu","14:03:50",6490400
6110,-50,3200,"bu","14:03:45",6489400
6110,-50,500,"bu","14:03:39",6486200
6100,-60,300,"sd","14:03:34",6485700
6100,-60,1000,"sd","14:03:34",6485400
6100,-60,2200,"sd","14:03:34",6484400
6110,-50,100,"bu","14:03:27",6482200
6100,-60,200,"sd","14:03:15",6482100
6100,-60,1600,"sd","14:03:13",6481900
6100,-60,500,"sd","14:03:13",6480300
6100,-60,100,"sd","14:03:13",6479800
6100,-60,300,"sd","14:03:13",6479700
6100,-60,1000,"sd","14:03:13",6479400
6100,-60,300,"sd","14:03:13",6478400
6110,-50,100,"bu","14:02:50",6478100
6110,-50,600,"bu","14:02:50",6478000
6110,-50,100,"bu","14:02:49",6477400
6110,-50,1000,"bu","14:02:48",6477300
6110,-50,500,"bu","14:02:42",6476300
6110,-50,1900,"bu","14:02:36",6475800
6100,-60,8900,"bu","14:02:28",6473900
6100,-60,500,"bu","14:02:25",6465000
6100,-60,3000,"bu","14:02:24",6464500
6100,-60,500,"bu","14:02:24",6461500
6100,-60,1000,"bu","14:02:23",6461000
6100,-60,200,"bu","14:02:22",6460000
6100,-60,100,"bu","14:02:19",6459800
6100,-60,500,"bu","14:02:18",6459700
6100,-60,5000,"bu","14:02:12",6459200
6100,-60,300,"bu","14:02:07",6454200
6100,-60,100,"bu","14:02:07",6453900
6100,-60,1600,"bu","14:02:07",6453800
6090,-70,5000,"sd","14:02:07",6452200
6100,-60,400,"bu","14:02:05",6447200
6100,-60,1000,"bu","14:02:05",6446800
6100,-60,600,"bu","14:02:05",6445800
6100,-60,100,"bu","14:02:05",6445200
6100,-60,2900,"bu","14:02:05",6445100
6100,-60,500,"bu","14:02:01",6442200
6090,-70,4200,"bu","14:01:51",6441700
6090,-70,5000,"bu","14:01:51",6437500
6090,-70,800,"sd","14:01:46",6432500
6090,-70,1400,"bu","14:01:46",6431700
6090,-70,1000,"bu","14:01:46",6430300
6090,-70,3800,"bu","14:01:46",6429300
6090,-70,300,"bu","14:01:44",6425500
6090,-70,2200,"bu","14:01:41",6425200
6090,-70,1000,"bu","14:01:39",6423000
6090,-70,500,"bu","14:01:37",6422000
6090,-70,500,"bu","14:01:35",6421500
6090,-70,100,"bu","14:01:34",6421000
6090,-70,200,"bu","14:01:32",6420900
6080,-80,1000,"sd","14:01:32",6420700
6080,-80,100,"sd","14:01:32",6419700
6080,-80,400,"sd","14:01:32",6419600
6090,-70,5000,"bu","14:01:30",6419200
6090,-70,1200,"bu","14:01:21",6414200
6080,-80,600,"bu","14:01:16",6413000
6080,-80,1600,"bu","14:01:13",6412400
6080,-80,600,"bu","14:01:08",6410800
6080,-80,1000,"bu","14:01:08",6410200
6080,-80,800,"bu","14:01:08",6409200
6080,-80,200,"bu","14:01:08",6408400
6080,-80,1000,"bu","14:01:08",6408200
6080,-80,500,"bu","14:01:08",6407200
6080,-80,500,"bu","14:01:08",6406700
6080,-80,500,"bu","14:01:08",6406200
6080,-80,200,"bu","14:01:08",6405700
6080,-80,300,"bu","14:01:08",6405500
6080,-80,100,"bu","14:01:08",6405200
6080,-80,3000,"bu","14:01:08",6405100
6080,-80,200,"unknown","14:01:08",6402100
6080,-80,1000,"sd","14:01:08",6401900
6080,-80,500,"sd","14:01:08",6400900
6080,-80,2200,"sd","14:01:08",6400400
6090,-70,3000,"bu","14:00:55",6398200
6090,-70,300,"bu","14:00:52",6395200
6080,-80,200,"sd","14:00:50",6394900
6080,-80,1000,"sd","14:00:44",6394700
6080,-80,5900,"sd","14:00:41",6393700
6080,-80,100,"sd","14:00:41",6387800
6080,-80,1400,"bu","14:00:21",6387700
6080,-80,10000,"bu","14:00:17",6386300
6080,-80,900,"bu","14:00:14",6376300
6080,-80,400,"bu","14:00:13",6375400
6080,-80,3000,"bu","14:00:08",6375000
6080,-80,200,"bu","14:00:05",6372000
6080,-80,3000,"sd","14:00:02",6371800
6080,-80,100,"sd","14:00:02",6368800
6080,-80,15700,"sd","14:00:02",6368700
6090,-70,10000,"bu","13:59:59",6353000
6080,-80,1000,"bu","13:59:45",6343000
6080,-80,3300,"bu","13:59:45",6342000
6080,-80,100,"bu","13:59:40",6338700
6080,-80,400,"bu","13:59:32",6338600
6080,-80,1000,"bu","13:59:31",6338200
6080,-80,5000,"bu","13:59:27",6337200
6080,-80,5000,"bu","13:59:24",6332200
6080,-80,2000,"bu","13:59:16",6327200
6080,-80,20000,"bu","13:59:13",6325200
6080,-80,1000,"bu","13:59:04",6305200
6080,-80,1500,"bu","13:59:01",6304200
6080,-80,500,"sd","13:58:58",6302700
6080,-80,3200,"sd","13:58:58",6302200
6080,-80,6800,"bu","13:58:48",6299000
6070,-90,200,"sd","13:58:47",6292200
6080,-80,200,"bu","13:58:46",6292000
6080,-80,5000,"bu","13:58:44",6291800
6070,-90,2000,"sd","13:58:15",6286800
6070,-90,3000,"bu","13:57:50",6284800
6070,-90,200,"bu","13:57:50",6281800
6070,-90,1000,"bu","13:57:50",6281600
6070,-90,400,"bu","13:57:50",6280600
6070,-90,100,"bu","13:57:50",6280200
6060,-100,1000,"sd","13:57:36",6280100
6060,-100,900,"sd","13:57:19",6279100
6060,-100,1700,"bu","13:56:53",6278200
6060,-100,300,"bu","13:56:51",6276500
6070,-90,400,"bu","13:56:45",6276200
6070,-90,5300,"bu","13:56:45",6275800
6060,-100,4300,"bu","13:56:45",6270500
6060,-100,1200,"sd","13:56:43",6266200
6060,-100,500,"sd","13:56:43",6265000
6060,-100,100,"sd","13:56:43",6264500
6060,-100,500,"sd","13:56:43",6264400
6060,-100,200,"sd","13:56:43",6263900
6060,-100,100,"sd","13:56:43",6263700
6060,-100,500,"sd","13:56:43",6263600
6060,-100,200,"sd","13:56:43",6263100
6060,-100,2400,"sd","13:56:43",6262900
6060,-100,4000,"bu","13:55:56",6260500
6060,-100,3600,"bu","13:55:56",6256500
6060,-100,1000,"bu","13:55:55",6252900
6060,-100,300,"bu","13:55:55",6251900
6060,-100,2000,"bu","13:55:51",6251600
6060,-100,200,"bu","13:55:46",6249600
6060,-100,100,"bu","13:55:39",6249400
6060,-100,1000,"bu","13:55:38",6249300
6060,-100,2000,"bu","13:55:35",6248300
6060,-100,300,"bu","13:55:32",6246300
6060,-100,2500,"bu","13:55:30",6246000
6060,-100,100,"bu","13:55:29",6243500
6060,-100,2400,"bu","13:55:29",6243400
6060,-100,9700,"bu","13:55:25",6241000
6060,-100,5000,"bu","13:55:22",6231300
6060,-100,4300,"bu","13:55:20",6226300
6060,-100,100,"bu","13:55:20",6222000
6060,-100,600,"bu","13:55:20",6221900
6060,-100,2700,"bu","13:55:13",6221300
6060,-100,200,"bu","13:55:13",6218600
6060,-100,100,"bu","13:55:13",6218400
6060,-100,500,"bu","13:55:09",6218300
6060,-100,500,"bu","13:54:57",6217800
6060,-100,4800,"bu","13:54:40",6217300
6060,-100,200,"bu","13:54:38",6212500
6060,-100,400,"bu","13:54:32",6212300
6050,-110,300,"sd","13:54:29",6211900
6060,-100,300,"bu","13:54:12",6211600
6060,-100,100,"bu","13:53:55",6211300
6060,-100,1000,"bu","13:53:47",6211200
6060,-100,2000,"bu","13:53:38",6210200
6060,-100,100,"bu","13:53:30",6208200
6060,-100,100,"bu","13:53:21",6208100
6050,-110,1900,"sd","13:53:19",6208000
6050,-110,100,"sd","13:53:19",6206100
6050,-110,100,"sd","13:53:19",6206000
6050,-110,1000,"sd","13:53:19",6205900
6050,-110,100,"sd","13:53:19",6204900
6050,-110,1000,"sd","13:53:19",6204800
6050,-110,200,"sd","13:53:19",6203800
6050,-110,500,"sd","13:53:19",6203600
6050,-110,100,"sd","13:53:19",6203100
6060,-100,1900,"bu","13:53:14",6203000
6060,-100,8100,"bu","13:53:14",6201100
6060,-100,500,"bu","13:53:03",6193000
6060,-100,500,"bu","13:53:00",6192500
6060,-100,500,"bu","13:52:56",6192000
6060,-100,100,"bu","13:52:34",6191500
6050,-110,300,"sd","13:52:23",6191400
6050,-110,900,"sd","13:52:23",6191100
6050,-110,800,"sd","13:52:23",6190200
6060,-100,300,"bu","13:52:20",6189400
6060,-100,200,"bu","13:52:20",6189100
6060,-100,2000,"bu","13:52:11",6188900
6060,-100,800,"bu","13:52:05",6186900
6060,-100,1200,"bu","13:52:05",6186100
6060,-100,100,"bu","13:51:51",6184900
6050,-110,1200,"sd","13:51:37",6184800
6050,-110,100,"sd","13:51:37",6183600
6050,-110,100,"sd","13:51:37",6183500
6050,-110,800,"sd","13:51:37",6183400
6050,-110,200,"sd","13:51:37",6182600
6050,-110,700,"sd","13:51:37",6182400
6050,-110,1000,"sd","13:51:37",6181700
6050,-110,500,"sd","13:51:37",6180700
6050,-110,5000,"sd","13:51:37",6180200
6050,-110,300,"sd","13:51:37",6175200
6050,-110,100,"sd","13:51:37",6174900
6050,-110,6400,"sd","13:51:37",6174800
6060,-100,100,"bu","13:51:33",6168400
6060,-100,1000,"bu","13:51:31",6168300
6060,-100,100,"bu","13:51:26",6167300
6060,-100,700,"bu","13:51:03",6167200
6060,-100,800,"bu","13:50:32",6166500
6060,-100,1200,"bu","13:50:32",6165700
6050,-110,5000,"sd","13:50:29",6164500
6060,-100,200,"bu","13:50:25",6159500
6060,-100,3500,"bu","13:50:19",6159300
6060,-100,1000,"bu","13:50:12",6155800
6060,-100,100,"bu","13:50:07",6154800
6060,-100,4500,"bu","13:50:01",6154700
6060,-100,1000,"bu","13:50:00",6150200
6060,-100,500,"bu","13:49:54",6149200
6060,-100,2000,"bu","13:49:42",6148700
6060,-100,2000,"bu","13:49:40",6146700
6060,-100,2000,"bu","13:49:24",6144700
6060,-100,1000,"bu","13:49:16",6142700
6050,-110,100,"sd","13:49:13",6141700
6060,-100,1000,"bu","13:49:08",6141600
6060,-100,100,"bu","13:48:55",6140600
6060,-100,500,"sd","13:48:55",6140500
6060,-100,100,"sd","13:48:55",6140000
6060,-100,100,"sd","13:48:55",6139900
6060,-100,900,"sd","13:48:55",6139800
6060,-100,4100,"sd","13:48:55",6138900
6070,-90,2000,"bu","13:48:50",6134800
6060,-100,100,"bu","13:48:43",6132800
6060,-100,700,"bu","13:48:43",6132700
6060,-100,100,"bu","13:48:43",6132000
6060,-100,200,"bu","13:48:40",6131900
6060,-100,1000,"bu","13:48:31",6131700
6050,-110,500,"bu","13:48:30",6130700
6050,-110,1000,"bu","13:48:28",6130200
6050,-110,100,"bu","13:48:20",6129200
6050,-110,2000,"bu","13:48:20",6129100
6050,-110,1000,"sd","13:48:15",6127100
6050,-110,2500,"sd","13:48:15",6126100
6050,-110,5000,"sd","13:48:15",6123600
6050,-110,5000,"sd","13:48:15",6118600
6050,-110,200,"sd","13:48:15",6113600
6050,-110,700,"sd","13:48:15",6113400
6050,-110,500,"sd","13:48:15",6112700
6050,-110,200,"sd","13:48:15",6112200
6050,-110,200,"sd","13:48:15",6112000
6050,-110,500,"sd","13:48:15",6111800
6050,-110,500,"sd","13:48:15",6111300
6050,-110,200,"sd","13:48:15",6110800
6050,-110,100,"sd","13:48:15",6110600
6050,-110,500,"sd","13:48:15",6110500
6050,-110,5000,"sd","13:48:15",6110000
6050,-110,300,"sd","13:48:15",6105000
6050,-110,100,"sd","13:48:15",6104700
6050,-110,200,"sd","13:48:15",6104600
6050,-110,500,"sd","13:48:15",6104400
6050,-110,5000,"sd","13:48:15",6103900
6050,-110,3000,"sd","13:48:15",6098900
6050,-110,500,"sd","13:48:15",6095900
6050,-110,1000,"sd","13:48:15",6095400
6050,-110,1200,"sd","13:48:15",6094400
6050,-110,700,"sd","13:48:15",6093200
6050,-110,1000,"sd","13:48:15",6092500
6060,-100,1000,"sd","13:48:15",6091500
6060,-100,1000,"sd","13:48:15",6090500
6060,-100,3000,"sd","13:48:15",6089500
6060,-100,100,"sd","13:48:15",6086500
6060,-100,3000,"sd","13:48:15",6086400
6060,-100,800,"sd","13:48:15",6083400
6060,-100,8500,"sd","13:48:15",6082600
6060,-100,10000,"sd","13:48:15",6074100
6060,-100,600,"sd","13:48:15",6064100
6060,-100,500,"sd","13:48:15",6063500
6060,-100,500,"sd","13:48:15",6063000
6060,-100,100,"sd","13:48:15",6062500
6060,-100,1000,"sd","13:48:15",6062400
6060,-100,700,"sd","13:48:15",6061400
6070,-90,200,"bu","13:48:14",6060700
6070,-90,100,"bu","13:48:05",6060500
6070,-90,400,"bu","13:48:02",6060400
6070,-90,200,"bu","13:48:02",6060000
6070,-90,200,"sd","13:47:52",6059800
6070,-90,100,"sd","13:47:52",6059600
6070,-90,1500,"sd","13:47:52",6059500
6070,-90,500,"bu","13:47:38",6058000
6070,-90,100,"bu","13:47:37",6057500
6070,-90,400,"sd","13:47:35",6057400
6070,-90,500,"bu","13:47:30",6057000
6070,-90,100,"bu","13:47:30",6056500
6060,-100,1100,"sd","13:47:23",6056400
6070,-90,1000,"sd","13:47:05",6055300
6070,-90,3000,"sd","13:47:05",6054300
6070,-90,100,"sd","13:47:05",6051300
6070,-90,1000,"sd","13:47:05",6051200
6070,-90,100,"sd","13:47:05",6050200
6070,-90,3500,"sd","13:47:05",6050100
6080,-80,100,"bu","13:47:04",6046600
6080,-80,2000,"bu","13:46:58",6046500
6080,-80,100,"bu","13:46:54",6044500
6070,-90,200,"sd","13:46:54",6044400
6080,-80,100,"bu","13:46:54",6044200
6080,-80,200,"bu","13:46:50",6044100
6080,-80,100,"bu","13:46:47",6043900
6070,-90,1300,"sd","13:46:46",6043800
6070,-90,500,"sd","13:46:46",6042500
6070,-90,2000,"sd","13:46:46",6042000
6070,-90,500,"sd","13:46:46",6040000
6080,-80,300,"bu","13:46:32",6039500
6070,-90,500,"sd","13:46:32",6039200
6070,-90,100,"sd","13:46:32",6038700
6070,-90,400,"sd","13:46:32",6038600
6080,-80,400,"bu","13:46:31",6038200
6080,-80,300,"bu","13:46:17",6037800
6070,-90,300,"sd","13:46:02",6037500
6070,-90,9600,"sd","13:46:02",6037200
6070,-90,100,"sd","13:46:02",6027600
6080,-80,100,"sd","13:45:58",6027500
6080,-80,500,"sd","13:45:58",6027400
6080,-80,100,"sd","13:45:58",6026900
6080,-80,200,"sd","13:45:58",6026800
6080,-80,100,"sd","13:45:58",6026600
6090,-70,3100,"bu","13:45:52",6026500
6090,-70,400,"bu","13:45:52",6023400
6080,-80,200,"sd","13:45:46",6023000
6080,-80,100,"sd","13:45:46",6022800
6080,-80,200,"sd","13:45:46",6022700
6080,-80,800,"sd","13:45:25",6022500
6080,-80,200,"sd","13:45:25",6021700
6080,-80,700,"sd","13:45:12",6021500
6080,-80,200,"sd","13:45:12",6020800
6080,-80,100,"sd","13:45:12",6020600
6080,-80,300,"sd","13:45:12",6020500
6080,-80,200,"sd","13:45:12",6020200
6080,-80,3000,"sd","13:45:12",6020000
6080,-80,100,"sd","13:45:12",6017000
6080,-80,400,"sd","13:45:12",6016900
6090,-70,500,"bu","13:45:08",6016500
6090,-70,100,"bu","13:45:00",6016000
6090,-70,100,"sd","13:44:51",6015900
6090,-70,3000,"sd","13:44:51",6015800
6090,-70,500,"sd","13:44:51",6012800
6090,-70,1000,"sd","13:44:51",6012300
6090,-70,800,"sd","13:44:51",6011300
6090,-70,100,"sd","13:44:51",6010500
6090,-70,100,"sd","13:44:51",6010400
6090,-70,200,"sd","13:44:51",6010300
6090,-70,6000,"sd","13:44:51",6010100
6090,-70,5000,"sd","13:44:51",6004100
6090,-70,500,"sd","13:44:51",5999100
6090,-70,5000,"sd","13:44:51",5998600
6090,-70,500,"sd","13:44:51",5993600
6090,-70,500,"sd","13:44:51",5993100
6090,-70,2000,"sd","13:44:51",5992600
6090,-70,100,"sd","13:44:51",5990600
6090,-70,14800,"sd","13:44:51",5990500
6100,-60,100,"sd","13:44:46",5975700
6100,-60,200,"bu","13:44:45",5975600
6100,-60,200,"bu","13:44:45",5975400
6100,-60,100,"sd","13:44:39",5975200
6100,-60,700,"sd","13:44:39",5975100
6110,-50,1000,"bu","13:44:36",5974400
6110,-50,100,"bu","13:44:29",5973400
6100,-60,300,"sd","13:44:26",5973300
6100,-60,100,"sd","13:44:26",5973000
6100,-60,10000,"sd","13:44:26",5972900
6100,-60,1300,"sd","13:44:26",5962900
6100,-60,3600,"sd","13:44:21",5961600
6100,-60,600,"sd","13:44:21",5958000
6100,-60,800,"sd","13:44:21",5957400
6100,-60,200,"sd","13:44:18",5956600
6110,-50,2000,"bu","13:44:17",5956400
6100,-60,2500,"sd","13:43:59",5954400
6100,-60,500,"sd","13:43:59",5951900
6120,-40,100,"bu","13:43:44",5951400
6120,-40,1000,"bu","13:43:44",5951300
6120,-40,900,"bu","13:43:44",5950300
6120,-40,2300,"bu","13:43:44",5949400
6110,-50,500,"bu","13:43:44",5947100
6100,-60,500,"sd","13:43:42",5946600
6100,-60,500,"sd","13:43:42",5946100
6100,-60,1000,"sd","13:43:39",5945600
6100,-60,100,"sd","13:43:39",5944600
6100,-60,1500,"sd","13:43:39",5944500
6100,-60,5000,"sd","13:43:39",5943000
6100,-60,2000,"sd","13:43:39",5938000
6100,-60,500,"sd","13:43:39",5936000
6100,-60,200,"sd","13:43:39",5935500
6100,-60,32100,"sd","13:43:39",5935300
6100,-60,1000,"sd","13:43:39",5903200
6100,-60,3100,"sd","13:43:39",5902200
6100,-60,1000,"sd","13:43:39",5899100
6100,-60,300,"sd","13:43:39",5898100
6100,-60,100,"sd","13:43:39",5897800
6100,-60,100,"sd","13:43:39",5897700
6100,-60,2000,"sd","13:43:39",5897600
6100,-60,500,"sd","13:43:38",5895600
6110,-50,1000,"bu","13:43:38",5895100
6120,-40,5000,"bu","13:43:24",5894100
6120,-40,300,"bu","13:43:22",5889100
6100,-60,17400,"sd","13:43:21",5888800
6100,-60,200,"sd","13:43:21",5871400
6100,-60,100,"sd","13:43:21",5871200
6100,-60,200,"sd","13:43:21",5871100
6100,-60,39800,"sd","13:43:21",5870900
6110,-50,100,"sd","13:43:21",5831100
6110,-50,1700,"sd","13:43:21",5831000
6110,-50,300,"sd","13:43:21",5829300
6110,-50,200,"sd","13:43:21",5829000
6120,-40,200,"bu","13:43:19",5828800
6120,-40,100,"bu","13:43:11",5828600
6120,-40,100,"bu","13:42:51",5828500
6100,-60,17500,"sd","13:42:39",5828400
6110,-50,100,"sd","13:42:39",5810900
6110,-50,2000,"sd","13:42:39",5810800
6110,-50,100,"sd","13:42:38",5808800
6110,-50,1300,"sd","13:42:38",5808700
6110,-50,200,"sd","13:42:24",5807400
6110,-50,100,"sd","13:42:13",5807200
6110,-50,400,"sd","13:42:12",5807100
6120,-40,100,"bu","13:42:12",5806700
6120,-40,4000,"bu","13:42:11",5806600
6120,-40,100,"bu","13:42:08",5802600
6120,-40,300,"sd","13:42:04",5802500
6120,-40,2000,"sd","13:42:04",5802200
6120,-40,4500,"sd","13:42:04",5800200
6130,-30,1000,"sd","13:42:04",5795700
6140,-20,1000,"bu","13:41:53",5794700
6140,-20,100,"bu","13:41:53",5793700
6140,-20,600,"bu","13:41:53",5793600
6130,-30,500,"unknown","13:41:53",5793000
6130,-30,2800,"unknown","13:41:53",5792500
6140,-20,5000,"bu","13:41:53",5789700
6120,-40,500,"sd","13:41:44",5784700
6120,-40,3000,"sd","13:41:44",5784200
6120,-40,400,"sd","13:41:44",5781200
6120,-40,100,"sd","13:41:44",5780800
6120,-40,1000,"sd","13:41:44",5780700
6120,-40,100,"sd","13:41:44",5779700
6120,-40,4900,"sd","13:41:44",5779600
6130,-30,100,"bu","13:41:43",5774700
6130,-30,1000,"sd","13:41:37",5774600
6130,-30,500,"sd","13:41:37",5773600
6130,-30,3500,"sd","13:41:37",5773100
6130,-30,100,"sd","13:41:37",5769600
6130,-30,3000,"sd","13:41:35",5769500
6130,-30,100,"sd","13:41:31",5766500
6130,-30,100,"sd","13:41:21",5766400
6130,-30,1000,"sd","13:41:17",5766300
6130,-30,200,"sd","13:41:17",5765300
6130,-30,1000,"sd","13:41:17",5765100
6130,-30,500,"sd","13:41:17",5764100
6130,-30,100,"sd","13:41:15",5763600
6130,-30,100,"sd","13:41:07",5763500
6130,-30,100,"sd","13:40:49",5763400
6130,-30,3000,"bu","13:40:42",5763300
6130,-30,300,"bu","13:40:42",5760300
6130,-30,900,"bu","13:40:42",5760000
6130,-30,1000,"bu","13:40:34",5759100
6120,-40,5000,"sd","13:40:32",5758100
6130,-30,1500,"bu","13:40:31",5753100
6130,-30,100,"bu","13:40:28",5751600
6120,-40,100,"sd","13:40:24",5751500
6120,-40,300,"sd","13:40:22",5751400
6120,-40,1500,"bu","13:40:06",5751100
6110,-50,100,"sd","13:40:04",5749600
6110,-50,100,"sd","13:40:04",5749500
6110,-50,400,"sd","13:40:04",5749400
6110,-50,100,"sd","13:39:56",5749000
6120,-40,200,"bu","13:39:55",5748900
6120,-40,2000,"bu","13:39:53",5748700
6110,-50,1000,"sd","13:39:53",5746700
6120,-40,300,"bu","13:39:52",5745700
6120,-40,500,"bu","13:39:44",5745400
6120,-40,2000,"bu","13:39:44",5744900
6120,-40,200,"bu","13:39:44",5742900
6120,-40,1000,"bu","13:39:44",5742700
6120,-40,1300,"bu","13:39:44",5741700
6120,-40,700,"bu","13:39:43",5740400
6120,-40,200,"bu","13:39:43",5739700
6120,-40,1100,"bu","13:39:43",5739500
6120,-40,900,"bu","13:39:42",5738400
6120,-40,1100,"bu","13:39:42",5737500
6120,-40,100,"bu","13:39:35",5736400
6120,-40,300,"bu","13:39:34",5736300
6110,-50,8500,"bu","13:39:19",5736000
6110,-50,2000,"bu","13:39:19",5727500
6110,-50,1000,"bu","13:39:18",5725500
6110,-50,3000,"bu","13:39:16",5724500
6110,-50,100,"bu","13:39:14",5721500
6110,-50,1800,"bu","13:39:14",5721400
6110,-50,200,"bu","13:39:14",5719600
6100,-60,1300,"bu","13:39:03",5719400
6100,-60,100,"bu","13:39:03",5718100
6100,-60,400,"bu","13:39:03",5718000
6100,-60,30000,"bu","13:39:03",5717600
6100,-60,200,"bu","13:39:03",5687600
6100,-60,25000,"bu","13:39:03",5687400
6100,-60,3700,"bu","13:39:03",5662400
6100,-60,100,"bu","13:39:02",5658700
6100,-60,200,"bu","13:39:02",5658600
6100,-60,200,"bu","13:39:02",5658400
6100,-60,800,"bu","13:39:01",5658200
6100,-60,1000,"bu","13:39:01",5657400
6100,-60,100,"bu","13:39:01",5656400
6100,-60,100,"bu","13:39:01",5656300
6100,-60,1000,"bu","13:39:01",5656200
6100,-60,1000,"bu","13:39:01",5655200
6100,-60,1000,"bu","13:39:01",5654200
6100,-60,300,"bu","13:38:59",5653200
6100,-60,200,"bu","13:38:54",5652900
6100,-60,1500,"bu","13:38:48",5652700
6100,-60,1000,"bu","13:38:48",5651200
6100,-60,100,"bu","13:38:48",5650200
6100,-60,2400,"bu","13:38:48",5650100
6100,-60,100,"bu","13:38:44",5647700
6100,-60,1000,"bu","13:38:42",5647600
6100,-60,100,"bu","13:38:40",5646600
6100,-60,100,"bu","13:38:35",5646500
6100,-60,200,"bu","13:38:24",5646400
6090,-70,3000,"sd","13:38:14",5646200
6090,-70,1500,"sd","13:38:07",5643200
6090,-70,2000,"sd","13:37:50",5641700
6090,-70,2400,"sd","13:37:41",5639700
6100,-60,600,"bu","13:37:40",5637300
6100,-60,300,"bu","13:37:33",5636700
6100,-60,200,"bu","13:37:29",5636400
6100,-60,200,"bu","13:37:26",5636200
6100,-60,300,"bu","13:37:24",5636000
6100,-60,500,"bu","13:37:22",5635700
6100,-60,2000,"bu","13:37:22",5635200
6100,-60,500,"bu","13:37:22",5633200
6100,-60,100,"bu","13:37:22",5632700
6100,-60,1800,"bu","13:37:22",5632600
6090,-70,1200,"sd","13:37:22",5630800
6100,-60,600,"bu","13:37:20",5629600
6100,-60,2600,"bu","13:37:17",5629000
6100,-60,500,"bu","13:37:17",5626400
6100,-60,1900,"bu","13:37:17",5625900
6100,-60,1300,"bu","13:37:14",5624000
6100,-60,100,"bu","13:37:13",5622700
6100,-60,100,"bu","13:37:09",5622600
6090,-70,900,"sd","13:36:58",5622500
6100,-60,1600,"bu","13:36:57",5621600
6100,-60,300,"bu","13:36:57",5620000
6100,-60,200,"bu","13:36:46",5619700
6090,-70,1000,"sd","13:36:39",5619500
6090,-70,10000,"sd","13:36:31",5618500
6090,-70,500,"bu","13:36:31",5608500
6090,-70,200,"bu","13:36:31",5608000
6090,-70,400,"bu","13:36:31",5607800
6090,-70,200,"bu","13:36:31",5607400
6090,-70,100,"bu","13:36:31",5607200
6090,-70,1800,"bu","13:36:31",5607100
6090,-70,100,"bu","13:36:28",5605300
6090,-70,1000,"bu","13:36:22",5605200
6090,-70,1000,"bu","13:36:15",5604200
6090,-70,1000,"bu","13:36:10",5603200
6080,-80,100,"sd","13:36:08",5602200
6090,-70,500,"bu","13:36:06",5602100
6090,-70,1000,"bu","13:36:03",5601600
6080,-80,500,"bu","13:35:56",5600600
6080,-80,600,"bu","13:35:56",5600100
6080,-80,4000,"bu","13:35:54",5599500
6080,-80,2000,"bu","13:35:49",5595500
6060,-100,200,"sd","13:35:47",5593500
6060,-100,100,"sd","13:35:47",5593300
6070,-90,100,"sd","13:35:47",5593200
6070,-90,100,"sd","13:35:47",5593100
6070,-90,1000,"sd","13:35:47",5593000
6070,-90,200,"bu","13:35:46",5592000
6070,-90,200,"bu","13:35:46",5591800
6070,-90,1500,"bu","13:35:46",5591600
6070,-90,400,"bu","13:35:43",5590100
6070,-90,2100,"bu","13:35:42",5589700
6070,-90,400,"bu","13:35:42",5587600
6070,-90,19600,"bu","13:35:39",5587200
6070,-90,1200,"bu","13:35:39",5567600
6070,-90,2200,"bu","13:35:39",5566400
6070,-90,400,"bu","13:35:36",5564200
6070,-90,600,"bu","13:35:36",5563800
6070,-90,1000,"bu","13:35:31",5563200
6060,-100,100,"sd","13:35:29",5562200
6070,-90,1000,"bu","13:35:26",5562100
6070,-90,500,"bu","13:35:26",5561100
6060,-100,100,"sd","13:35:13",5560600
6060,-100,100,"bu","13:35:11",5560500
6060,-100,100,"bu","13:35:11",5560400
6050,-110,1700,"sd","13:35:00",5560300
6050,-110,300,"sd","13:35:00",5558600
6050,-110,1000,"bu","13:35:00",5558300
6050,-110,200,"bu","13:35:00",5557300
6050,-110,300,"bu","13:35:00",5557100
6050,-110,500,"bu","13:35:00",5556800
6050,-110,2700,"bu","13:35:00",5556300
6050,-110,1000,"bu","13:34:58",5553600
6050,-110,100,"bu","13:34:57",5552600
6050,-110,1000,"bu","13:34:57",5552500
6050,-110,200,"bu","13:34:56",5551500
6050,-110,300,"bu","13:34:56",5551300
6050,-110,500,"bu","13:34:56",5551000
6050,-110,500,"bu","13:34:56",5550500
6050,-110,1500,"bu","13:34:56",5550000
6050,-110,500,"bu","13:34:56",5548500
6050,-110,1000,"bu","13:34:56",5548000
6050,-110,200,"bu","13:34:55",5547000
6050,-110,8800,"bu","13:34:55",5546800
6050,-110,1200,"bu","13:34:55",5538000
6050,-110,1000,"bu","13:34:54",5536800
6050,-110,800,"bu","13:34:54",5535800
6050,-110,600,"bu","13:34:54",5535000
6050,-110,200,"bu","13:34:54",5534400
6050,-110,300,"bu","13:34:54",5534200
6050,-110,100,"bu","13:34:54",5533900
6050,-110,1000,"bu","13:34:54",5533800
6050,-110,1500,"bu","13:34:54",5532800
6050,-110,400,"bu","13:34:52",5531300
6050,-110,300,"bu","13:34:52",5530900
6050,-110,2200,"bu","13:34:52",5530600
6050,-110,100,"bu","13:34:51",5528400
6050,-110,10000,"bu","13:34:51",5528300
6050,-110,500,"bu","13:34:51",5518300
6050,-110,1600,"bu","13:34:51",5517800
6050,-110,34900,"bu","13:34:51",5516200
6050,-110,7000,"bu","13:34:50",5481300
6050,-110,900,"bu","13:34:49",5474300
6040,-120,1000,"sd","13:34:48",5473400
6050,-110,200,"bu","13:34:47",5472400
6050,-110,200,"bu","13:34:47",5472200
6050,-110,5100,"bu","13:34:47",5472000
6050,-110,500,"bu","13:34:46",5466900
6050,-110,1000,"bu","13:34:44",5466400
6050,-110,1500,"bu","13:34:43",5465400
6050,-110,1000,"bu","13:34:42",5463900
6050,-110,2000,"bu","13:34:41",5462900
6050,-110,500,"bu","13:34:40",5460900
6050,-110,300,"bu","13:34:39",5460400
6050,-110,10000,"bu","13:34:39",5460100
6050,-110,200,"bu","13:34:39",5450100
6050,-110,400,"bu","13:34:35",5449900
6050,-110,5000,"bu","13:34:35",5449500
6050,-110,10000,"bu","13:34:31",5444500
6050,-110,200,"bu","13:34:30",5434500
6050,-110,200,"bu","13:34:28",5434300
6050,-110,200,"bu","13:34:25",5434100
6050,-110,3000,"bu","13:34:25",5433900
6050,-110,5000,"bu","13:34:23",5430900
6050,-110,500,"bu","13:34:22",5425900
6050,-110,10000,"bu","13:34:19",5425400
6050,-110,100,"bu","13:34:19",5415400
6050,-110,100,"bu","13:34:17",5415300
6050,-110,100,"bu","13:34:03",5415200
6050,-110,100,"bu","13:34:03",5415100
6050,-110,100,"bu","13:34:03",5415000
6040,-120,200,"sd","13:34:03",5414900
6040,-120,100,"sd","13:34:02",5414700
6040,-120,2100,"sd","13:34:02",5414600
6040,-120,1500,"sd","13:34:02",5412500
6040,-120,5700,"sd","13:33:46",5411000
6040,-120,4000,"sd","13:33:24",5405300
6040,-120,1000,"sd","13:33:24",5401300
6040,-120,1200,"sd","13:33:18",5400300
6040,-120,5000,"sd","13:33:18",5399100
6040,-120,500,"sd","13:33:18",5394100
6040,-120,10000,"sd","13:33:18",5393600
6040,-120,200,"sd","13:33:18",5383600
6040,-120,400,"sd","13:33:18",5383400
6040,-120,11500,"sd","13:33:18",5383000
6040,-120,8000,"bu","13:33:18",5371500
6040,-120,8000,"bu","13:33:18",5363500
6040,-120,2000,"bu","13:33:13",5355500
6040,-120,500,"bu","13:33:12",5353500
6040,-120,5000,"bu","13:33:08",5353000
6040,-120,15000,"bu","13:33:05",5348000
6040,-120,300,"bu","13:33:01",5333000
6030,-130,1400,"sd","13:32:55",5332700
6030,-130,100,"sd","13:32:55",5331300
6030,-130,3000,"sd","13:32:55",5331200
6030,-130,400,"sd","13:32:55",5328200
6030,-130,100,"sd","13:32:55",5327800
6020,-140,2000,"sd","13:32:38",5327700
6020,-140,100,"sd","13:32:38",5325700
6020,-140,5000,"sd","13:32:38",5325600
6020,-140,500,"sd","13:32:38",5320600
6020,-140,4000,"sd","13:32:38",5320100
6020,-140,400,"sd","13:32:38",5316100
6020,-140,200,"sd","13:32:38",5315700
6020,-140,200,"sd","13:32:38",5315500
6020,-140,1000,"sd","13:32:38",5315300
6020,-140,100,"sd","13:32:38",5314300
6020,-140,1900,"sd","13:32:38",5314200
6020,-140,200,"sd","13:32:38",5312300
6020,-140,600,"sd","13:32:38",5312100
6020,-140,1800,"sd","13:32:38",5311500
6020,-140,100,"sd","13:32:38",5309700
6030,-130,4700,"sd","13:32:38",5309600
6020,-140,3600,"sd","13:32:38",5304900
6020,-140,100,"sd","13:32:38",5301300
6020,-140,300,"sd","13:32:38",5301200
6020,-140,200,"sd","13:32:38",5300900
6020,-140,2000,"sd","13:32:38",5300700
6020,-140,1000,"sd","13:32:38",5298700
6030,-130,300,"bu","13:32:37",5297700
6030,-130,500,"bu","13:32:35",5297400
6030,-130,2000,"sd","13:32:30",5296900
6030,-130,700,"sd","13:32:30",5294900
6030,-130,200,"sd","13:32:30",5294200
6030,-130,500,"sd","13:32:30",5294000
6030,-130,800,"sd","13:32:30",5293500
6030,-130,300,"sd","13:32:25",5292700
6030,-130,900,"sd","13:32:19",5292400
6030,-130,700,"sd","13:32:19",5291500
6030,-130,300,"sd","13:32:19",5290800
6030,-130,100,"sd","13:32:19",5290500
6030,-130,100,"sd","13:32:00",5290400
6030,-130,2000,"bu","13:31:52",5290300
6030,-130,3000,"bu","13:31:52",5288300
6030,-130,1000,"bu","13:31:52",5285300
6030,-130,100,"bu","13:31:47",5284300
6030,-130,1000,"bu","13:31:46",5284200
6030,-130,200,"bu","13:31:36",5283200
6030,-130,800,"bu","13:31:36",5283000
6030,-130,2000,"bu","13:31:36",5282200
6030,-130,100,"bu","13:31:36",5280200
6030,-130,1100,"bu","13:31:34",5280100
6030,-130,2700,"bu","13:31:34",5279000
6030,-130,200,"bu","13:31:28",5276300
6030,-130,700,"bu","13:31:20",5276100
6030,-130,1000,"bu","13:31:11",5275400
6030,-130,500,"bu","13:31:11",5274400
6020,-140,200,"sd","13:31:05",5273900
6020,-140,100,"sd","13:31:05",5273700
6030,-130,100,"bu","13:30:56",5273600
6030,-130,500,"bu","13:30:55",5273500
6030,-130,5000,"bu","13:30:52",5273000
6030,-130,200,"bu","13:30:49",5268000
6020,-140,300,"sd","13:30:48",5267800
6020,-140,10000,"sd","13:30:48",5267500
6020,-140,1000,"sd","13:30:48",5257500
6020,-140,5000,"sd","13:30:48",5256500
6020,-140,500,"sd","13:30:48",5251500
6020,-140,2000,"sd","13:30:48",5251000
6020,-140,100,"sd","13:30:48",5249000
6020,-140,300,"sd","13:30:48",5248900
6020,-140,100,"sd","13:30:48",5248600
6020,-140,700,"sd","13:30:48",5248500
6030,-130,700,"bu","13:30:45",5247800
6030,-130,4500,"bu","13:30:45",5247100
6030,-130,1900,"bu","13:30:45",5242600
6030,-130,4100,"bu","13:30:45",5240700
6030,-130,1000,"bu","13:30:27",5236600
6020,-140,1300,"sd","13:30:26",5235600
6020,-140,700,"sd","13:30:26",5234300
6020,-140,100,"sd","13:30:26",5233600
6020,-140,200,"sd","13:30:21",5233500
6020,-140,900,"sd","13:30:21",5233300
6020,-140,6900,"sd","13:30:21",5232400
6020,-140,100,"sd","13:30:18",5225500
6020,-140,1000,"sd","13:30:13",5225400
6030,-130,2000,"bu","13:30:13",5224400
6020,-140,1000,"sd","13:30:07",5222400
6020,-140,1000,"sd","13:29:45",5221400
6020,-140,500,"sd","13:29:45",5220400
6020,-140,1000,"sd","13:29:45",5219900
6020,-140,200,"sd","13:29:45",5218900
6020,-140,500,"sd","13:29:45",5218700
6020,-140,1800,"sd","13:29:45",5218200
6030,-130,200,"bu","13:29:44",5216400
6020,-140,2000,"sd","13:29:32",5216200
6020,-140,2600,"sd","13:29:32",5214200
6020,-140,400,"sd","13:29:30",5211600
6020,-140,900,"sd","13:29:28",5211200
6020,-140,5000,"sd","13:29:28",5210300
6020,-140,2100,"sd","13:29:28",5205300
6020,-140,2900,"sd","13:29:27",5203200
6020,-140,100,"sd","13:29:27",5200300
6030,-130,1000,"bu","13:29:23",5200200
6020,-140,600,"sd","13:29:17",5199200
6020,-140,200,"sd","13:29:11",5198600
6030,-130,1700,"sd","13:29:07",5198400
6030,-130,1000,"bu","13:29:06",5196700
6030,-130,1000,"bu","13:29:04",5195700
6030,-130,200,"sd","13:28:57",5194700
6030,-130,100,"sd","13:28:57",5194500
6030,-130,700,"sd","13:28:57",5194400
6030,-130,500,"sd","13:28:56",5193700
6030,-130,300,"sd","13:28:53",5193200
6030,-130,100,"sd","13:28:53",5192900
6030,-130,1000,"sd","13:28:53",5192800
6030,-130,3000,"sd","13:28:53",5191800
6030,-130,200,"sd","13:28:53",5188800
6030,-130,5600,"sd","13:28:53",5188600
6030,-130,400,"sd","13:28:44",5183000
6030,-130,500,"sd","13:28:34",5182600
6030,-130,2600,"sd","13:28:22",5182100
6030,-130,900,"sd","13:28:16",5179500
6030,-130,100,"sd","13:28:16",5178600
6030,-130,200,"sd","13:28:11",5178500
6030,-130,1500,"sd","13:28:11",5178300
6030,-130,100,"sd","13:28:11",5176800
6030,-130,2000,"sd","13:28:11",5176700
6030,-130,200,"sd","13:28:11",5174700
6030,-130,200,"sd","13:28:11",5174500
6030,-130,2800,"sd","13:28:11",5174300
6030,-130,2200,"sd","13:28:09",5171500
6030,-130,700,"sd","13:28:09",5169300
6030,-130,1500,"sd","13:28:09",5168600
6030,-130,1000,"sd","13:28:09",5167100
6030,-130,3000,"sd","13:28:09",5166100
6030,-130,300,"sd","13:28:09",5163100
6030,-130,300,"sd","13:28:09",5162800
6030,-130,700,"sd","13:28:06",5162500
6030,-130,100,"sd","13:28:06",5161800
6030,-130,1000,"sd","13:28:06",5161700
6030,-130,100,"sd","13:28:06",5160700
6030,-130,100,"sd","13:28:06",5160600
6030,-130,1000,"sd","13:28:05",5160500
6040,-120,200,"bu","13:28:04",5159500
6030,-130,500,"sd","13:27:18",5159300
6030,-130,1500,"sd","13:27:13",5158800
6030,-130,100,"sd","13:27:13",5157300
6030,-130,400,"sd","13:27:13",5157200
6030,-130,100,"sd","13:27:06",5156800
6030,-130,300,"sd","13:27:06",5156700
6030,-130,700,"sd","13:27:03",5156400
6030,-130,300,"sd","13:27:03",5155700
6030,-130,300,"sd","13:26:54",5155400
6030,-130,1000,"sd","13:26:48",5155100
6030,-130,1000,"sd","13:26:38",5154100
6030,-130,1000,"sd","13:26:30",5153100
6030,-130,1700,"sd","13:26:29",5152100
6030,-130,2500,"sd","13:26:28",5150400
6030,-130,2000,"bu","13:26:22",5147900
6030,-130,900,"bu","13:26:22",5145900
6030,-130,6000,"bu","13:26:22",5145000
6030,-130,9300,"bu","13:26:22",5139000
6020,-140,100,"sd","13:26:03",5129700
6030,-130,700,"bu","13:26:02",5129600
6030,-130,5000,"bu","13:26:01",5128900
6030,-130,400,"bu","13:26:00",5123900
6030,-130,600,"bu","13:26:00",5123500
6030,-130,2000,"bu","13:25:49",5122900
6020,-140,1300,"sd","13:25:48",5120900
6030,-130,4500,"bu","13:25:26",5119600
6030,-130,500,"bu","13:25:26",5115100
6020,-140,2800,"sd","13:25:09",5114600
6020,-140,3000,"sd","13:25:09",5111800
6020,-140,3000,"sd","13:25:09",5108800
6020,-140,900,"sd","13:25:09",5105800
6020,-140,100,"sd","13:25:09",5104900
6020,-140,100,"sd","13:25:09",5104800
6020,-140,100,"sd","13:25:09",5104700
6020,-140,100,"sd","13:25:03",5104600
6020,-140,300,"sd","13:25:02",5104500
6030,-130,400,"bu","13:25:01",5104200
6020,-140,4500,"sd","13:24:58",5103800
6020,-140,500,"sd","13:24:58",5099300
6030,-130,100,"bu","13:24:52",5098800
6030,-130,500,"bu","13:24:47",5098700
6030,-130,3500,"bu","13:24:47",5098200
6030,-130,4000,"bu","13:24:44",5094700
6030,-130,100,"bu","13:24:38",5090700
6030,-130,200,"bu","13:24:38",5090600
6030,-130,100,"bu","13:24:32",5090400
6030,-130,100,"bu","13:24:25",5090300
6030,-130,2000,"bu","13:24:16",5090200
6030,-130,2000,"bu","13:24:15",5088200
6020,-140,10000,"sd","13:24:15",5086200
6030,-130,100,"sd","13:24:13",5076200
6030,-130,1000,"sd","13:24:13",5076100
6030,-130,1000,"sd","13:24:13",5075100
6030,-130,100,"sd","13:24:13",5074100
6030,-130,800,"sd","13:24:13",5074000
6030,-130,200,"sd","13:24:13",5073200
6030,-130,100,"sd","13:24:13",5073000
6030,-130,100,"sd","13:24:13",5072900
6030,-130,100,"sd","13:24:13",5072800
6030,-130,900,"sd","13:24:09",5072700
6030,-130,700,"sd","13:24:09",5071800
6030,-130,100,"sd","13:24:09",5071100
6030,-130,300,"sd","13:24:09",5071000
6030,-130,100,"sd","13:24:04",5070700
6030,-130,500,"sd","13:23:55",5070600
6030,-130,700,"sd","13:23:39",5070100
6030,-130,4500,"sd","13:23:39",5069400
6030,-130,100,"sd","13:23:34",5064900
6030,-130,10000,"sd","13:23:23",5064800
6040,-120,400,"bu","13:23:14",5054800
6030,-130,2300,"sd","13:23:06",5054400
6030,-130,2500,"sd","13:23:04",5052100
6030,-130,1000,"sd","13:23:03",5049600
6030,-130,5000,"sd","13:22:54",5048600
6030,-130,1000,"bu","13:22:46",5043600
6030,-130,700,"bu","13:22:46",5042600
6030,-130,1300,"bu","13:22:46",5041900
6020,-140,2000,"sd","13:22:38",5040600
6020,-140,300,"sd","13:22:24",5038600
6030,-130,800,"bu","13:22:17",5038300
6030,-130,1700,"bu","13:22:13",5037500
6030,-130,200,"bu","13:22:13",5035800
6030,-130,1900,"bu","13:22:13",5035600
6030,-130,500,"bu","13:22:13",5033700
6030,-130,500,"bu","13:22:13",5033200
6030,-130,200,"bu","13:22:13",5032700
6030,-130,35000,"bu","13:22:13",5032500
6020,-140,17700,"sd","13:22:12",4997500
6020,-140,1500,"sd","13:22:07",4979800
6020,-140,500,"bu","13:21:56",4978300
6020,-140,100,"bu","13:21:56",4977800
6020,-140,300,"bu","13:21:56",4977700
6020,-140,1000,"bu","13:21:56",4977400
6020,-140,800,"bu","13:21:54",4976400
6020,-140,200,"bu","13:21:54",4975600
6010,-150,1000,"sd","13:21:53",4975400
6020,-140,100,"bu","13:21:52",4974400
6020,-140,1700,"bu","13:21:51",4974300
6020,-140,10000,"bu","13:21:51",4972600
6020,-140,500,"bu","13:21:51",4962600
6020,-140,2200,"bu","13:21:51",4962100
6020,-140,1000,"bu","13:21:51",4959900
6020,-140,600,"bu","13:21:51",4958900
6020,-140,100,"bu","13:21:39",4958300
6020,-140,100,"bu","13:21:39",4958200
6020,-140,1000,"bu","13:21:39",4958100
6020,-140,100,"bu","13:21:38",4957100
6020,-140,100,"bu","13:21:37",4957000
6020,-140,100,"bu","13:21:32",4956900
6020,-140,200,"bu","13:21:32",4956800
6020,-140,100,"bu","13:21:31",4956600
6010,-150,100,"sd","13:21:31",4956500
6020,-140,500,"bu","13:21:26",4956400
6020,-140,200,"bu","13:21:23",4955900
6020,-140,1400,"bu","13:21:23",4955700
6020,-140,1000,"bu","13:21:23",4954300
6010,-150,4900,"sd","13:21:21",4953300
6010,-150,200,"sd","13:21:21",4948400
6010,-150,300,"sd","13:21:21",4948200
6020,-140,500,"bu","13:21:21",4947900
6020,-140,100,"bu","13:21:19",4947400
6020,-140,900,"bu","13:21:19",4947300
6020,-140,1000,"bu","13:21:16",4946400
6020,-140,100,"bu","13:21:11",4945400
6020,-140,400,"bu","13:21:11",4945300
6020,-140,100,"bu","13:21:09",4944900
6020,-140,700,"bu","13:21:08",4944800
6020,-140,100,"bu","13:21:07",4944100
6020,-140,100,"bu","13:21:05",4944000
6020,-140,1900,"bu","13:21:04",4943900
6020,-140,100,"bu","13:21:02",4942000
6020,-140,7000,"bu","13:21:01",4941900
6020,-140,2000,"bu","13:21:00",4934900
6020,-140,1000,"bu","13:20:56",4932900
6020,-140,300,"bu","13:20:50",4931900
6020,-140,1000,"bu","13:20:49",4931600
6020,-140,1000,"bu","13:20:46",4930600
6020,-140,2000,"bu","13:20:45",4929600
6020,-140,2000,"bu","13:20:45",4927600
6020,-140,300,"bu","13:20:33",4925600
6020,-140,100,"bu","13:20:28",4925300
6020,-140,1300,"sd","13:20:27",4925200
6020,-140,500,"sd","13:20:27",4923900
6020,-140,300,"sd","13:20:27",4923400
6020,-140,4900,"sd","13:20:27",4923100
6020,-140,2000,"sd","13:20:27",4918200
6020,-140,100,"sd","13:20:27",4916200
6020,-140,200,"sd","13:20:27",4916100
6020,-140,1000,"sd","13:20:27",4915900
6020,-140,1000,"sd","13:20:27",4914900
6020,-140,200,"sd","13:20:27",4913900
6020,-140,400,"sd","13:20:27",4913700
6020,-140,3000,"sd","13:20:15",4913300
6020,-140,3900,"sd","13:20:12",4910300
6020,-140,5000,"sd","13:20:12",4906400
6020,-140,500,"sd","13:20:12",4901400
6020,-140,600,"sd","13:20:12",4900900
6020,-140,500,"sd","13:20:12",4900300
6020,-140,100,"sd","13:20:11",4899800
6020,-140,400,"sd","13:20:11",4899700
6020,-140,1500,"sd","13:20:02",4899300
6020,-140,3100,"sd","13:20:00",4897800
6020,-140,300,"sd","13:20:00",4894700
6020,-140,100,"sd","13:20:00",4894400
6020,-140,500,"sd","13:20:00",4894300
6020,-140,1000,"sd","13:20:00",4893800
6020,-140,2300,"sd","13:19:39",4892800
6020,-140,500,"sd","13:19:39",4890500
6020,-140,100,"bu","13:19:21",4890000
6020,-140,400,"bu","13:19:21",4889900
6020,-140,100,"bu","13:19:16",4889500
6020,-140,100,"bu","13:19:13",4889400
6010,-150,700,"sd","13:19:13",4889300
6010,-150,2000,"sd","13:19:13",4888600
6010,-150,1900,"sd","13:19:13",4886600
6020,-140,100,"bu","13:19:11",4884700
6020,-140,100,"bu","13:19:06",4884600
6020,-140,1000,"bu","13:19:06",4884500
6020,-140,1000,"bu","13:19:04",4883500
6020,-140,500,"bu","13:19:03",4882500
6020,-140,1700,"bu","13:19:02",4882000
6020,-140,600,"bu","13:19:01",4880300
6020,-140,1000,"bu","13:19:01",4879700
6020,-140,1700,"bu","13:19:01",4878700
6020,-140,200,"bu","13:19:01",4877000
6020,-140,200,"bu","13:19:01",4876800
6020,-140,200,"bu","13:19:01",4876600
6020,-140,2000,"bu","13:18:56",4876400
6010,-150,1900,"sd","13:18:54",4874400
6020,-140,100,"bu","13:18:54",4872500
6020,-140,100,"bu","13:18:47",4872400
6020,-140,500,"bu","13:18:44",4872300
6020,-140,500,"bu","13:18:44",4871800
6020,-140,2000,"bu","13:18:30",4871300
6020,-140,100,"bu","13:18:30",4869300
6010,-150,16200,"sd","13:18:27",4869200
6010,-150,700,"sd","13:18:27",4853000
6020,-140,500,"bu","13:18:26",4852300
6020,-140,1900,"sd","13:18:22",4851800
6020,-140,1000,"bu","13:18:15",4849900
6010,-150,4000,"sd","13:18:12",4848900
6010,-150,300,"sd","13:17:51",4844900
6010,-150,500,"sd","13:17:51",4844600
6010,-150,200,"sd","13:17:51",4844100
6010,-150,800,"sd","13:17:51",4843900
6010,-150,200,"sd","13:17:51",4843100
6010,-150,200,"sd","13:17:51",4842900
6010,-150,500,"sd","13:17:51",4842700
6010,-150,1000,"sd","13:17:51",4842200
6010,-150,1500,"sd","13:17:51",4841200
6010,-150,100,"sd","13:17:51",4839700
6010,-150,500,"sd","13:17:51",4839600
6010,-150,500,"sd","13:17:51",4839100
6010,-150,600,"sd","13:17:51",4838600
6010,-150,200,"sd","13:17:51",4838000
6010,-150,100,"sd","13:17:51",4837800
6010,-150,200,"sd","13:17:51",4837700
6020,-140,5000,"bu","13:17:41",4837500
6020,-140,1000,"sd","13:17:33",4832500
6020,-140,200,"sd","13:17:33",4831500
6020,-140,100,"sd","13:17:33",4831300
6020,-140,700,"sd","13:17:33",4831200
6020,-140,9300,"sd","13:17:32",4830500
6020,-140,2900,"sd","13:17:32",4821200
6020,-140,1100,"sd","13:17:24",4818300
6020,-140,2500,"sd","13:17:24",4817200
6020,-140,500,"sd","13:17:24",4814700
6020,-140,700,"sd","13:17:24",4814200
6020,-140,200,"sd","13:17:24",4813500
6020,-140,1000,"sd","13:17:24",4813300
6020,-140,100,"sd","13:17:24",4812300
6020,-140,1400,"sd","13:17:24",4812200
6020,-140,3000,"sd","13:17:24",4810800
6020,-140,200,"sd","13:17:24",4807800
6020,-140,300,"sd","13:17:24",4807600
6020,-140,200,"sd","13:17:24",4807300
6020,-140,100,"sd","13:17:24",4807100
6020,-140,2000,"sd","13:17:24",4807000
6020,-140,1000,"sd","13:17:24",4805000
6020,-140,5000,"sd","13:17:24",4804000
6020,-140,100,"sd","13:17:24",4799000
6020,-140,2000,"sd","13:17:24",4798900
6020,-140,5000,"sd","13:17:24",4796900
6020,-140,1000,"sd","13:17:24",4791900
6020,-140,1000,"sd","13:17:24",4790900
6030,-130,500,"sd","13:17:18",4789900
6030,-130,5500,"sd","13:17:18",4789400
6030,-130,9000,"sd","13:17:18",4783900
6030,-130,1000,"sd","13:17:14",4774900
6030,-130,300,"sd","13:17:14",4773900
6030,-130,200,"sd","13:17:14",4773600
6030,-130,100,"sd","13:17:14",4773400
6030,-130,6000,"sd","13:17:14",4773300
6030,-130,3000,"sd","13:17:14",4767300
6030,-130,2000,"sd","13:17:14",4764300
6030,-130,1000,"sd","13:17:14",4762300
6030,-130,200,"sd","13:17:14",4761300
6030,-130,4000,"sd","13:17:14",4761100
6030,-130,500,"sd","13:17:14",4757100
6030,-130,4000,"sd","13:17:14",4756600
6030,-130,5000,"sd","13:17:14",4752600
6030,-130,1000,"sd","13:17:14",4747600
6030,-130,200,"sd","13:17:14",4746600
6030,-130,1700,"sd","13:17:14",4746400
6030,-130,200,"sd","13:17:14",4744700
6030,-130,200,"sd","13:17:14",4744500
6030,-130,6400,"sd","13:17:14",4744300
6040,-120,100,"bu","13:17:09",4737900
6030,-130,100,"sd","13:17:02",4737800
6040,-120,500,"bu","13:16:30",4737700
6040,-120,2000,"bu","13:16:15",4737200
6040,-120,4200,"bu","13:16:15",4735200
6040,-120,200,"bu","13:16:15",4731000
6040,-120,1000,"bu","13:16:15",4730800
6040,-120,5000,"unknown","13:16:15",4729800
6040,-120,200,"sd","13:16:15",4724800
6040,-120,1000,"sd","13:16:15",4724600
6040,-120,100,"sd","13:16:15",4723600
6040,-120,6500,"sd","13:16:15",4723500
6040,-120,400,"sd","13:16:15",4717000
6040,-120,500,"sd","13:16:15",4716600
6040,-120,600,"sd","13:16:15",4716100
6040,-120,200,"sd","13:16:15",4715500
6040,-120,200,"sd","13:16:15",4715300
6040,-120,2000,"sd","13:16:15",4715100
6040,-120,1000,"sd","13:16:15",4713100
6040,-120,3000,"sd","13:16:15",4712100
6040,-120,100,"sd","13:16:15",4709100
6040,-120,100,"sd","13:16:15",4709000
6040,-120,36200,"sd","13:16:15",4708900
6040,-120,500,"sd","13:16:13",4672700
6040,-120,2700,"sd","13:15:43",4672200
6050,-110,900,"bu","13:15:37",4669500
6040,-120,500,"sd","13:15:27",4668600
6040,-120,2000,"sd","13:15:26",4668100
6050,-110,200,"bu","13:15:04",4666100
6050,-110,300,"bu","13:15:04",4665900
6050,-110,2900,"bu","13:15:04",4665600
6040,-120,1600,"sd","13:14:54",4662700
6050,-110,200,"bu","13:14:18",4661100
6050,-110,1000,"bu","13:14:13",4660900
6050,-110,100,"bu","13:14:10",4659900
6040,-120,400,"sd","13:14:09",4659800
6050,-110,100,"bu","13:14:06",4659400
6050,-110,300,"bu","13:13:42",4659300
6040,-120,6100,"sd","13:13:37",4659000
6040,-120,13900,"sd","13:13:37",4652900
6040,-120,200,"sd","13:13:36",4639000
6040,-120,2500,"sd","13:13:25",4638800
6040,-120,600,"sd","13:12:50",4636300
6050,-110,500,"bu","13:12:34",4635700
6050,-110,10000,"bu","13:12:23",4635200
6050,-110,1000,"bu","13:12:22",4625200
6040,-120,10000,"sd","13:12:22",4624200
6050,-110,100,"bu","13:12:19",4614200
6050,-110,300,"bu","13:12:17",4614100
6050,-110,10000,"bu","13:12:16",4613800
6050,-110,500,"bu","13:12:14",4603800
6050,-110,100,"bu","13:12:13",4603300
6050,-110,200,"bu","13:12:11",4603200
6050,-110,1000,"bu","13:12:04",4603000
6050,-110,8300,"bu","13:11:52",4602000
6040,-120,100,"sd","13:11:41",4593700
6040,-120,100,"sd","13:11:34",4593600
6040,-120,400,"sd","13:11:27",4593500
6040,-120,100,"sd","13:11:18",4593100
6040,-120,500,"bu","13:10:49",4593000
6040,-120,200,"bu","13:10:49",4592500
6040,-120,10000,"bu","13:10:49",4592300
6040,-120,2200,"bu","13:10:49",4582300
6040,-120,4000,"bu","13:10:49",4580100
6040,-120,1000,"bu","13:10:49",4576100
6040,-120,4200,"bu","13:10:49",4575100
6030,-130,300,"sd","13:10:47",4570900
6040,-120,1800,"bu","13:10:41",4570600
6040,-120,3200,"bu","13:10:41",4568800
6040,-120,700,"bu","13:10:23",4565600
6030,-130,100,"sd","13:10:03",4564900
6030,-130,1700,"bu","13:10:03",4564800
6020,-140,3000,"sd","13:10:02",4563100
6030,-130,300,"bu","13:10:02",4560100
6030,-130,1400,"bu","13:10:01",4559800
6030,-130,400,"bu","13:10:00",4558400
6030,-130,9000,"bu","13:10:00",4558000
6030,-130,2000,"bu","13:09:54",4549000
6020,-140,4000,"sd","13:09:49",4547000
6020,-140,1000,"sd","13:09:49",4543000
6020,-140,300,"sd","13:09:49",4542000
6020,-140,300,"sd","13:09:49",4541700
6020,-140,2000,"sd","13:09:49",4541400
6020,-140,1000,"sd","13:09:49",4539400
6020,-140,1400,"sd","13:09:49",4538400
6030,-130,100,"bu","13:09:36",4537000
6020,-140,100,"sd","13:09:33",4536900
6030,-130,200,"bu","13:09:31",4536800
6030,-130,5000,"bu","13:09:30",4536600
6030,-130,200,"bu","13:09:29",4531600
6030,-130,2000,"bu","13:09:23",4531400
6030,-130,100,"bu","13:09:19",4529400
6030,-130,100,"sd","13:09:17",4529300
6030,-130,500,"sd","13:09:17",4529200
6030,-130,200,"sd","13:09:17",4528700
6030,-130,200,"sd","13:09:17",4528500
6030,-130,500,"sd","13:09:17",4528300
6030,-130,100,"sd","13:09:17",4527800
6030,-130,1000,"sd","13:09:17",4527700
6030,-130,300,"sd","13:09:17",4526700
6030,-130,3000,"sd","13:09:17",4526400
6030,-130,2000,"sd","13:09:17",4523400
6030,-130,2000,"sd","13:09:17",4521400
6030,-130,2700,"sd","13:09:17",4519400
6030,-130,1000,"sd","13:09:12",4516700
6030,-130,500,"sd","13:09:12",4515700
6030,-130,100,"sd","13:09:12",4515200
6030,-130,400,"sd","13:09:12",4515100
6040,-120,2200,"bu","13:09:08",4514700
6030,-130,200,"sd","13:08:59",4512500
6030,-130,1000,"sd","13:08:50",4512300
6040,-120,100,"bu","13:08:47",4511300
6030,-130,500,"sd","13:08:40",4511200
6030,-130,2900,"sd","13:08:33",4510700
6030,-130,1500,"sd","13:08:33",4507800
6030,-130,5000,"sd","13:08:33",4506300
6030,-130,1000,"sd","13:08:33",4501300
6030,-130,500,"sd","13:08:33",4500300
6030,-130,5000,"sd","13:08:33",4499800
6030,-130,500,"sd","13:08:33",4494800
6030,-130,1000,"sd","13:08:33",4494300
6030,-130,2000,"sd","13:08:22",4493300
6030,-130,400,"sd","13:08:19",4491300
6040,-120,500,"bu","13:08:14",4490900
6040,-120,100,"bu","13:08:12",4490400
6040,-120,1000,"bu","13:08:10",4490300
6040,-120,100,"bu","13:08:06",4489300
6040,-120,100,"sd","13:08:02",4489200
6040,-120,300,"sd","13:08:02",4489100
6040,-120,100,"sd","13:08:02",4488800
6040,-120,400,"sd","13:08:02",4488700
6040,-120,1000,"sd","13:08:02",4488300
6040,-120,100,"sd","13:08:02",4487300
6040,-120,100,"sd","13:08:02",4487200
6040,-120,600,"sd","13:07:56",4487100
6040,-120,300,"sd","13:07:56",4486500
6040,-120,1800,"sd","13:07:56",4486200
6050,-110,500,"bu","13:07:41",4484400
6040,-120,100,"sd","13:07:38",4483900
6040,-120,3000,"sd","13:07:21",4483800
6040,-120,100,"sd","13:07:16",4480800
6040,-120,2900,"sd","13:07:16",4480700
6040,-120,500,"sd","13:07:16",4477800
6040,-120,100,"sd","13:07:16",4477300
6040,-120,100,"sd","13:07:16",4477200
6040,-120,500,"sd","13:07:16",4477100
6040,-120,200,"sd","13:07:16",4476600
6040,-120,8600,"sd","13:07:16",4476400
6050,-110,500,"bu","13:07:07",4467800
6050,-110,100,"bu","13:07:07",4467300
6050,-110,2000,"bu","13:07:00",4467200
6050,-110,100,"bu","13:06:56",4465200
6050,-110,100,"bu","13:06:54",4465100
6050,-110,2900,"bu","13:06:49",4465000
6050,-110,100,"bu","13:06:40",4462100
6040,-120,200,"sd","13:06:39",4462000
6050,-110,200,"bu","13:06:33",4461800
6040,-120,400,"sd","13:06:32",4461600
6050,-110,500,"bu","13:06:26",4461200
6040,-120,200,"sd","13:06:19",4460700
6040,-120,2000,"sd","13:06:11",4460500
6040,-120,7200,"bu","13:05:56",4458500
6040,-120,100,"bu","13:05:56",4451300
6040,-120,300,"bu","13:05:56",4451200
6040,-120,100,"bu","13:05:56",4450900
6040,-120,900,"bu","13:05:56",4450800
6040,-120,100,"bu","13:05:48",4449900
6040,-120,10000,"bu","13:05:47",4449800
6040,-120,500,"bu","13:05:44",4439800
6040,-120,2500,"bu","13:05:43",4439300
6040,-120,17500,"bu","13:05:43",4436800
6040,-120,9800,"bu","13:05:37",4419300
6040,-120,200,"bu","13:05:37",4409500
6040,-120,3800,"bu","13:05:34",4409300
6040,-120,3800,"bu","13:05:34",4405500
6040,-120,100,"bu","13:05:30",4401700
6040,-120,1000,"bu","13:05:27",4401600
6040,-120,5200,"bu","13:05:23",4400600
6040,-120,100,"bu","13:05:21",4395400
6040,-120,100,"bu","13:05:20",4395300
6040,-120,600,"bu","13:05:14",4395200
6040,-120,2000,"bu","13:05:12",4394600
6040,-120,3500,"bu","13:04:55",4392600
6030,-130,100,"bu","13:04:54",4389100
6020,-140,800,"sd","13:04:51",4389000
6020,-140,1900,"sd","13:04:49",4388200
6030,-130,1100,"sd","13:04:49",4386300
6030,-130,400,"sd","13:04:48",4385200
6030,-130,3500,"bu","13:04:45",4384800
6030,-130,1500,"sd","13:04:43",4381300
6040,-120,20000,"bu","13:04:43",4379800
6030,-130,3000,"sd","13:04:41",4359800
6030,-130,500,"sd","13:04:40",4356800
6020,-140,200,"sd","13:04:26",4356300
6020,-140,7100,"bu","13:04:22",4356100
6020,-140,100,"bu","13:04:20",4349000
6020,-140,300,"bu","13:04:20",4348900
6010,-150,300,"sd","13:04:17",4348600
6010,-150,100,"sd","13:04:17",4348300
6010,-150,2000,"sd","13:04:17",4348200
6010,-150,3000,"sd","13:04:17",4346200
6010,-150,4600,"sd","13:04:17",4343200
6020,-140,100,"bu","13:04:15",4338600
6020,-140,700,"bu","13:04:13",4338500
6020,-140,300,"bu","13:04:13",4337800
6020,-140,2000,"bu","13:04:12",4337500
6020,-140,100,"bu","13:04:11",4335500
6020,-140,1000,"bu","13:04:09",4335400
6020,-140,300,"bu","13:04:02",4334400
6020,-140,500,"bu","13:03:54",4334100
6020,-140,1000,"bu","13:03:49",4333600
6020,-140,500,"bu","13:03:38",4332600
6010,-150,5400,"sd","13:03:33",4332100
6010,-150,100,"sd","13:03:32",4326700
6010,-150,200,"sd","13:03:32",4326600
6020,-140,5000,"bu","13:03:26",4326400
6010,-150,1000,"sd","13:03:25",4321400
6010,-150,3700,"sd","13:03:23",4320400
6010,-150,100,"sd","13:03:23",4316700
6010,-150,200,"sd","13:03:23",4316600
6010,-150,200,"sd","13:03:20",4316400
6020,-140,200,"bu","13:03:16",4316200
6010,-150,100,"sd","13:03:16",4316000
6010,-150,2000,"sd","13:03:16",4315900
6010,-150,900,"sd","13:03:16",4313900
6020,-140,3500,"bu","13:03:14",4313000
6020,-140,10000,"bu","13:03:12",4309500
6020,-140,100,"bu","13:03:08",4299500
6010,-150,100,"sd","13:03:02",4299400
6010,-150,200,"sd","13:03:02",4299300
6010,-150,1000,"sd","13:03:02",4299100
6010,-150,300,"sd","13:03:02",4298100
6010,-150,200,"sd","13:03:02",4297800
6010,-150,4200,"sd","13:03:02",4297600
6010,-150,500,"sd","13:02:58",4293400
6020,-140,700,"bu","13:02:57",4292900
6020,-140,100,"bu","13:02:49",4292200
6020,-140,1000,"bu","13:02:46",4292100
6020,-140,600,"bu","13:02:44",4291100
6020,-140,100,"bu","13:02:31",4290500
6010,-150,300,"sd","13:02:12",4290400
6010,-150,300,"sd","13:02:12",4290100
6010,-150,200,"sd","13:02:08",4289800
6010,-150,200,"sd","13:02:08",4289600
6010,-150,1000,"sd","13:02:08",4289400
6010,-150,200,"sd","13:02:08",4288400
6010,-150,100,"sd","13:02:08",4288200
6010,-150,100,"sd","13:02:08",4288100
6010,-150,1200,"sd","13:02:08",4288000
6010,-150,2200,"sd","13:02:04",4286800
6010,-150,500,"sd","13:02:04",4284600
6010,-150,500,"sd","13:02:04",4284100
6010,-150,100,"sd","13:02:04",4283600
6010,-150,1000,"sd","13:01:54",4283500
6010,-150,100,"sd","13:01:54",4282500
6010,-150,300,"sd","13:01:54",4282400
6010,-150,300,"sd","13:01:54",4282100
6010,-150,500,"sd","13:01:54",4281800
6010,-150,3800,"sd","13:01:54",4281300
6010,-150,6000,"sd","13:01:43",4277500
6010,-150,900,"sd","13:01:40",4271500
6010,-150,100,"sd","13:01:36",4270600
6010,-150,5000,"sd","13:01:26",4270500
6020,-140,500,"bu","13:01:21",4265500
6020,-140,300,"bu","13:01:12",4265000
6010,-150,400,"sd","13:01:03",4264700
6010,-150,500,"sd","13:00:48",4264300
6020,-140,500,"bu","13:00:38",4263800
6010,-150,1000,"sd","13:00:34",4263300
6010,-150,2000,"sd","13:00:33",4262300
6020,-140,10000,"bu","13:00:32",4260300
6020,-140,200,"bu","13:00:27",4250300
6020,-140,100,"bu","13:00:26",4250100
6020,-140,500,"bu","13:00:26",4250000
6020,-140,200,"bu","13:00:26",4249500
6010,-150,300,"sd","13:00:25",4249300
6010,-150,200,"sd","13:00:25",4249000
6010,-150,400,"sd","13:00:25",4248800
6010,-150,1000,"sd","13:00:25",4248400
6010,-150,1100,"sd","13:00:25",4247400
6020,-140,5000,"bu","13:00:25",4246300
6020,-140,200,"bu","13:00:22",4241300
6020,-140,2600,"bu","13:00:19",4241100
6020,-140,900,"bu","13:00:19",4238500
6020,-140,4000,"bu","13:00:18",4237600
6020,-140,1200,"bu","13:00:17",4233600
6010,-150,500,"sd","13:00:17",4232400
6020,-140,8000,"bu","13:00:17",4231900
6010,-150,3200,"sd","13:00:17",4223900
6010,-150,100,"sd","13:00:17",4220700
6010,-150,200,"sd","13:00:17",4220600
6010,-150,500,"sd","13:00:17",4220400
6010,-150,1000,"sd","13:00:17",4219900
6010,-150,1000,"sd","13:00:17",4218900
6010,-150,500,"sd","13:00:17",4217900
6010,-150,200,"sd","13:00:17",4217400
6010,-150,100,"sd","13:00:17",4217200
6010,-150,2500,"sd","13:00:17",4217100
6010,-150,2000,"sd","13:00:17",4214600
6010,-150,500,"sd","13:00:17",4212600
6010,-150,1400,"sd","13:00:17",4212100
6020,-140,100,"bu","13:00:17",4210700
6020,-140,1000,"bu","13:00:16",4210600
6020,-140,700,"bu","13:00:14",4209600
6010,-150,100,"sd","13:00:13",4208900
6010,-150,300,"sd","13:00:10",4208800
6010,-150,200,"sd","13:00:09",4208500
6010,-150,100,"sd","13:00:09",4208300
6020,-140,200,"sd","13:00:09",4208200
6020,-140,100,"sd","13:00:09",4208000
6020,-140,500,"sd","13:00:09",4207900
6020,-140,100,"sd","13:00:09",4207400
6020,-140,600,"sd","13:00:09",4207300
6020,-140,1000,"sd","13:00:09",4206700
6020,-140,100,"sd","13:00:09",4205700
6020,-140,100,"sd","13:00:09",4205600
6020,-140,1000,"sd","13:00:09",4205500
6020,-140,100,"sd","13:00:09",4204500
6020,-140,1300,"sd","13:00:09",4204400
6020,-140,100,"sd","13:00:09",4203100
6020,-140,1000,"sd","13:00:09",4203000
6020,-140,1000,"sd","13:00:09",4202000
6020,-140,200,"sd","13:00:09",4201000
6020,-140,2000,"sd","13:00:09",4200800
6020,-140,100,"sd","13:00:09",4198800
6020,-140,1000,"sd","13:00:09",4198700
6020,-140,200,"sd","13:00:09",4197700
6020,-140,200,"sd","13:00:09",4197500
6020,-140,14000,"sd","13:00:09",4197300
6020,-140,100,"sd","13:00:09",4183300
6020,-140,500,"sd","13:00:09",4183200
6020,-140,300,"sd","13:00:09",4182700
6020,-140,100,"sd","13:00:09",4182400
6020,-140,100,"sd","13:00:09",4182300
6020,-140,100,"sd","13:00:09",4182200
6020,-140,23700,"sd","13:00:09",4182100
6020,-140,100,"sd","13:00:09",4158400
6020,-140,100,"sd","13:00:09",4158300
6020,-140,300,"sd","13:00:09",4158200
6020,-140,4700,"sd","13:00:09",4157900
6020,-140,500,"sd","13:00:09",4153200
6020,-140,500,"sd","13:00:09",4152700
6020,-140,200,"sd","13:00:09",4152200
6020,-140,100,"sd","13:00:09",4152000
6020,-140,10100,"sd","13:00:09",4151900
6020,-140,200,"sd","13:00:09",4141800
6020,-140,100,"sd","13:00:09",4141600
6020,-140,1000,"sd","13:00:09",4141500
6020,-140,1000,"sd","13:00:09",4140500
6020,-140,100,"sd","13:00:09",4139500
6020,-140,200,"sd","13:00:09",4139400
6020,-140,500,"sd","13:00:09",4139200
6020,-140,1000,"sd","13:00:09",4138700
6020,-140,100,"sd","13:00:09",4137700
6020,-140,2000,"sd","13:00:09",4137600
6020,-140,1000,"sd","13:00:09",4135600
6020,-140,100,"sd","13:00:09",4134600
6020,-140,1000,"sd","13:00:09",4134500
6020,-140,500,"sd","13:00:09",4133500
6020,-140,200,"sd","13:00:09",4133000
6030,-130,10000,"bu","13:00:08",4132800
6030,-130,10000,"bu","13:00:07",4122800
6030,-130,100,"sd","13:00:07",4112800
6030,-130,500,"sd","13:00:07",4112700
6030,-130,200,"sd","13:00:07",4112200
6030,-130,8000,"sd","13:00:07",4112000
6030,-130,1000,"sd","13:00:07",4104000
6030,-130,400,"sd","13:00:07",4103000
6030,-130,8300,"sd","13:00:07",4102600
6030,-130,1600,"sd","13:00:07",4094300
6030,-130,200,"sd","13:00:07",4092700
6030,-130,3000,"sd","13:00:07",4092500
6030,-130,300,"sd","13:00:07",4089500
6030,-130,500,"sd","13:00:07",4089200
6030,-130,100,"sd","13:00:07",4088700
6030,-130,200,"sd","13:00:07",4088600
6030,-130,1000,"sd","13:00:07",4088400
6030,-130,1000,"sd","13:00:07",4087400
6030,-130,300,"sd","13:00:07",4086400
6030,-130,300,"sd","13:00:07",4086100
6030,-130,1500,"sd","13:00:07",4085800
6030,-130,100,"sd","13:00:07",4084300
6030,-130,1100,"sd","13:00:07",4084200
6030,-130,100,"sd","13:00:07",4083100
6030,-130,300,"sd","13:00:07",4083000
6030,-130,100,"sd","13:00:07",4082700
6030,-130,300,"sd","13:00:07",4082600
6030,-130,500,"sd","13:00:07",4082300
6030,-130,1100,"sd","13:00:07",4081800
6030,-130,2000,"sd","13:00:07",4080700
6030,-130,100,"sd","13:00:07",4078700
6030,-130,400,"sd","13:00:07",4078600
6030,-130,5000,"sd","13:00:07",4078200
6030,-130,400,"sd","13:00:07",4073200
6030,-130,2000,"sd","13:00:07",4072800
6030,-130,100,"sd","13:00:07",4070800
6030,-130,2000,"sd","13:00:07",4070700
6030,-130,1900,"sd","13:00:07",4068700
6030,-130,1000,"sd","13:00:07",4066800
6030,-130,2000,"sd","13:00:07",4065800
6030,-130,1000,"sd","13:00:07",4063800
6030,-130,1000,"sd","13:00:07",4062800
6030,-130,1000,"sd","13:00:07",4061800
6030,-130,300,"sd","13:00:07",4060800
6030,-130,1000,"sd","13:00:07",4060500
6030,-130,100,"sd","13:00:07",4059500
6030,-130,1900,"sd","13:00:07",4059400
6030,-130,100,"sd","13:00:07",4057500
6030,-130,100,"sd","13:00:07",4057400
6030,-130,300,"sd","13:00:07",4057300
6030,-130,2000,"sd","13:00:07",4057000
6030,-130,1000,"sd","13:00:07",4055000
6030,-130,200,"sd","13:00:07",4054000
6040,-120,600,"sd","13:00:06",4053800
6040,-120,300,"sd","13:00:06",4053200
6040,-120,10000,"sd","13:00:06",4052900
6040,-120,700,"sd","13:00:06",4042900
6040,-120,2000,"sd","13:00:06",4042200
6050,-110,6100,"bu","13:00:06",4040200
6050,-110,3500,"bu","13:00:06",4034100
6050,-110,400,"bu","13:00:06",4030600
6050,-110,200,"bu","13:00:05",4030200
6050,-110,100,"bu","13:00:04",4030000
6040,-120,400,"unknown","13:00:03",4029900
6040,-120,200,"bu","13:00:03",4029500
6040,-120,500,"bu","13:00:02",4029300
6040,-120,2300,"bu","13:00:02",4028800
6040,-120,1000,"sd","13:00:02",4026500
6040,-120,1000,"sd","13:00:01",4025500
6040,-120,500,"sd","13:00:01",4024500
6040,-120,300,"sd","13:00:01",4024000
6050,-110,500,"bu","13:00:01",4023700
6040,-120,4000,"sd","13:00:01",4023200
6040,-120,500,"sd","13:00:01",4019200
6040,-120,500,"sd","13:00:01",4018700
6040,-120,100,"sd","13:00:01",4018200
6040,-120,10000,"sd","13:00:01",4018100
6040,-120,200,"sd","13:00:00",4008100
6040,-120,3200,"sd","13:00:00",4007900
6040,-120,7500,"sd","13:00:00",4004700
6040,-120,9700,"sd","13:00:00",3997200
6050,-110,100,"bu","12:59:59",3987500
6050,-110,3000,"bu","11:29:45",3987400
6050,-110,800,"bu","11:29:45",3984400
6040,-120,1000,"sd","11:29:35",3983600
6040,-120,1100,"bu","11:29:26",3982600
6040,-120,15000,"bu","11:29:26",3981500
6030,-130,1000,"sd","11:29:23",3966500
6040,-120,200,"bu","11:29:19",3965500
6030,-130,100,"sd","11:29:19",3965300
6030,-130,100,"sd","11:29:16",3965200
6040,-120,100,"bu","11:29:08",3965100
6040,-120,200,"bu","11:29:02",3965000
6040,-120,200,"bu","11:28:59",3964800
6040,-120,500,"sd","11:28:55",3964600
6040,-120,600,"sd","11:28:55",3964100
6040,-120,2100,"sd","11:28:55",3963500
6040,-120,200,"bu","11:28:45",3961400
6040,-120,1000,"bu","11:28:45",3961200
6040,-120,3200,"bu","11:28:45",3960200
6040,-120,200,"bu","11:28:42",3957000
6040,-120,100,"bu","11:28:42",3956800
6040,-120,200,"bu","11:28:39",3956700
6040,-120,6300,"bu","11:28:34",3956500
6040,-120,3700,"bu","11:28:34",3950200
6040,-120,100,"bu","11:28:25",3946500
6040,-120,1500,"bu","11:28:20",3946400
6040,-120,5000,"bu","11:28:11",3944900
6040,-120,800,"sd","11:28:08",3939900
6040,-120,1000,"sd","11:28:08",3939100
6040,-120,3900,"sd","11:28:08",3938100
6040,-120,2000,"sd","11:28:08",3934200
6040,-120,1000,"sd","11:28:08",3932200
6040,-120,1000,"sd","11:28:08",3931200
6040,-120,300,"sd","11:28:02",3930200
6040,-120,1000,"sd","11:28:02",3929900
6040,-120,500,"sd","11:28:02",3928900
6040,-120,1000,"sd","11:28:02",3928400
6040,-120,100,"sd","11:28:02",3927400
6040,-120,1300,"sd","11:28:02",3927300
6040,-120,200,"sd","11:28:02",3926000
6040,-120,1000,"sd","11:28:02",3925800
6040,-120,1000,"sd","11:28:02",3924800
6040,-120,23600,"sd","11:28:02",3923800
6040,-120,100,"sd","11:28:00",3900200
6050,-110,1800,"bu","11:27:47",3900100
6050,-110,1000,"bu","11:27:47",3898300
6050,-110,200,"bu","11:27:35",3897300
6050,-110,400,"bu","11:27:34",3897100
6050,-110,1000,"bu","11:27:27",3896700
6050,-110,1000,"bu","11:27:25",3895700
6050,-110,1500,"bu","11:27:24",3894700
6050,-110,500,"bu","11:27:24",3893200
6050,-110,5000,"bu","11:27:15",3892700
6040,-120,700,"sd","11:27:06",3887700
6040,-120,1100,"sd","11:27:05",3887000
6040,-120,9500,"unknown","11:26:59",3885900
6040,-120,300,"bu","11:26:58",3876400
6040,-120,200,"bu","11:26:55",3876100
6040,-120,200,"bu","11:26:55",3875900
6040,-120,600,"bu","11:26:54",3875700
6040,-120,2900,"bu","11:26:54",3875100
6040,-120,300,"bu","11:26:48",3872200
6040,-120,100,"bu","11:26:47",3871900
6040,-120,200,"bu","11:26:45",3871800
6040,-120,3000,"bu","11:26:43",3871600
6040,-120,500,"bu","11:26:42",3868600
6040,-120,2700,"bu","11:26:39",3868100
6040,-120,200,"bu","11:26:36",3865400
6040,-120,2000,"bu","11:26:35",3865200
6040,-120,1500,"bu","11:26:34",3863200
6040,-120,100,"bu","11:26:31",3861700
6040,-120,1000,"bu","11:26:30",3861600
6040,-120,1000,"bu","11:26:21",3860600
6040,-120,5000,"bu","11:26:18",3859600
6040,-120,5000,"bu","11:26:17",3854600
6040,-120,1000,"bu","11:26:13",3849600
6040,-120,1000,"bu","11:26:09",3848600
6040,-120,400,"bu","11:26:09",3847600
6040,-120,2000,"bu","11:26:07",3847200
6040,-120,20000,"bu","11:26:06",3845200
6040,-120,1000,"bu","11:26:03",3825200
6030,-130,200,"sd","11:26:02",3824200
6030,-130,1800,"sd","11:26:02",3824000
6040,-120,300,"bu","11:26:00",3822200
6040,-120,300,"bu","11:25:59",3821900
6040,-120,5000,"bu","11:25:54",3821600
6040,-120,5400,"bu","11:25:52",3816600
6040,-120,1000,"bu","11:25:51",3811200
6040,-120,1000,"bu","11:25:50",3810200
6040,-120,3000,"bu","11:25:47",3809200
6040,-120,2000,"bu","11:25:37",3806200
6030,-130,800,"sd","11:25:28",3804200
6030,-130,200,"sd","11:25:28",3803400
6040,-120,100,"bu","11:25:28",3803200
6040,-120,1000,"bu","11:25:20",3803100
6040,-120,1000,"bu","11:25:18",3802100
6040,-120,5000,"bu","11:25:13",3801100
6040,-120,1000,"bu","11:25:10",3796100
6030,-130,200,"sd","11:25:07",3795100
6040,-120,200,"sd","11:25:05",3794900
6040,-120,500,"sd","11:25:05",3794700
6040,-120,300,"sd","11:25:05",3794200
6040,-120,3000,"sd","11:25:05",3793900
6040,-120,100,"sd","11:25:05",3790900
6040,-120,10000,"sd","11:25:05",3790800
6040,-120,5000,"sd","11:25:05",3780800
6040,-120,100,"sd","11:25:05",3775800
6040,-120,100,"sd","11:25:05",3775700
6040,-120,100,"sd","11:25:05",3775600
6040,-120,100,"sd","11:25:05",3775500
6040,-120,1000,"sd","11:25:05",3775400
6040,-120,2500,"sd","11:25:05",3774400
6040,-120,2500,"sd","11:24:48",3771900
6040,-120,500,"sd","11:24:48",3769400
6040,-120,10000,"sd","11:24:48",3768900
6040,-120,1000,"sd","11:24:48",3758900
6040,-120,5000,"sd","11:24:48",3757900
6040,-120,300,"sd","11:24:48",3752900
6040,-120,600,"sd","11:24:48",3752600
6040,-120,100,"sd","11:24:48",3752000
6040,-120,900,"sd","11:24:33",3751900
6040,-120,100,"sd","11:24:33",3751000
6050,-110,100,"sd","11:24:32",3750900
6050,-110,1000,"sd","11:24:32",3750800
6050,-110,300,"sd","11:24:32",3749800
6050,-110,1800,"sd","11:24:32",3749500
6050,-110,500,"sd","11:24:32",3747700
6050,-110,200,"sd","11:24:32",3747200
6050,-110,100,"sd","11:24:32",3747000
6050,-110,400,"sd","11:24:32",3746900
6060,-100,100,"sd","11:24:32",3746500
6050,-110,600,"sd","11:24:25",3746400
6050,-110,300,"sd","11:24:25",3745800
6050,-110,2500,"sd","11:24:25",3745500
6050,-110,100,"sd","11:24:25",3743000
6050,-110,100,"sd","11:24:25",3742900
6050,-110,400,"sd","11:24:25",3742800
6050,-110,500,"sd","11:24:25",3742400
6050,-110,5000,"sd","11:24:25",3741900
6050,-110,2600,"sd","11:24:25",3736900
6050,-110,5000,"sd","11:24:25",3734300
6050,-110,700,"sd","11:24:25",3729300
6050,-110,500,"sd","11:24:25",3728600
6050,-110,1700,"sd","11:24:25",3728100
6060,-100,100,"bu","11:24:17",3726400
6060,-100,300,"sd","11:24:09",3726300
6060,-100,1000,"sd","11:24:09",3726000
6060,-100,200,"sd","11:24:09",3725000
6060,-100,200,"sd","11:24:09",3724800
6060,-100,100,"sd","11:24:09",3724600
6060,-100,1000,"sd","11:24:09",3724500
6060,-100,400,"sd","11:24:09",3723500
6060,-100,300,"sd","11:24:09",3723100
6060,-100,100,"sd","11:24:09",3722800
6060,-100,1000,"sd","11:24:09",3722700
6060,-100,200,"sd","11:24:09",3721700
6060,-100,500,"sd","11:24:09",3721500
6070,-90,200,"bu","11:24:08",3721000
6070,-90,300,"bu","11:24:05",3720800
6070,-90,200,"bu","11:23:42",3720500
6070,-90,2000,"bu","11:23:35",3720300
6070,-90,1000,"sd","11:23:33",3718300
6070,-90,100,"sd","11:23:33",3717300
6070,-90,200,"sd","11:23:33",3717200
6070,-90,100,"sd","11:23:33",3717000
6070,-90,100,"sd","11:23:33",3716900
6070,-90,100,"sd","11:23:33",3716800
6070,-90,100,"sd","11:23:33",3716700
6070,-90,2500,"sd","11:23:33",3716600
6070,-90,500,"sd","11:23:33",3714100
6070,-90,20000,"sd","11:23:24",3713600
6080,-80,400,"bu","11:23:24",3693600
6080,-80,200,"bu","11:23:22",3693200
6080,-80,500,"bu","11:23:14",3693000
6080,-80,200,"bu","11:23:06",3692500
6080,-80,100,"bu","11:22:40",3692300
6080,-80,200,"bu","11:22:37",3692200
6080,-80,100,"bu","11:22:26",3692000
6080,-80,100,"sd","11:22:14",3691900
6080,-80,100,"sd","11:22:14",3691800
6080,-80,100,"sd","11:22:14",3691700
6080,-80,200,"sd","11:22:14",3691600
6080,-80,1000,"sd","11:22:14",3691400
6080,-80,200,"sd","11:22:14",3690400
6080,-80,600,"sd","11:21:30",3690200
6080,-80,1000,"sd","11:21:28",3689600
6090,-70,3000,"bu","11:20:55",3688600
6080,-80,100,"bu","11:20:55",3685600
6080,-80,500,"bu","11:20:55",3685500
6080,-80,5000,"bu","11:20:55",3685000
6080,-80,1400,"bu","11:20:55",3680000
6070,-90,1000,"sd","11:20:53",3678600
6080,-80,100,"bu","11:20:35",3677600
6080,-80,100,"sd","11:20:32",3677500
6080,-80,3400,"sd","11:20:32",3677400
6080,-80,1600,"sd","11:20:25",3674000
6080,-80,300,"sd","11:20:25",3672400
6080,-80,8100,"sd","11:20:25",3672100
6080,-80,8000,"sd","11:20:24",3664000
6080,-80,100,"sd","11:20:21",3656000
6080,-80,3800,"sd","11:20:14",3655900
6080,-80,100,"sd","11:20:14",3652100
6080,-80,100,"sd","11:20:14",3652000
6080,-80,2000,"sd","11:20:14",3651900
6080,-80,200,"sd","11:20:14",3649900
6080,-80,3800,"sd","11:20:14",3649700
6090,-70,100,"bu","11:20:12",3645900
6080,-80,1400,"sd","11:20:06",3645800
6080,-80,200,"sd","11:19:55",3644400
6090,-70,2000,"bu","11:19:38",3644200
6080,-80,14600,"sd","11:19:36",3642200
6080,-80,5000,"sd","11:19:36",3627600
6080,-80,100,"sd","11:19:36",3622600
6080,-80,3000,"sd","11:19:36",3622500
6080,-80,2400,"sd","11:19:36",3619500
6080,-80,500,"sd","11:19:36",3617100
6080,-80,4000,"sd","11:19:36",3616600
6080,-80,400,"sd","11:19:36",3612600
6090,-70,4300,"bu","11:19:35",3612200
6090,-70,1400,"bu","11:19:33",3607900
6080,-80,100,"sd","11:18:21",3606500
6090,-70,100,"bu","11:18:14",3606400
6090,-70,100,"bu","11:18:14",3606300
6080,-80,9400,"bu","11:18:07",3606200
6080,-80,200,"sd","11:18:07",3596800
6080,-80,200,"sd","11:18:07",3596600
6080,-80,200,"sd","11:18:06",3596400
6090,-70,500,"bu","11:18:00",3596200
6080,-80,300,"sd","11:17:55",3595700
6080,-80,500,"sd","11:17:55",3595400
6080,-80,200,"sd","11:17:55",3594900
6080,-80,200,"sd","11:17:55",3594700
6080,-80,200,"sd","11:17:54",3594500
6080,-80,300,"bu","11:17:20",3594300
6080,-80,100,"bu","11:17:20",3594000
6080,-80,100,"bu","11:17:20",3593900
6080,-80,100,"bu","11:17:20",3593800
6080,-80,100,"bu","11:17:20",3593700
6080,-80,600,"bu","11:17:19",3593600
6070,-90,5400,"bu","11:16:39",3593000
6070,-90,100,"bu","11:16:39",3587600
6070,-90,200,"bu","11:16:39",3587500
6070,-90,300,"bu","11:16:39",3587300
6070,-90,6200,"bu","11:16:26",3587000
6070,-90,1000,"bu","11:16:22",3580800
6070,-90,100,"bu","11:16:22",3579800
6060,-100,1000,"sd","11:16:15",3579700
6070,-90,500,"bu","11:16:09",3578700
6070,-90,100,"bu","11:16:09",3578200
6070,-90,3000,"bu","11:15:57",3578100
6070,-90,500,"bu","11:15:54",3575100
6070,-90,400,"bu","11:15:49",3574600
6070,-90,1000,"bu","11:15:46",3574200
6070,-90,2000,"bu","11:15:42",3573200
6070,-90,200,"bu","11:15:35",3571200
6070,-90,500,"bu","11:15:13",3571000
6070,-90,300,"bu","11:15:11",3570500
6070,-90,100,"bu","11:15:06",3570200
6070,-90,500,"bu","11:15:03",3570100
6070,-90,500,"bu","11:15:02",3569600
6070,-90,5000,"bu","11:14:57",3569100
6070,-90,700,"bu","11:14:52",3564100
6070,-90,100,"bu","11:14:51",3563400
6070,-90,2000,"sd","11:14:50",3563300
6070,-90,300,"sd","11:14:50",3561300
6070,-90,1700,"bu","11:14:40",3561000
6070,-90,100,"bu","11:14:40",3559300
6070,-90,500,"bu","11:14:40",3559200
6070,-90,3400,"bu","11:14:40",3558700
6070,-90,100,"bu","11:14:31",3555300
6060,-100,6000,"bu","11:14:17",3555200
6060,-100,100,"bu","11:14:17",3549200
6060,-100,100,"bu","11:14:08",3549100
6050,-110,300,"sd","11:14:01",3549000
6050,-110,600,"bu","11:13:54",3548700
6050,-110,400,"bu","11:13:53",3548100
6050,-110,200,"bu","11:13:53",3547700
6050,-110,100,"bu","11:13:52",3547500
6050,-110,500,"bu","11:13:51",3547400
6050,-110,10000,"bu","11:13:49",3546900
6050,-110,10000,"bu","11:13:48",3536900
6050,-110,500,"bu","11:13:46",3526900
6050,-110,100,"bu","11:13:46",3526400
6050,-110,4000,"bu","11:13:46",3526300
6050,-110,100,"bu","11:13:42",3522300
6050,-110,5000,"bu","11:13:42",3522200
6050,-110,100,"bu","11:13:41",3517200
6050,-110,100,"bu","11:13:41",3517100
6050,-110,200,"bu","11:13:40",3517000
6050,-110,10000,"bu","11:13:31",3516800
6050,-110,1000,"bu","11:13:23",3506800
6050,-110,100,"bu","11:13:21",3505800
6050,-110,2000,"bu","11:13:21",3505700
6050,-110,5000,"bu","11:13:18",3503700
6050,-110,200,"bu","11:13:17",3498700
6050,-110,500,"bu","11:13:17",3498500
6050,-110,5000,"bu","11:13:16",3498000
6050,-110,15000,"bu","11:13:14",3493000
6050,-110,200,"bu","11:13:05",3478000
6050,-110,4200,"bu","11:13:05",3477800
6050,-110,300,"bu","11:13:05",3473600
6050,-110,200,"bu","11:13:05",3473300
6050,-110,100,"bu","11:13:05",3473100
6050,-110,4000,"bu","11:13:03",3473000
6040,-120,100,"sd","11:12:58",3469000
6050,-110,500,"bu","11:12:48",3468900
6050,-110,1000,"bu","11:12:28",3468400
6040,-120,300,"sd","11:12:21",3467400
6040,-120,200,"sd","11:11:54",3467100
6040,-120,800,"sd","11:11:53",3466900
6040,-120,200,"bu","11:11:50",3466100
6040,-120,1000,"bu","11:11:47",3465900
6040,-120,1000,"bu","11:11:47",3464900
6040,-120,300,"sd","11:11:37",3463900
6040,-120,100,"sd","11:11:37",3463600
6040,-120,100,"sd","11:11:37",3463500
6040,-120,1000,"sd","11:11:37",3463400
6040,-120,500,"sd","11:11:37",3462400
6040,-120,200,"sd","11:11:37",3461900
6040,-120,5600,"sd","11:11:37",3461700
6040,-120,2600,"sd","11:11:37",3456100
6040,-120,500,"sd","11:11:37",3453500
6040,-120,1800,"sd","11:11:37",3453000
6040,-120,200,"sd","11:11:34",3451200
6040,-120,100,"sd","11:11:34",3451000
6040,-120,700,"sd","11:11:34",3450900
6040,-120,400,"sd","11:11:15",3450200
6040,-120,6000,"bu","11:11:07",3449800
6040,-120,500,"bu","11:11:07",3443800
6040,-120,500,"bu","11:11:07",3443300
6040,-120,1900,"bu","11:11:07",3442800
6040,-120,200,"bu","11:11:07",3440900
6040,-120,7700,"bu","11:11:04",3440700
6040,-120,200,"bu","11:11:04",3433000
6040,-120,3000,"bu","11:11:04",3432800
6040,-120,200,"bu","11:11:04",3429800
6040,-120,1700,"bu","11:11:04",3429600
6040,-120,1000,"bu","11:11:03",3427900
6040,-120,2700,"bu","11:11:02",3426900
6040,-120,100,"bu","11:10:58",3424200
6040,-120,1000,"bu","11:10:53",3424100
6030,-130,500,"sd","11:10:43",3423100
6040,-120,1000,"bu","11:10:42",3422600
6040,-120,200,"bu","11:10:42",3421600
6040,-120,500,"bu","11:10:38",3421400
6040,-120,3200,"bu","11:10:38",3420900
6040,-120,600,"bu","11:10:38",3417700
6040,-120,500,"bu","11:10:30",3417100
6030,-130,100,"sd","11:10:29",3416600
6030,-130,300,"sd","11:10:29",3416500
6030,-130,2800,"sd","11:10:29",3416200
6030,-130,1800,"sd","11:10:29",3413400
6040,-120,100,"bu","11:10:27",3411600
6040,-120,100,"bu","11:10:19",3411500
6030,-130,100,"sd","11:10:19",3411400
6030,-130,3100,"sd","11:10:01",3411300
6030,-130,100,"sd","11:10:01",3408200
6030,-130,500,"sd","11:10:01",3408100
6030,-130,500,"sd","11:10:01",3407600
6030,-130,100,"sd","11:10:01",3407100
6030,-130,100,"sd","11:10:01",3407000
6030,-130,100,"sd","11:10:01",3406900
6030,-130,100,"sd","11:10:01",3406800
6030,-130,300,"sd","11:10:01",3406700
6030,-130,100,"sd","11:10:01",3406400
6040,-120,100,"bu","11:10:01",3406300
6030,-130,3000,"sd","11:10:00",3406200
6030,-130,5000,"sd","11:09:21",3403200
6030,-130,100,"sd","11:09:16",3398200
6040,-120,200,"bu","11:09:07",3398100
6040,-120,1000,"bu","11:09:05",3397900
6030,-130,300,"sd","11:09:00",3396900
6030,-130,800,"sd","11:09:00",3396600
6030,-130,200,"sd","11:09:00",3395800
6030,-130,200,"sd","11:09:00",3395600
6030,-130,5000,"sd","11:09:00",3395400
6030,-130,100,"sd","11:09:00",3390400
6030,-130,1400,"sd","11:09:00",3390300
6030,-130,200,"sd","11:09:00",3388900
6030,-130,100,"sd","11:09:00",3388700
6030,-130,100,"sd","11:09:00",3388600
6030,-130,200,"sd","11:09:00",3388500
6030,-130,100,"sd","11:09:00",3388300
6030,-130,500,"sd","11:09:00",3388200
6030,-130,500,"sd","11:09:00",3387700
6030,-130,300,"sd","11:09:00",3387200
6030,-130,100,"sd","11:08:58",3386900
6030,-130,100,"sd","11:08:58",3386800
6030,-130,600,"sd","11:08:58",3386700
6030,-130,500,"sd","11:08:58",3386100
6030,-130,500,"sd","11:08:58",3385600
6030,-130,1000,"sd","11:08:58",3385100
6030,-130,500,"sd","11:08:58",3384100
6030,-130,100,"sd","11:08:58",3383600
6040,-120,3000,"bu","11:08:52",3383500
6040,-120,500,"bu","11:08:52",3380500
6040,-120,500,"bu","11:08:47",3380000
6040,-120,100,"bu","11:08:42",3379500
6040,-120,200,"bu","11:08:17",3379400
6040,-120,500,"bu","11:08:17",3379200
6040,-120,500,"bu","11:08:16",3378700
6040,-120,400,"sd","11:08:14",3378200
6040,-120,100,"sd","11:08:14",3377800
6040,-120,100,"sd","11:08:14",3377700
6040,-120,300,"sd","11:08:14",3377600
6040,-120,200,"sd","11:08:14",3377300
6040,-120,200,"sd","11:08:14",3377100
6040,-120,100,"sd","11:08:14",3376900
6040,-120,100,"sd","11:08:14",3376800
6040,-120,8000,"sd","11:08:14",3376700
6040,-120,100,"sd","11:08:14",3368700
6040,-120,100,"sd","11:08:14",3368600
6040,-120,500,"sd","11:08:14",3368500
6040,-120,500,"sd","11:08:14",3368000
6040,-120,10000,"sd","11:08:06",3367500
6040,-120,5000,"sd","11:08:04",3357500
6040,-120,1700,"sd","11:07:42",3352500
6040,-120,100,"sd","11:07:41",3350800
6040,-120,200,"sd","11:07:41",3350700
6050,-110,500,"bu","11:07:39",3350500
6040,-120,400,"sd","11:07:33",3350000
6040,-120,400,"sd","11:07:32",3349600
6040,-120,1000,"sd","11:07:32",3349200
6040,-120,300,"sd","11:07:32",3348200
6040,-120,1000,"sd","11:07:32",3347900
6040,-120,200,"sd","11:07:32",3346900
6040,-120,17100,"sd","11:07:32",3346700
6040,-120,11900,"sd","11:07:26",3329600
6040,-120,400,"sd","11:07:26",3317700
6040,-120,5000,"sd","11:07:26",3317300
6040,-120,400,"sd","11:07:26",3312300
6040,-120,400,"sd","11:07:26",3311900
6040,-120,14900,"sd","11:07:26",3311500
6040,-120,6000,"sd","11:07:24",3296600
6050,-110,100,"bu","11:07:22",3290600
6040,-120,9100,"sd","11:07:20",3290500
6040,-120,1000,"sd","11:07:20",3281400
6040,-120,100,"sd","11:07:20",3280400
6040,-120,7200,"sd","11:07:20",3280300
6040,-120,100,"sd","11:07:20",3273100
6040,-120,100,"sd","11:07:20",3273000
6040,-120,2000,"sd","11:07:20",3272900
6040,-120,100,"sd","11:07:20",3270900
6040,-120,100,"sd","11:07:20",3270800
6040,-120,200,"sd","11:07:20",3270700
6050,-110,300,"bu","11:07:13",3270500
6040,-120,7800,"sd","11:06:54",3270200
6050,-110,100,"bu","11:06:52",3262400
6040,-120,500,"sd","11:06:51",3262300
6050,-110,100,"bu","11:06:49",3261800
6050,-110,100,"bu","11:06:49",3261700
6050,-110,200,"bu","11:06:43",3261600
6050,-110,1000,"sd","11:06:39",3261400
6050,-110,500,"sd","11:06:31",3260400
6050,-110,500,"sd","11:06:31",3259900
6050,-110,5000,"sd","11:06:31",3259400
6050,-110,100,"sd","11:06:31",3254400
6050,-110,500,"sd","11:06:31",3254300
6050,-110,100,"sd","11:06:31",3253800
6050,-110,500,"sd","11:06:31",3253700
6050,-110,2000,"sd","11:06:24",3253200
6050,-110,800,"sd","11:06:24",3251200
6050,-110,3700,"bu","11:05:58",3250400
6040,-120,4500,"sd","11:05:56",3246700
6040,-120,2500,"sd","11:05:56",3242200
6050,-110,200,"bu","11:05:48",3239700
6050,-110,300,"bu","11:05:47",3239500
6050,-110,5000,"bu","11:05:40",3239200
6050,-110,500,"sd","11:05:36",3234200
6050,-110,2100,"sd","11:05:36",3233700
6050,-110,100,"sd","11:05:36",3231600
6050,-110,100,"sd","11:05:36",3231500
6050,-110,100,"sd","11:05:36",3231400
6050,-110,100,"sd","11:05:36",3231300
6050,-110,5000,"sd","11:05:36",3231200
6050,-110,2000,"sd","11:05:36",3226200
6050,-110,200,"sd","11:05:36",3224200
6050,-110,500,"sd","11:05:36",3224000
6050,-110,100,"sd","11:05:36",3223500
6050,-110,400,"sd","11:05:28",3223400
6050,-110,300,"sd","11:05:28",3223000
6050,-110,2300,"sd","11:05:28",3222700
6050,-110,100,"sd","11:05:26",3220400
6070,-90,500,"bu","11:05:23",3220300
6050,-110,1000,"sd","11:05:05",3219800
6070,-90,200,"bu","11:05:02",3218800
6070,-90,100,"bu","11:04:43",3218600
6070,-90,300,"bu","11:04:43",3218500
6070,-90,5000,"bu","11:04:43",3218200
6070,-90,4600,"bu","11:04:43",3213200
6050,-110,1600,"sd","11:04:39",3208600
6050,-110,3400,"sd","11:04:39",3207000
6050,-110,600,"sd","11:04:33",3203600
6050,-110,500,"sd","11:04:33",3203000
6050,-110,700,"sd","11:04:33",3202500
6050,-110,1000,"sd","11:04:33",3201800
6050,-110,100,"sd","11:04:33",3200800
6050,-110,1000,"sd","11:04:33",3200700
6050,-110,100,"sd","11:04:33",3199700
6050,-110,900,"bu","11:03:38",3199600
6050,-110,100,"bu","11:03:32",3198700
6050,-110,200,"bu","11:03:28",3198600
6050,-110,500,"bu","11:03:26",3198400
6050,-110,100,"bu","11:03:17",3197900
6050,-110,100,"bu","11:03:17",3197800
6050,-110,100,"bu","11:03:14",3197700
6050,-110,1000,"sd","11:03:13",3197600
6050,-110,500,"sd","11:03:09",3196600
6050,-110,3000,"bu","11:03:04",3196100
6050,-110,100,"bu","11:02:54",3193100
6050,-110,900,"bu","11:02:53",3193000
6050,-110,100,"bu","11:02:53",3192100
6050,-110,500,"bu","11:02:48",3192000
6050,-110,100,"bu","11:02:47",3191500
6050,-110,1000,"bu","11:02:42",3191400
6050,-110,400,"bu","11:02:42",3190400
