"price","change","match_qtty","side","time","total_vol"
30400,400,1577300,"unknown","14:45:03",2872700
30200,200,5500,"bu","14:29:49",1295400
30200,200,500,"bu","14:29:49",1287900
30200,200,2000,"bu","14:29:49",1289900
30150,150,3000,"bu","14:29:38",1287400
30150,150,2000,"bu","14:29:38",1284400
30150,150,1000,"bu","14:29:38",1282400
30150,150,200,"bu","14:29:38",1281400
30150,150,800,"bu","14:29:28",1281200
30150,150,1800,"bu","14:29:28",1280400
30150,150,5300,"bu","14:29:28",1278600
30150,150,100,"bu","14:29:28",1273300
30150,150,8000,"bu","14:29:17",1273200
30100,100,1000,"sd","14:29:15",1265200
30150,150,5400,"bu","14:29:06",1264200
30150,150,2000,"bu","14:29:06",1258800
30150,150,600,"bu","14:29:06",1256800
30150,150,8000,"bu","14:28:56",1256200
30100,100,400,"sd","14:28:46",1248200
30150,150,200,"bu","14:28:43",1247800
30150,150,7800,"bu","14:28:43",1247600
30100,100,1000,"sd","14:28:36",1239800
30100,100,1000,"bu","14:28:33",1238800
30100,100,1000,"sd","14:28:24",1237800
30100,100,100,"bu","14:28:22",1236800
30100,100,200,"bu","14:28:22",1236700
30100,100,1600,"bu","14:28:22",1236500
30100,100,900,"bu","14:28:22",1234900
30100,100,800,"bu","14:28:22",1234000
30100,100,2000,"bu","14:28:22",1233200
30100,100,100,"bu","14:28:22",1231200
30100,100,1300,"bu","14:28:22",1231100
30100,100,900,"bu","14:28:15",1229800
30100,100,1500,"bu","14:28:15",1228900
30100,100,2600,"bu","14:28:15",1227400
30050,50,3500,"sd","14:28:14",1224800
30100,100,400,"bu","14:28:12",1221300
30100,100,500,"bu","14:28:11",1220900
30100,100,400,"bu","14:28:11",1220400
30100,100,500,"bu","14:28:11",1220000
30100,100,1400,"bu","14:28:11",1219500
30100,100,2900,"bu","14:28:11",1218100
30100,100,2300,"bu","14:28:11",1215200
30100,100,1000,"bu","14:28:01",1212900
30100,100,100,"bu","14:28:01",1211900
30100,100,100,"bu","14:28:01",1211800
30100,100,1000,"bu","14:28:01",1211700
30100,100,200,"bu","14:28:01",1210700
30100,100,100,"bu","14:28:01",1210500
30100,100,200,"bu","14:28:01",1210400
30100,100,500,"bu","14:28:01",1210200
30100,100,1000,"bu","14:28:01",1209700
30100,100,100,"bu","14:28:01",1208700
30100,100,1000,"bu","14:28:01",1208600
30100,100,2000,"bu","14:28:01",1207600
30100,100,700,"bu","14:28:01",1205600
30100,100,900,"bu","14:27:51",1204900
30100,100,300,"bu","14:27:51",1204000
30100,100,6800,"bu","14:27:51",1203700
30050,50,2500,"sd","14:27:41",1196900
30100,100,6200,"bu","14:27:40",1192600
30100,100,1800,"bu","14:27:40",1194400
30050,50,1500,"bu","14:27:29",1186400
30050,50,3500,"bu","14:27:17",1184900
30050,50,100,"bu","14:27:17",1181400
30050,50,2000,"bu","14:27:17",1181300
30050,50,2400,"bu","14:27:17",1179300
30050,50,700,"bu","14:27:13",1176900
30050,50,1900,"bu","14:27:07",1176200
30050,50,200,"bu","14:27:07",1174300
30050,50,500,"bu","14:27:07",1174100
30050,50,500,"bu","14:27:07",1173600
30050,50,500,"bu","14:27:07",1173100
30050,50,1800,"bu","14:27:07",1172600
30050,50,800,"bu","14:27:07",1170800
30050,50,200,"bu","14:27:07",1170000
30050,50,1200,"bu","14:27:07",1169800
30050,50,400,"bu","14:27:07",1168600
30050,50,600,"bu","14:26:48",1168200
30050,50,1300,"bu","14:26:48",1167600
30050,50,6100,"bu","14:26:48",1166300
30050,50,4100,"bu","14:26:37",1160200
30050,50,3900,"bu","14:26:37",1156100
30050,50,8000,"bu","14:26:27",1152200
30050,50,1600,"bu","14:26:16",1144200
30050,50,500,"bu","14:26:16",1142600
30050,50,400,"bu","14:26:16",1142100
30050,50,1000,"bu","14:26:16",1141700
30050,50,4500,"bu","14:26:16",1140700
30050,50,5500,"bu","14:26:06",1136200
30050,50,2500,"bu","14:26:06",1130700
30050,50,300,"bu","14:25:55",1128200
30050,50,2000,"bu","14:25:55",1127900
30050,50,500,"bu","14:25:55",1125900
30050,50,100,"bu","14:25:55",1125400
30050,50,500,"bu","14:25:55",1125300
30050,50,4600,"bu","14:25:55",1124800
30000,0,2800,"bu","14:25:45",1120200
30000,0,500,"bu","14:25:45",1117400
30000,0,100,"bu","14:25:45",1116900
30000,0,3900,"bu","14:25:45",1116800
30000,0,8000,"bu","14:25:34",1112900
30000,0,3100,"bu","14:25:24",1104900
30000,0,200,"bu","14:25:24",1101800
30000,0,4700,"bu","14:25:24",1101600
30000,0,300,"bu","14:25:13",1096900
30000,0,100,"bu","14:25:13",1096600
30000,0,3100,"bu","14:25:13",1096500
30000,0,500,"bu","14:25:13",1093400
30000,0,800,"bu","14:25:13",1092900
30000,0,2000,"bu","14:25:13",1092100
30000,0,500,"bu","14:25:13",1090100
30000,0,700,"bu","14:25:13",1089600
30000,0,300,"bu","14:24:46",1088900
30000,0,300,"bu","14:24:46",1088600
30000,0,100,"bu","14:24:46",1088300
30000,0,1000,"bu","14:24:46",1088200
30000,0,1000,"bu","14:24:46",1087200
30000,0,1000,"bu","14:24:46",1086200
30000,0,1600,"bu","14:24:46",1085200
30000,0,100,"bu","14:24:46",1083600
30000,0,600,"bu","14:24:46",1083500
29950,-50,1800,"sd","14:24:29",1082900
29950,-50,1200,"sd","14:24:29",1081100
30000,0,4000,"bu","14:24:26",1079900
30000,0,1000,"bu","14:24:26",1075900
30000,0,1000,"bu","14:24:26",1074900
30000,0,200,"bu","14:24:25",1073900
30000,0,1000,"bu","14:24:25",1073700
30000,0,4500,"bu","14:24:25",1072700
30000,0,300,"bu","14:24:25",1068200
30000,0,1000,"bu","14:24:25",1067900
30000,0,1000,"bu","14:24:25",1066900
30000,0,1800,"bu","14:24:25",1065900
30000,0,1300,"bu","14:24:25",1064100
30000,0,1000,"bu","14:24:25",1062800
30000,0,500,"bu","14:24:25",1061800
30000,0,1600,"bu","14:24:25",1061300
30000,0,200,"bu","14:24:25",1059700
30000,0,100,"bu","14:24:25",1059500
30000,0,100,"bu","14:24:25",1059400
30000,0,1400,"bu","14:24:25",1059300
30000,0,1300,"bu","14:24:05",1057900
30000,0,100,"bu","14:24:05",1056600
30000,0,2000,"bu","14:24:05",1056500
30000,0,2600,"bu","14:24:05",1054500
30000,0,3600,"bu","14:23:57",1051900
30000,0,400,"bu","14:23:57",1048300
30000,0,100,"bu","14:23:57",1047900
30000,0,11000,"bu","14:23:57",1047800
30000,0,1000,"bu","14:23:57",1036800
30000,0,2300,"bu","14:23:57",1035800
30000,0,100,"bu","14:23:57",1033500
30000,0,300,"bu","14:23:57",1033400
30000,0,700,"bu","14:23:57",1033100
30000,0,500,"bu","14:23:57",1032400
30000,0,500,"bu","14:23:45",1031900
30000,0,2100,"bu","14:23:45",1031400
30000,0,1100,"bu","14:23:45",1029300
30000,0,700,"bu","14:23:45",1028200
30000,0,1600,"bu","14:23:45",1027500
30000,0,600,"bu","14:23:24",1025900
30000,0,3300,"bu","14:23:24",1025300
30000,0,1300,"bu","14:23:24",1022000
30000,0,800,"bu","14:23:24",1020700
30000,0,400,"bu","14:23:24",1019900
30000,0,4900,"bu","14:23:24",1019500
30000,0,1100,"bu","14:23:18",1014600
29950,-50,1000,"bu","14:23:18",1013500
30000,0,2200,"bu","14:23:18",1012500
29950,-50,1600,"bu","14:23:18",1010300
30000,0,100,"bu","14:23:18",1008700
29950,-50,200,"bu","14:23:18",1008600
30000,0,500,"bu","14:23:18",1008400
29950,-50,1400,"bu","14:23:18",1007900
30000,0,200,"bu","14:23:18",1006500
29950,-50,500,"bu","14:23:18",1006300
30000,0,600,"bu","14:23:18",1005800
29950,-50,8200,"bu","14:23:18",1005200
30000,0,200,"bu","14:23:18",997000
30000,0,1200,"bu","14:23:18",996800
30000,0,1000,"bu","14:23:18",995600
29950,-50,1800,"bu","14:23:09",994600
29950,-50,300,"bu","14:23:09",992800
29950,-50,4300,"bu","14:22:56",992500
29950,-50,800,"bu","14:22:56",988200
29950,-50,4000,"bu","14:22:49",987400
29950,-50,2000,"bu","14:22:18",983400
29950,-50,2000,"bu","14:22:18",981400
29950,-50,1300,"bu","14:20:32",979400
29950,-50,2600,"bu","14:20:26",978100
29950,-50,500,"bu","14:20:17",975500
29950,-50,700,"bu","14:20:17",975000
29950,-50,2000,"bu","14:20:01",974300
29950,-50,1000,"bu","14:19:50",972300
29950,-50,2200,"bu","14:19:44",971300
29950,-50,800,"bu","14:19:44",969100
29900,-100,100,"sd","14:19:33",968300
29900,-100,2100,"sd","14:19:33",968200
29900,-100,2500,"sd","14:19:33",966100
29900,-100,300,"sd","14:19:33",963600
29900,-100,2500,"sd","14:19:33",963300
29900,-100,2500,"sd","14:19:33",960800
29900,-100,100,"sd","14:18:53",958300
29900,-100,1800,"bu","14:17:23",958200
29900,-100,1000,"bu","14:17:13",956400
29900,-100,1200,"bu","14:17:06",955400
29900,-100,600,"bu","14:16:40",954200
29900,-100,600,"bu","14:16:40",953600
29850,-150,700,"bu","14:16:30",953000
29850,-150,100,"bu","14:16:30",952300
29850,-150,800,"bu","14:16:30",952200
29850,-150,1700,"bu","14:16:21",951400
29850,-150,1700,"bu","14:16:21",949700
29850,-150,800,"bu","14:16:09",948000
29850,-150,500,"bu","14:16:09",947200
29800,-200,2200,"sd","14:16:03",946700
29800,-200,2500,"sd","14:16:03",944500
29800,-200,300,"sd","14:16:03",942000
29850,-150,1000,"sd","14:14:10",941700
29850,-150,400,"sd","14:14:10",940700
29900,-100,100,"bu","14:13:57",940300
29900,-100,500,"bu","14:13:17",940200
29900,-100,700,"bu","14:13:17",939700
29900,-100,300,"bu","14:12:51",939000
29900,-100,3900,"bu","14:12:51",938700
29900,-100,2600,"bu","14:12:34",934800
29900,-100,400,"bu","14:12:22",932200
29900,-100,200,"bu","14:12:22",931800
29900,-100,300,"bu","14:12:12",931600
29900,-100,400,"bu","14:12:12",931300
29900,-100,500,"bu","14:12:12",930900
29900,-100,1000,"bu","14:11:54",930400
29900,-100,600,"bu","14:11:10",929400
29900,-100,1600,"bu","14:10:48",928800
29900,-100,1300,"bu","14:10:39",927200
29900,-100,500,"bu","14:10:31",925900
29900,-100,600,"bu","14:10:25",925400
29900,-100,400,"bu","14:10:17",924800
29900,-100,200,"bu","14:10:17",924400
29900,-100,1200,"bu","14:10:11",924200
29900,-100,2300,"bu","14:09:53",923000
29900,-100,2700,"bu","14:09:47",920700
29900,-100,1300,"bu","14:09:47",918000
29850,-150,2500,"bu","14:09:34",916700
29850,-150,100,"bu","14:09:34",914200
29850,-150,400,"bu","14:09:34",914100
29850,-150,100,"sd","14:07:01",913700
29850,-150,300,"sd","14:07:01",913600
29900,-100,100,"bu","14:04:56",913300
29850,-150,500,"bu","14:04:50",913200
29850,-150,2200,"bu","14:04:50",912700
29850,-150,3000,"bu","14:04:43",910500
29850,-150,1300,"bu","14:04:37",907500
29850,-150,800,"bu","14:04:29",906200
29850,-150,300,"bu","14:04:29",905400
29850,-150,200,"bu","14:04:29",905100
29850,-150,1300,"bu","14:04:19",904900
29850,-150,1200,"bu","14:04:12",903600
29850,-150,400,"bu","14:04:05",902400
29850,-150,600,"bu","14:03:42",902000
29850,-150,1300,"bu","14:03:35",901400
29850,-150,1200,"bu","14:03:05",900100
29800,-200,100,"bu","14:02:56",898900
29800,-200,1600,"bu","14:02:56",898800
29800,-200,900,"bu","14:02:50",897200
29800,-200,100,"bu","14:02:50",896300
29800,-200,2400,"bu","14:02:50",896200
29800,-200,1200,"bu","14:02:42",893800
29800,-200,2300,"bu","14:02:11",892600
29800,-200,600,"bu","14:01:51",890300
29800,-200,100,"bu","14:01:37",889700
29800,-200,1200,"bu","14:01:27",889600
29800,-200,2500,"bu","14:01:22",888400
29750,-250,1200,"sd","14:01:11",885900
29800,-200,1700,"bu","14:00:31",884700
29800,-200,100,"bu","14:00:31",883000
29800,-200,200,"bu","14:00:31",882900
29800,-200,100,"bu","14:00:31",882700
29800,-200,100,"bu","14:00:31",882600
29800,-200,500,"bu","14:00:31",882500
29800,-200,200,"bu","14:00:31",882000
29750,-250,2200,"bu","14:00:31",881800
29750,-250,5600,"bu","14:00:22",879600
29750,-250,1300,"bu","14:00:08",874000
29750,-250,2400,"bu","13:59:40",872700
29750,-250,1100,"bu","13:59:40",870300
29750,-250,1200,"bu","13:59:11",869200
29750,-250,2000,"bu","13:59:04",868000
29750,-250,1300,"bu","13:58:33",866000
29750,-250,2000,"bu","13:58:10",864700
29700,-300,1400,"bu","13:57:48",862700
29700,-300,1700,"bu","13:57:39",861300
29700,-300,500,"bu","13:57:30",859600
29700,-300,1000,"bu","13:57:21",859100
29700,-300,1200,"bu","13:57:15",858100
29700,-300,2000,"bu","13:57:07",856900
29700,-300,3500,"bu","13:57:01",854900
29700,-300,700,"bu","13:56:56",851400
29700,-300,1800,"bu","13:56:56",850700
29700,-300,1200,"bu","13:56:50",848900
29700,-300,100,"bu","13:56:17",847700
29650,-350,2600,"bu","13:56:08",847600
29650,-350,500,"bu","13:55:55",845000
29650,-350,1900,"bu","13:55:53",844500
29650,-350,100,"bu","13:55:53",842600
29650,-350,3600,"bu","13:55:53",842500
29650,-350,1200,"bu","13:55:47",838900
29650,-350,200,"bu","13:55:40",837700
29650,-350,400,"bu","13:55:40",837500
29650,-350,100,"bu","13:55:40",837100
29650,-350,100,"bu","13:55:40",837000
29650,-350,100,"bu","13:55:40",836900
29650,-350,200,"bu","13:55:40",836800
29650,-350,600,"bu","13:55:34",836600
29650,-350,1000,"bu","13:55:29",836000
29650,-350,700,"bu","13:55:19",835000
29650,-350,100,"bu","13:55:19",834300
29650,-350,1300,"bu","13:55:19",834200
29650,-350,1000,"bu","13:55:08",832900
29650,-350,800,"bu","13:54:59",831900
29650,-350,2000,"bu","13:54:51",831100
29600,-400,1800,"sd","13:50:54",829100
29600,-400,100,"sd","13:50:54",827300
29600,-400,500,"sd","13:50:33",827200
29650,-350,3000,"bu","13:48:40",826700
29650,-350,100,"bu","13:46:27",823700
29600,-400,1400,"sd","13:46:09",823600
29600,-400,2000,"sd","13:46:09",822200
29600,-400,400,"sd","13:46:09",820200
29600,-400,1600,"sd","13:45:58",819800
29600,-400,900,"sd","13:45:58",818200
29650,-350,100,"bu","13:45:55",817300
29700,-300,1200,"bu","13:45:32",817200
29600,-400,1100,"sd","13:45:04",816000
29600,-400,1200,"sd","13:45:04",814900
29650,-350,200,"sd","13:45:04",813700
29650,-350,800,"bu","13:44:57",813500
29650,-350,1300,"bu","13:44:50",812700
29600,-400,800,"sd","13:44:44",811400
29600,-400,1700,"sd","13:44:44",810600
29600,-400,300,"sd","13:44:38",808900
29600,-400,2000,"sd","13:44:38",808600
29600,-400,200,"sd","13:44:38",806600
29600,-400,1800,"sd","13:44:35",806400
29600,-400,700,"sd","13:44:35",804600
29600,-400,1300,"sd","13:44:21",803900
29600,-400,2000,"sd","13:44:21",802600
29600,-400,1700,"sd","13:44:21",800600
29600,-400,2000,"sd","13:43:59",798900
29600,-400,700,"sd","13:43:59",796900
29600,-400,300,"sd","13:43:59",796200
29600,-400,2000,"sd","13:43:59",795900
29600,-400,1300,"sd","13:43:48",793900
29600,-400,1700,"sd","13:43:48",792600
29650,-350,500,"sd","13:43:48",790900
29650,-350,500,"sd","13:43:48",790400
29650,-350,500,"sd","13:43:48",789900
29700,-300,300,"sd","13:43:30",789400
29750,-250,200,"sd","13:43:07",789100
29750,-250,1800,"sd","13:42:38",788900
29750,-250,2000,"sd","13:42:38",787100
29750,-250,1200,"sd","13:42:38",785100
29800,-200,1000,"bu","13:39:23",783900
29800,-200,2400,"bu","13:39:09",782900
29800,-200,100,"bu","13:39:09",780500
29800,-200,100,"bu","13:38:58",780400
29800,-200,100,"bu","13:38:58",780300
29800,-200,200,"bu","13:38:58",780200
29800,-200,100,"bu","13:38:58",780000
29800,-200,500,"bu","13:38:58",779900
29800,-200,300,"bu","13:38:45",779400
29800,-200,500,"bu","13:38:39",779100
29800,-200,1200,"bu","13:38:33",778600
29800,-200,100,"bu","13:38:33",777400
29750,-250,2000,"sd","13:38:23",777300
29750,-250,2000,"sd","13:38:23",775300
29750,-250,200,"sd","13:38:23",773300
29750,-250,800,"sd","13:38:23",773100
29800,-200,800,"bu","13:34:52",772300
29800,-200,300,"bu","13:34:43",771500
29800,-200,500,"bu","13:34:27",771200
29800,-200,1000,"bu","13:34:19",770700
29800,-200,500,"bu","13:33:44",769700
29800,-200,1000,"bu","13:33:32",769200
29750,-250,1800,"sd","13:33:25",768200
29750,-250,2700,"sd","13:33:25",766400
29800,-200,200,"bu","13:33:06",763700
29800,-200,600,"bu","13:32:55",763500
29800,-200,400,"bu","13:32:55",762900
29800,-200,100,"bu","13:32:31",762500
29800,-200,500,"bu","13:31:57",762400
29750,-250,4800,"sd","13:31:35",761900
29750,-250,200,"sd","13:31:35",757100
29750,-250,100,"sd","13:31:26",756900
29800,-200,100,"bu","13:30:41",756800
29800,-200,100,"bu","13:30:41",756700
29800,-200,100,"bu","13:30:41",756600
29800,-200,3800,"bu","13:30:41",756500
29800,-200,500,"bu","13:30:21",752700
29750,-250,1700,"sd","13:28:39",752200
29750,-250,2000,"sd","13:28:39",750500
29750,-250,300,"sd","13:28:39",748500
29800,-200,100,"bu","13:28:05",748200
29800,-200,100,"bu","13:27:21",748100
29800,-200,1000,"bu","13:26:32",748000
29750,-250,200,"bu","13:26:22",747000
29750,-250,100,"bu","13:26:22",746800
29750,-250,100,"bu","13:26:22",746700
29750,-250,100,"bu","13:26:22",746600
29750,-250,100,"bu","13:26:22",746500
29750,-250,100,"bu","13:26:22",746400
29700,-300,200,"bu","13:26:12",746300
29650,-350,2000,"bu","13:26:03",746100
29600,-400,300,"sd","13:26:03",744100
29600,-400,1600,"sd","13:26:03",743800
29650,-350,3000,"bu","13:25:50",742200
29650,-350,600,"bu","13:25:50",739200
29600,-400,400,"sd","13:25:37",738600
29600,-400,2000,"sd","13:25:37",738200
29600,-400,2000,"sd","13:25:37",736200
29600,-400,2000,"sd","13:25:37",734200
29600,-400,2000,"sd","13:25:37",732200
29600,-400,2000,"sd","13:25:37",730200
29600,-400,2000,"sd","13:25:37",728200
29600,-400,2000,"sd","13:25:37",726200
29600,-400,2000,"sd","13:25:37",724200
29600,-400,2000,"sd","13:25:37",722200
29600,-400,2000,"sd","13:25:37",720200
29600,-400,1600,"sd","13:25:37",718200
29600,-400,400,"sd","13:25:09",716600
29600,-400,2000,"sd","13:25:09",716200
29600,-400,2000,"sd","13:25:09",714200
29600,-400,2000,"sd","13:25:09",712200
29600,-400,2000,"sd","13:25:09",710200
29600,-400,1600,"sd","13:25:09",708200
29600,-400,100,"sd","13:25:05",706600
29600,-400,300,"sd","13:24:48",706500
29600,-400,2000,"sd","13:24:48",706200
29600,-400,2000,"sd","13:24:48",704200
29600,-400,2000,"sd","13:24:48",702200
29600,-400,2000,"sd","13:24:48",700200
29600,-400,2000,"sd","13:24:48",698200
29600,-400,2000,"sd","13:24:48",696200
29600,-400,1000,"sd","13:24:48",694200
29600,-400,1700,"sd","13:24:48",693200
29600,-400,300,"sd","13:24:35",691500
29600,-400,1200,"sd","13:24:35",691200
29600,-400,800,"sd","13:24:23",690000
29600,-400,2000,"sd","13:24:23",689200
29600,-400,2000,"sd","13:24:23",687200
29600,-400,2000,"sd","13:24:23",685200
29600,-400,2000,"sd","13:24:23",683200
29600,-400,2000,"sd","13:24:23",681200
29600,-400,2000,"sd","13:24:23",679200
29600,-400,200,"sd","13:24:23",677200
29650,-350,100,"bu","13:24:19",677000
29650,-350,800,"sd","13:24:02",676900
29650,-350,500,"sd","13:24:02",676100
29700,-300,2000,"sd","13:23:35",675600
29700,-300,1800,"sd","13:23:35",673600
29700,-300,200,"sd","13:23:28",671800
29750,-250,1000,"bu","13:23:22",671600
29750,-250,100,"bu","13:22:44",670600
29750,-250,100,"bu","13:22:04",670500
29750,-250,1900,"sd","13:20:49",670400
29750,-250,100,"sd","13:20:31",668500
29750,-250,700,"sd","13:20:31",668400
29800,-200,200,"bu","13:20:22",667700
29800,-200,500,"bu","13:19:59",667500
29600,-400,1800,"sd","13:17:50",667000
29600,-400,700,"sd","13:17:50",665200
29600,-400,100,"sd","13:17:20",664500
29650,-350,200,"sd","13:17:20",664400
29700,-300,700,"sd","13:17:20",664200
29700,-300,300,"sd","13:17:20",663500
29750,-250,2000,"sd","13:17:20",663200
29750,-250,400,"sd","13:17:20",661200
29600,-400,1300,"sd","13:17:20",660800
29750,-250,100,"sd","13:17:07",659500
29750,-250,1500,"sd","13:17:03",659400
29750,-250,2000,"sd","13:17:03",657900
29750,-250,2000,"sd","13:17:03",655900
29750,-250,2000,"sd","13:17:03",653900
29750,-250,500,"sd","13:16:40",649900
29750,-250,2000,"sd","13:16:40",651900
29800,-200,300,"bu","13:16:01",649400
29800,-200,300,"bu","13:16:01",649100
29800,-200,200,"bu","13:15:41",648800
29800,-200,100,"bu","13:15:31",648600
29800,-200,1400,"sd","13:15:14",648500
29800,-200,600,"sd","13:15:01",647100
29800,-200,400,"sd","13:15:01",646500
29850,-150,1100,"bu","13:14:29",646100
29850,-150,100,"bu","13:14:29",645000
29850,-150,300,"bu","13:14:18",644900
29850,-150,600,"bu","13:13:48",644600
29850,-150,300,"bu","13:13:42",644000
29850,-150,1200,"bu","13:13:34",643700
29800,-200,1600,"bu","13:13:27",642500
29800,-200,1300,"bu","13:13:20",640900
29800,-200,500,"bu","13:13:14",639600
29800,-200,1500,"bu","13:13:14",639100
29800,-200,1900,"bu","13:12:58",637600
29800,-200,1200,"bu","13:12:58",635700
29800,-200,1200,"bu","13:12:52",634500
29800,-200,2600,"bu","13:12:46",633300
29800,-200,800,"bu","13:12:46",630700
29800,-200,300,"bu","13:12:37",629900
29800,-200,900,"bu","13:12:37",629600
29800,-200,1100,"sd","13:11:46",628700
29800,-200,100,"sd","13:11:12",627600
29850,-150,2000,"bu","13:07:23",627500
29850,-150,300,"bu","13:07:09",625500
29850,-150,1200,"bu","13:07:03",625200
29850,-150,200,"bu","13:06:53",624000
29850,-150,100,"bu","13:06:53",623800
29850,-150,200,"sd","13:06:29",623700
29900,-100,100,"bu","13:05:59",623500
29900,-100,4700,"bu","13:05:29",623400
29900,-100,500,"bu","13:05:18",618700
29900,-100,3700,"bu","13:05:18",618200
29900,-100,1400,"bu","13:05:18",614500
29900,-100,3500,"bu","13:05:09",613100
29850,-150,1200,"bu","13:05:09",609600
29850,-150,300,"bu","13:04:59",608400
29850,-150,200,"bu","13:04:45",608100
29850,-150,4200,"bu","13:04:34",607900
29850,-150,1500,"bu","13:04:34",603700
29850,-150,1600,"bu","13:04:12",602200
29800,-200,1000,"bu","13:04:12",600600
29800,-200,100,"sd","13:04:05",599600
29800,-200,2500,"sd","13:04:05",599500
29800,-200,1400,"sd","13:04:05",597000
29850,-150,3300,"bu","13:04:03",595600
29850,-150,1300,"bu","13:04:03",592300
29850,-150,300,"bu","13:03:04",591000
29800,-200,1100,"sd","13:02:38",590700
29800,-200,500,"sd","13:02:38",589600
29800,-200,500,"sd","13:02:38",589100
29800,-200,200,"sd","13:02:38",588600
29850,-150,200,"bu","13:02:35",588400
29850,-150,100,"bu","13:02:28",588200
29850,-150,600,"bu","13:01:59",588100
29850,-150,3600,"bu","13:01:59",587500
29850,-150,3300,"bu","13:01:59",583900
29850,-150,500,"bu","13:01:31",580600
29850,-150,1200,"bu","13:01:23",580100
29850,-150,200,"unknown","13:00:04",578900
29850,-150,100,"sd","13:00:02",578700
29850,-150,200,"sd","13:00:00",578600
29900,-100,200,"bu","11:29:30",578400
29850,-150,4500,"bu","11:29:24",578200
29850,-150,1200,"bu","11:29:20",573700
29850,-150,6000,"bu","11:29:15",572500
29850,-150,300,"bu","11:29:10",566500
29850,-150,500,"bu","11:28:57",566200
29850,-150,1000,"bu","11:28:57",565700
29850,-150,500,"bu","11:28:47",564700
29850,-150,2000,"bu","11:28:42",564200
29850,-150,500,"bu","11:28:42",562200
29850,-150,1500,"bu","11:28:36",561700
29850,-150,500,"bu","11:28:20",560200
29850,-150,2300,"bu","11:28:16",559700
29850,-150,1000,"bu","11:28:10",557400
29850,-150,200,"sd","11:28:00",556400
29850,-150,500,"sd","11:28:00",556200
29900,-100,500,"bu","11:27:50",555700
29900,-100,300,"bu","11:27:44",555200
29850,-150,5000,"bu","11:27:11",554900
29850,-150,100,"bu","11:27:11",549900
29850,-150,100,"bu","11:27:11",549800
29850,-150,6000,"bu","11:27:11",549700
29850,-150,100,"bu","11:27:11",543700
29850,-150,100,"bu","11:27:11",543600
29850,-150,100,"bu","11:27:11",543500
29850,-150,100,"bu","11:27:11",543400
29850,-150,200,"bu","11:27:11",543300
29850,-150,200,"bu","11:27:11",543100
29850,-150,100,"bu","11:27:11",542900
29850,-150,100,"bu","11:27:11",542800
29850,-150,6600,"bu","11:27:11",542700
29850,-150,3000,"bu","11:26:56",536100
29800,-200,400,"sd","11:26:35",533100
29800,-200,2500,"bu","11:26:32",532700
29800,-200,100,"bu","11:26:32",530200
29800,-200,2000,"sd","11:24:44",530100
29800,-200,2000,"sd","11:24:44",528100
29800,-200,1600,"sd","11:24:44",526100
29800,-200,400,"sd","11:22:26",524500
29800,-200,100,"sd","11:22:26",524100
29800,-200,200,"sd","11:22:09",524000
29800,-200,1700,"sd","11:22:07",523800
29800,-200,600,"sd","11:22:07",522100
29800,-200,100,"sd","11:21:38",521500
29800,-200,1300,"sd","11:21:01",521400
29800,-200,1200,"sd","11:21:01",520100
29800,-200,800,"sd","11:19:48",518900
29800,-200,1700,"sd","11:19:48",518100
29800,-200,100,"sd","11:19:36",516400
29850,-150,300,"bu","11:18:56",516300
29850,-150,100,"bu","11:18:51",516000
29850,-150,400,"bu","11:18:51",515900
29850,-150,600,"bu","11:18:45",515500
29850,-150,200,"bu","11:18:39",514900
29850,-150,1200,"bu","11:18:33",514700
29800,-200,200,"sd","11:18:00",513500
29800,-200,200,"sd","11:18:00",513300
29800,-200,1600,"sd","11:18:00",513100
29850,-150,500,"bu","11:17:09",511500
29850,-150,1000,"bu","11:17:03",511000
29850,-150,1300,"bu","11:16:56",510000
29800,-200,400,"sd","11:11:36",508700
29800,-200,600,"sd","11:11:36",508300
29800,-200,200,"sd","11:07:22",507700
29800,-200,1200,"sd","11:04:10",507500
29850,-150,2600,"bu","11:03:54",506300
29900,-100,100,"bu","11:03:31",503700
29850,-150,800,"sd","11:03:29",503600
29850,-150,200,"bu","11:03:26",502800
29850,-150,300,"bu","11:03:26",502600
29850,-150,200,"bu","11:03:26",502300
29850,-150,300,"bu","11:03:26",502100
29850,-150,100,"bu","11:03:26",501800
29850,-150,1100,"bu","11:03:26",501700
29850,-150,2600,"bu","11:03:13",500600
29850,-150,1800,"bu","11:03:05",498000
29850,-150,100,"bu","11:03:05",496200
29850,-150,100,"bu","11:03:05",496100
29850,-150,100,"bu","11:03:05",496000
29850,-150,1300,"bu","11:03:05",495900
29850,-150,3100,"bu","11:02:45",494600
29850,-150,600,"bu","11:02:33",491500
29850,-150,600,"bu","11:02:29",490900
29850,-150,1300,"bu","11:02:23",490300
29850,-150,100,"bu","11:02:23",489000
29850,-150,100,"bu","11:02:23",488900
29850,-150,100,"bu","11:02:23",488800
29850,-150,1300,"bu","11:02:23",488700
29850,-150,500,"bu","11:02:23",487400
29850,-150,1600,"bu","11:02:19",486900
29850,-150,600,"bu","11:01:57",485300
29850,-150,2200,"bu","11:01:50",484700
29850,-150,1600,"bu","11:01:39",482500
29850,-150,100,"sd","11:01:22",480900
29900,-100,100,"bu","11:01:09",480800
29900,-100,500,"bu","11:00:54",480700
29900,-100,200,"bu","11:00:44",480200
29900,-100,400,"bu","11:00:44",480000
29850,-150,2900,"bu","11:00:37",479600
29850,-150,400,"bu","11:00:28",476700
29850,-150,3100,"bu","11:00:23",476300
29850,-150,1200,"bu","11:00:23",473200
29850,-150,200,"bu","11:00:11",472000
29850,-150,2600,"bu","11:00:06",471800
29850,-150,300,"sd","10:59:55",469200
29900,-100,1300,"bu","10:59:47",468900
29900,-100,100,"bu","10:59:42",467600
29850,-150,2700,"bu","10:59:32",467500
29850,-150,1200,"bu","10:59:18",464800
29850,-150,700,"bu","10:59:12",463600
29850,-150,2700,"bu","10:59:12",462900
29850,-150,1100,"bu","10:58:50",460200
29850,-150,2200,"bu","10:58:45",459100
29850,-150,700,"bu","10:58:37",456900
29850,-150,2700,"bu","10:58:37",456200
29850,-150,3400,"bu","10:58:09",453500
29850,-150,700,"bu","10:58:01",450100
29850,-150,400,"bu","10:58:00",449400
29850,-150,100,"bu","10:57:53",449000
29850,-150,500,"bu","10:57:53",448900
29850,-150,1300,"bu","10:57:47",448400
29850,-150,600,"bu","10:57:26",447100
29850,-150,1600,"bu","10:57:07",446500
29850,-150,2100,"bu","10:56:55",444900
29800,-200,2000,"sd","10:56:55",442800
29800,-200,700,"sd","10:56:54",440800
29850,-150,300,"bu","10:56:45",440100
29850,-150,100,"bu","10:56:45",439800
29800,-200,100,"sd","10:56:44",439700
29850,-150,2200,"bu","10:56:34",439600
29850,-150,1300,"bu","10:56:16",437400
29850,-150,2200,"sd","10:55:46",436100
29850,-150,2200,"sd","10:55:30",433900
29900,-100,300,"bu","10:54:00",431700
29900,-100,100,"bu","10:53:51",431400
29850,-150,2300,"sd","10:53:45",431300
29900,-100,2200,"bu","10:53:19",429000
29900,-100,300,"bu","10:53:01",426800
29900,-100,300,"bu","10:52:48",426500
29900,-100,1200,"bu","10:52:42",426200
29850,-150,800,"sd","10:52:33",425000
29850,-150,2000,"sd","10:52:33",424200
29850,-150,800,"sd","10:52:33",422200
29850,-150,1200,"sd","10:52:26",421400
29850,-150,2000,"sd","10:52:26",420200
29850,-150,300,"sd","10:52:26",418200
29900,-100,400,"bu","10:52:08",417900
29900,-100,300,"bu","10:52:03",417500
29900,-100,200,"bu","10:51:57",417200
29900,-100,100,"bu","10:51:53",417000
29900,-100,1200,"bu","10:51:13",416900
29900,-100,600,"bu","10:49:11",415700
29900,-100,1100,"bu","10:48:36",415100
29900,-100,100,"bu","10:48:36",414000
29850,-150,100,"sd","10:48:26",413900
29850,-150,1900,"bu","10:48:23",413800
29850,-150,700,"bu","10:48:18",411900
29850,-150,1500,"bu","10:48:18",411200
29850,-150,1300,"bu","10:48:10",409700
29800,-200,100,"sd","10:48:08",408400
29850,-150,1200,"bu","10:47:56",408300
29850,-150,2800,"bu","10:47:49",407100
29850,-150,2300,"bu","10:47:41",404300
29850,-150,900,"bu","10:47:28",402000
29850,-150,300,"bu","10:47:28",401100
29800,-200,1100,"sd","10:47:21",400800
29800,-200,100,"sd","10:47:21",399700
29850,-150,3400,"bu","10:47:14",399600
29850,-150,2200,"bu","10:47:08",396200
29850,-150,1300,"bu","10:47:02",394000
29850,-150,400,"bu","10:46:23",392700
29850,-150,1300,"bu","10:46:03",392300
29850,-150,1100,"bu","10:45:58",391000
29850,-150,1500,"bu","10:45:58",389900
29850,-150,3500,"bu","10:45:49",388400
29850,-150,500,"bu","10:45:49",384900
29800,-200,1900,"sd","10:45:41",384400
29800,-200,300,"sd","10:45:41",382500
29800,-200,1700,"sd","10:45:29",382200
29800,-200,500,"sd","10:45:29",380500
29800,-200,700,"sd","10:45:20",378500
29800,-200,1500,"sd","10:45:20",380000
29850,-150,1100,"bu","10:44:38",377800
29850,-150,700,"bu","10:44:38",376700
29850,-150,200,"bu","10:44:38",376000
29850,-150,1200,"bu","10:44:29",375800
29850,-150,2000,"sd","10:44:24",374600
29850,-150,400,"sd","10:44:24",372600
29900,-100,500,"bu","10:44:14",372200
29900,-100,600,"bu","10:43:40",371700
29900,-100,100,"bu","10:43:34",371100
29900,-100,1200,"bu","10:43:17",371000
29850,-150,2600,"bu","10:43:11",369800
29850,-150,3600,"bu","10:43:02",367200
29850,-150,700,"bu","10:42:51",363600
29850,-150,1900,"bu","10:42:51",362900
29850,-150,3400,"bu","10:42:27",361000
29850,-150,1300,"bu","10:42:21",357600
29850,-150,100,"bu","10:42:07",356300
29850,-150,1100,"bu","10:42:07",356200
29850,-150,1200,"bu","10:41:55",355100
29850,-150,1000,"bu","10:41:41",353900
29850,-150,1300,"bu","10:41:36",352900
29900,-100,2300,"bu","10:41:15",351600
29900,-100,1200,"bu","10:41:10",349300
29850,-150,2000,"sd","10:40:56",348100
29850,-150,200,"sd","10:40:56",346100
29900,-100,500,"bu","10:39:38",345900
29900,-100,300,"bu","10:39:23",345400
29900,-100,900,"bu","10:39:23",345100
29850,-150,1800,"bu","10:39:17",344200
29850,-150,2500,"bu","10:39:11",342400
29850,-150,900,"bu","10:39:11",339900
29850,-150,3700,"bu","10:38:53",339000
29850,-150,600,"bu","10:38:53",335300
29850,-150,1300,"bu","10:38:45",334700
29850,-150,2300,"bu","10:38:41",333400
29850,-150,1300,"bu","10:38:22",331100
29850,-150,200,"bu","10:38:14",329800
29850,-150,700,"bu","10:38:08",329600
29850,-150,600,"bu","10:38:08",328900
29850,-150,2600,"bu","10:37:57",328300
29850,-150,1100,"bu","10:37:50",325700
29850,-150,300,"bu","10:37:44",324600
29850,-150,3100,"bu","10:37:44",324300
29850,-150,1200,"bu","10:37:38",321200
29850,-150,400,"sd","10:37:08",320000
29900,-100,100,"bu","10:37:07",319600
29900,-100,1000,"bu","10:37:07",319500
29900,-100,100,"bu","10:37:07",318500
29850,-150,3600,"bu","10:37:01",318400
29850,-150,1000,"bu","10:36:54",314800
29850,-150,600,"bu","10:36:54",313800
29850,-150,2000,"sd","10:36:38",313200
29850,-150,1400,"sd","10:36:38",311200
29850,-150,600,"sd","10:36:30",309800
29850,-150,2000,"sd","10:36:30",309200
29850,-150,1700,"sd","10:36:30",307200
29850,-150,300,"sd","10:36:20",305500
29850,-150,2000,"sd","10:36:20",305200
29850,-150,600,"sd","10:36:20",303200
29850,-150,700,"sd","10:36:20",302600
29900,-100,1300,"bu","10:33:38",301900
29900,-100,100,"bu","10:33:33",300600
29900,-100,2000,"bu","10:33:21",300500
29900,-100,1200,"bu","10:33:13",298500
29900,-100,200,"bu","10:33:09",297300
29900,-100,1200,"bu","10:33:02",297100
29900,-100,100,"bu","10:31:31",295900
29850,-150,1000,"sd","10:31:26",295800
29850,-150,300,"sd","10:31:16",294800
29850,-150,500,"sd","10:31:16",294500
29900,-100,2600,"bu","10:30:54",294000
29900,-100,1200,"bu","10:30:42",291400
29900,-100,100,"bu","10:30:35",290200
29900,-100,100,"bu","10:29:43",290100
29850,-150,300,"bu","10:29:32",290000
29850,-150,100,"bu","10:27:32",289700
29850,-150,300,"sd","10:26:51",289600
29850,-150,1200,"sd","10:26:51",289300
29900,-100,100,"sd","10:26:51",288100
29850,-150,400,"sd","10:25:51",288000
29900,-100,800,"sd","10:25:51",287600
29950,-50,300,"bu","10:24:06",286800
29950,-50,3100,"bu","10:24:00",286500
29950,-50,2200,"bu","10:23:48",283400
29950,-50,100,"bu","10:23:48",281200
29950,-50,1200,"bu","10:23:41",281100
29900,-100,1200,"sd","10:23:13",279900
29900,-100,1300,"sd","10:23:13",278700
29950,-50,1300,"bu","10:22:45",277400
29950,-50,100,"bu","10:22:40",276100
29950,-50,1300,"bu","10:22:06",276000
29950,-50,1300,"bu","10:22:02",274700
29950,-50,200,"bu","10:21:42",273400
29950,-50,1100,"bu","10:21:37",273200
29950,-50,100,"bu","10:21:37",272100
29950,-50,1900,"sd","10:21:17",272000
29950,-50,100,"sd","10:21:09",270100
29950,-50,2000,"sd","10:21:09",270000
29950,-50,500,"sd","10:21:09",268000
30000,0,100,"bu","10:20:39",267500
30000,0,100,"bu","10:14:50",267400
29950,-50,1500,"bu","10:14:42",267300
29950,-50,1000,"bu","10:14:34",265800
29950,-50,2800,"bu","10:14:34",264800
29950,-50,1600,"bu","10:14:21",262000
29950,-50,200,"bu","10:14:11",260400
29950,-50,2000,"bu","10:14:11",260200
29950,-50,100,"bu","10:13:56",258200
29950,-50,2500,"bu","10:13:44",258100
29950,-50,600,"bu","10:13:44",255600
29950,-50,1200,"bu","10:13:39",255000
29950,-50,1600,"sd","10:13:25",253800
29950,-50,400,"sd","10:13:16",252200
29950,-50,2000,"sd","10:13:16",251800
29950,-50,1200,"sd","10:13:16",249800
30000,0,100,"bu","10:13:03",248600
29950,-50,800,"sd","10:12:56",248500
29950,-50,2000,"sd","10:12:56",247700
29950,-50,1500,"sd","10:12:56",245700
29950,-50,200,"sd","10:12:35",244200
29950,-50,300,"sd","10:12:16",244000
29950,-50,2000,"sd","10:12:16",243700
29950,-50,1800,"sd","10:12:16",241700
30000,0,300,"bu","10:09:55",239900
30000,0,200,"bu","10:09:50",239600
30000,0,100,"bu","10:09:36",239400
29950,-50,200,"sd","10:08:39",239300
29950,-50,500,"sd","10:08:39",239100
30000,0,200,"bu","10:07:00",238600
30000,0,100,"bu","10:06:55",238400
30000,0,100,"bu","10:05:37",238300
29950,-50,3500,"bu","10:05:31",238200
29950,-50,1300,"bu","10:05:23",234700
29950,-50,1600,"bu","10:05:18",233400
29950,-50,1000,"bu","10:05:18",231800
29950,-50,1300,"bu","10:05:10",230800
29950,-50,100,"bu","10:05:06",229500
29950,-50,1000,"sd","10:04:59",229400
29950,-50,200,"bu","10:04:49",228400
29950,-50,2000,"sd","10:04:41",228200
29950,-50,2000,"sd","10:04:41",226200
29950,-50,800,"sd","10:04:41",224200
30000,0,100,"bu","10:04:09",223400
30000,0,100,"bu","10:01:23",223300
29950,-50,1000,"bu","10:01:16",223200
29950,-50,2200,"bu","10:01:16",222200
29950,-50,3600,"bu","10:01:11",220000
29950,-50,900,"bu","10:01:04",216400
29950,-50,400,"bu","10:01:04",215500
29900,-100,700,"sd","10:00:58",215100
29900,-100,700,"sd","10:00:58",214400
29900,-100,500,"sd","10:00:58",213700
29900,-100,700,"sd","10:00:58",213200
29950,-50,1300,"bu","10:00:50",212500
29950,-50,2000,"sd","10:00:34",211200
29950,-50,900,"sd","10:00:34",209200
29950,-50,1100,"sd","10:00:22",208300
29950,-50,2000,"sd","10:00:22",207200
29950,-50,400,"sd","10:00:22",205200
30000,0,200,"bu","10:00:12",204800
30000,0,200,"bu","09:58:38",204600
30000,0,100,"bu","09:58:27",204400
29950,-50,1600,"sd","09:58:23",204300
29950,-50,1800,"sd","09:58:23",202700
29950,-50,100,"sd","09:58:15",200900
29950,-50,200,"sd","09:58:15",200800
29950,-50,2000,"sd","09:58:15",200600
29950,-50,2000,"sd","09:58:15",198600
30000,0,500,"bu","09:56:55",196600
30000,0,600,"bu","09:56:47",196100
30000,0,300,"bu","09:56:41",195500
29950,-50,100,"sd","09:56:23",195200
30000,0,200,"bu","09:55:57",195100
30000,0,100,"bu","09:55:53",194900
30000,0,1200,"bu","09:52:10",194800
29950,-50,1400,"bu","09:52:05",193600
29950,-50,1300,"bu","09:51:58",192200
29950,-50,700,"sd","09:51:53",190900
30000,0,1200,"bu","09:51:40",190200
29950,-50,3000,"bu","09:51:33",189000
29950,-50,1300,"bu","09:51:33",186000
29950,-50,3300,"bu","09:51:27",184700
29950,-50,300,"bu","09:51:27",181400
29950,-50,4300,"bu","09:51:18",181100
29900,-100,3300,"sd","09:51:12",176800
29900,-100,2400,"bu","09:51:04",173500
29900,-100,700,"sd","09:50:45",171100
29950,-50,3400,"bu","09:50:38",170400
29950,-50,1600,"bu","09:50:27",167000
29950,-50,1600,"bu","09:50:14",165400
29950,-50,100,"bu","09:50:14",163800
29950,-50,400,"bu","09:50:14",163700
29950,-50,500,"bu","09:50:14",163300
29900,-100,2700,"bu","09:50:07",162800
29900,-100,2000,"sd","09:49:51",160100
29900,-100,1700,"sd","09:49:51",158100
29900,-100,300,"sd","09:49:43",156400
29900,-100,2000,"sd","09:49:43",156100
29900,-100,2000,"sd","09:49:43",154100
29900,-100,1300,"sd","09:49:43",152100
29900,-100,700,"sd","09:49:21",150800
29900,-100,200,"sd","09:49:21",150100
29950,-50,1300,"bu","09:48:53",149900
29950,-50,1300,"bu","09:48:43",148600
29950,-50,3300,"bu","09:48:37",147300
29950,-50,1000,"bu","09:48:37",144000
29950,-50,1300,"bu","09:48:31",143000
29950,-50,1000,"bu","09:47:48",141700
29900,-100,1800,"sd","09:47:40",140700
29900,-100,2000,"sd","09:47:40",138900
29900,-100,1500,"sd","09:47:40",136900
29900,-100,500,"sd","09:47:33",135400
29900,-100,300,"sd","09:47:33",134900
29950,-50,100,"bu","09:47:13",134600
29950,-50,400,"bu","09:47:08",134500
29900,-100,1700,"sd","09:47:00",134100
29900,-100,2000,"sd","09:47:00",132400
29900,-100,1600,"sd","09:47:00",130400
29950,-50,600,"bu","09:43:29",128800
29950,-50,100,"bu","09:43:22",128200
29950,-50,100,"bu","09:41:54",128100
29950,-50,3100,"bu","09:41:46",128000
29950,-50,1200,"bu","09:41:40",124900
29900,-100,400,"sd","09:41:30",123700
29900,-100,900,"sd","09:41:30",123300
29950,-50,1300,"bu","09:40:25",122400
29950,-50,2000,"bu","09:40:12",121100
29950,-50,300,"bu","09:40:07",119100
29950,-50,900,"bu","09:40:07",118800
29900,-100,1200,"sd","09:40:01",117900
29950,-50,2000,"sd","09:39:40",116700
29950,-50,2000,"sd","09:39:40",114700
29950,-50,1200,"sd","09:39:40",112700
30000,0,200,"bu","09:39:29",111500
29950,-50,100,"sd","09:39:28",111300
30000,0,100,"bu","09:39:25",111200
29950,-50,700,"sd","09:37:43",111100
29950,-50,1800,"sd","09:37:43",110400
29950,-50,700,"sd","09:36:44",108600
29950,-50,100,"sd","09:36:44",107900
29950,-50,100,"sd","09:35:56",107800
29950,-50,200,"sd","09:35:56",107700
30000,0,100,"bu","09:33:49",107500
29950,-50,1100,"bu","09:33:45",107400
29900,-100,300,"sd","09:33:28",106300
29950,-50,3400,"bu","09:33:27",106000
29950,-50,1100,"bu","09:33:22",102600
29950,-50,100,"bu","09:33:22",101500
29950,-50,2000,"sd","09:33:10",101400
29950,-50,1900,"sd","09:33:10",99400
29950,-50,100,"sd","09:31:54",97500
29950,-50,2000,"sd","09:31:54",97400
29950,-50,1400,"sd","09:31:54",95400
29950,-50,100,"sd","09:31:52",94000
30000,0,300,"bu","09:31:51",93900
29950,-50,500,"sd","09:31:41",93600
29950,-50,2000,"sd","09:31:41",93100
29950,-50,2000,"sd","09:31:41",91100
29950,-50,500,"sd","09:31:41",89100
30000,0,200,"bu","09:31:32",88600
30000,0,100,"bu","09:31:27",88400
30000,0,2300,"bu","09:31:22",88300
30000,0,1200,"bu","09:31:02",86000
30000,0,1000,"bu","09:29:10",84800
30000,0,1200,"bu","09:27:32",83800
29950,-50,100,"sd","09:27:31",82600
29950,-50,400,"bu","09:27:25",82500
29950,-50,2100,"sd","09:27:07",82100
30000,0,1200,"bu","09:24:42",80000
29950,-50,1600,"sd","09:24:12",78800
30000,0,2000,"sd","09:24:07",77200
30000,0,1400,"sd","09:24:07",75200
30050,50,1300,"bu","09:23:12",73800
30000,0,2000,"sd","09:22:59",72500
30000,0,400,"sd","09:22:59",70500
30000,0,600,"sd","09:22:59",70100
30000,0,2000,"sd","09:22:59",69500
30050,50,1200,"bu","09:22:28",67500
30050,50,300,"bu","09:22:18",66300
30000,0,100,"sd","09:22:14",66000
30050,50,300,"bu","09:22:02",65900
30050,50,2000,"bu","09:21:54",65600
30050,50,100,"bu","09:21:44",63600
30050,50,200,"bu","09:21:36",63500
30050,50,200,"bu","09:21:36",63300
30050,50,600,"bu","09:21:36",63100
30000,0,100,"sd","09:21:30",62500
30050,50,3100,"bu","09:21:30",62400
30000,0,100,"sd","09:21:21",59300
30050,50,1700,"bu","09:21:20",59200
30050,50,600,"bu","09:21:20",57500
30050,50,1200,"bu","09:21:15",56900
30000,0,1300,"sd","09:20:54",55700
30000,0,2000,"sd","09:20:54",54400
30000,0,1700,"sd","09:20:54",52400
30000,0,300,"sd","09:20:49",50700
30000,0,2000,"sd","09:20:49",50400
30000,0,1300,"sd","09:20:49",48400
30000,0,100,"sd","09:20:46",47100
30050,50,600,"bu","09:20:35",47000
30050,50,400,"bu","09:20:31",46400
30000,0,200,"sd","09:20:24",46000
30000,0,400,"sd","09:20:03",45800
30000,0,900,"sd","09:20:03",45400
30050,50,200,"bu","09:19:55",44500
30000,0,300,"sd","09:19:53",44300
30050,50,100,"bu","09:19:47",44000
30000,0,800,"sd","09:19:31",43900
30000,0,900,"sd","09:19:31",43100
30050,50,100,"bu","09:16:03",42200
30000,0,4100,"bu","09:15:54",42100
30000,0,900,"bu","09:15:47",38000
30000,0,400,"bu","09:15:47",37100
30000,0,36700,"bu","09:15:00",36700
