"price","change","match_qtty","side","time","total_vol"
15500,-300,22100,"bu","14:45:00",1129900
15600,-200,400,"bu","14:29:54",1107800
15600,-200,100,"bu","14:29:22",1107400
15600,-200,1000,"bu","14:28:35",1107300
15500,-300,300,"bu","14:28:27",1106300
15500,-300,100,"bu","14:28:11",1106000
15500,-300,2000,"bu","14:27:42",1105900
15500,-300,4000,"sd","14:26:52",1103900
15500,-300,200,"sd","14:26:34",1099900
15500,-300,5500,"sd","14:25:47",1099700
15500,-300,800,"sd","14:25:35",1094200
15500,-300,100,"sd","14:25:06",1093400
15500,-300,100,"sd","14:24:32",1093300
15500,-300,100,"sd","14:24:10",1093200
15500,-300,1600,"sd","14:22:33",1093100
15500,-300,3000,"bu","14:22:20",1091500
15500,-300,400,"bu","14:22:16",1088500
15500,-300,300,"bu","14:22:14",1088100
15500,-300,1000,"bu","14:22:02",1087800
15500,-300,16200,"bu","14:21:30",1086800
15400,-400,1000,"sd","14:21:04",1070600
15400,-400,10000,"sd","14:20:57",1069600
15400,-400,2000,"sd","14:17:41",1059600
15400,-400,100,"sd","14:17:21",1057600
15400,-400,100,"bu","14:17:18",1057500
15400,-400,1000,"bu","14:17:12",1057400
15400,-400,5000,"bu","14:17:03",1056400
15400,-400,200,"bu","14:15:14",1051400
15400,-400,100,"bu","14:15:05",1051200
15400,-400,1000,"bu","14:14:09",1051100
15400,-400,2000,"bu","14:13:54",1050100
15400,-400,3100,"bu","14:12:07",1048100
15400,-400,5000,"sd","14:11:49",1045000
15400,-400,200,"sd","14:11:01",1040000
15400,-400,200,"sd","14:10:45",1039800
15400,-400,2000,"sd","14:10:30",1039600
15400,-400,500,"sd","14:10:08",1037600
15500,-300,100,"bu","14:10:07",1037100
15500,-300,200,"bu","14:10:04",1037000
15500,-300,200,"bu","14:09:57",1036800
15500,-300,1000,"bu","14:09:53",1036600
15500,-300,500,"bu","14:09:20",1035600
15500,-300,100,"bu","14:09:18",1035100
15500,-300,1000,"bu","14:09:10",1035000
15500,-300,1000,"bu","14:09:04",1034000
15500,-300,2000,"bu","14:09:01",1033000
15500,-300,600,"bu","14:08:53",1031000
15500,-300,100,"bu","14:08:49",1030400
15500,-300,100,"bu","14:08:36",1030300
15500,-300,1900,"bu","14:08:13",1030200
15400,-400,700,"sd","14:08:01",1028300
15400,-400,500,"bu","14:07:59",1027600
15400,-400,5000,"bu","14:07:58",1027100
15400,-400,800,"bu","14:07:54",1022100
15400,-400,2000,"bu","14:07:52",1021300
15400,-400,2100,"bu","14:07:50",1019300
15400,-400,3000,"bu","14:07:49",1017200
15400,-400,10000,"bu","14:07:42",1014200
15400,-400,1000,"bu","14:07:41",1004200
15400,-400,500,"bu","14:07:40",1003200
15400,-400,1000,"bu","14:07:39",1002700
15400,-400,600,"bu","14:07:38",1001700
15400,-400,100,"bu","14:07:29",1001100
15400,-400,300,"bu","14:07:03",1001000
15400,-400,200,"bu","14:07:02",1000700
15400,-400,100,"bu","14:06:55",1000500
15400,-400,100,"bu","14:06:47",1000400
15300,-500,100,"sd","14:06:39",1000300
15300,-500,1000,"sd","14:05:12",1000200
15300,-500,100,"sd","14:02:49",999200
15300,-500,100,"bu","14:02:30",999100
15300,-500,1000,"bu","14:02:22",999000
15300,-500,100,"sd","14:02:00",998000
15300,-500,3000,"bu","14:01:39",997900
15300,-500,1200,"bu","14:01:30",994900
15300,-500,1000,"sd","14:01:18",993700
15300,-500,1000,"bu","14:01:11",992700
15300,-500,100,"bu","14:01:04",991700
15300,-500,300,"bu","14:00:54",991600
15300,-500,200,"bu","14:00:47",991300
15300,-500,2000,"bu","14:00:44",991100
15300,-500,5000,"bu","14:00:35",989100
15300,-500,100,"bu","14:00:23",984100
15200,-600,200,"sd","13:59:56",984000
15300,-500,100,"bu","13:59:42",983800
15200,-600,1000,"sd","13:58:09",983700
15300,-500,100,"bu","13:58:08",982700
15300,-500,1000,"bu","13:57:25",982600
15300,-500,1000,"bu","13:57:16",981600
15300,-500,1000,"bu","13:56:53",980600
15300,-500,2000,"bu","13:56:38",979600
15300,-500,1000,"bu","13:56:25",977600
15300,-500,600,"bu","13:56:10",976600
15300,-500,2000,"bu","13:56:04",976000
15300,-500,7000,"bu","13:55:07",974000
15300,-500,1000,"bu","13:55:01",967000
15300,-500,300,"bu","13:54:58",966000
15300,-500,700,"bu","13:54:52",965700
15300,-500,1000,"bu","13:54:29",965000
15300,-500,1300,"sd","13:51:24",964000
15300,-500,200,"sd","13:50:38",962700
15300,-500,3500,"sd","13:49:22",962500
15300,-500,100,"bu","13:49:17",959000
15300,-500,100,"bu","13:49:16",958900
15300,-500,10000,"bu","13:49:05",958800
15300,-500,2000,"bu","13:48:02",948800
15300,-500,500,"bu","13:47:50",946800
15300,-500,200,"bu","13:46:27",946300
15300,-500,1800,"sd","13:46:23",946100
15300,-500,1000,"sd","13:46:08",944300
15300,-500,2700,"sd","13:44:47",943300
15300,-500,100,"bu","13:44:38",940600
15300,-500,100,"sd","13:44:23",940500
15300,-500,600,"sd","13:44:15",940400
15300,-500,400,"sd","13:43:48",939800
15300,-500,300,"bu","13:43:42",939400
15300,-500,6800,"sd","13:43:37",939100
15300,-500,1200,"bu","13:42:56",932300
15300,-500,100,"bu","13:42:54",931100
15300,-500,1500,"bu","13:42:45",931000
15200,-600,4000,"sd","13:42:26",929500
15300,-500,9000,"bu","13:42:25",925500
15200,-600,100,"sd","13:41:34",916500
15300,-500,400,"bu","13:41:12",916400
15300,-500,500,"bu","13:40:51",916000
15300,-500,1000,"bu","13:40:47",915500
15300,-500,100,"bu","13:40:16",914500
15300,-500,2000,"bu","13:39:55",914400
15300,-500,600,"bu","13:39:50",912400
15300,-500,500,"bu","13:39:48",911800
15300,-500,2000,"bu","13:39:38",911300
15300,-500,2000,"bu","13:39:35",909300
15300,-500,200,"bu","13:39:30",907300
15300,-500,1000,"bu","13:39:04",907100
15300,-500,200,"bu","13:38:35",906100
15300,-500,100,"bu","13:36:34",905900
15300,-500,100,"bu","13:36:20",905800
15300,-500,500,"bu","13:36:19",905700
15300,-500,300,"bu","13:35:59",905200
15300,-500,600,"bu","13:35:36",904900
15300,-500,9000,"bu","13:34:52",904300
15200,-600,1000,"sd","13:34:33",895300
15300,-500,500,"bu","13:34:30",894300
15200,-600,200,"sd","13:34:16",893800
15200,-600,400,"bu","13:34:14",893600
15200,-600,100,"bu","13:34:13",893200
15200,-600,200,"bu","13:34:01",893100
15200,-600,500,"sd","13:33:59",892900
15200,-600,500,"bu","13:33:55",892400
15200,-600,1000,"bu","13:33:48",891900
15100,-700,3300,"sd","13:33:01",890900
15200,-600,1000,"bu","13:32:50",887600
15200,-600,100,"bu","13:32:46",886600
15200,-600,400,"bu","13:32:42",886500
15200,-600,100,"bu","13:32:41",886100
15200,-600,100,"bu","13:32:33",886000
15200,-600,9500,"bu","13:32:23",885900
15200,-600,5000,"bu","13:32:10",876400
15200,-600,3500,"bu","13:30:08",871400
15200,-600,100,"bu","13:29:33",867900
15200,-600,3000,"bu","13:29:30",867800
15200,-600,5000,"bu","13:29:13",864800
15100,-700,2800,"sd","13:29:09",859800
15200,-600,500,"bu","13:28:44",857000
15100,-700,400,"sd","13:28:36",856500
15200,-600,1000,"bu","13:28:24",856100
15200,-600,1000,"bu","13:27:50",855100
15200,-600,300,"bu","13:27:44",854100
15100,-700,300,"sd","13:27:23",853800
15200,-600,100,"bu","13:27:01",853500
15100,-700,200,"sd","13:26:36",853400
15100,-700,600,"sd","13:26:24",853200
15100,-700,2500,"sd","13:26:12",852600
15100,-700,2600,"sd","13:26:07",850100
15100,-700,500,"sd","13:26:06",847500
15200,-600,100,"bu","13:24:52",847000
15200,-600,1000,"bu","13:24:13",846900
15200,-600,500,"bu","13:23:57",845900
15200,-600,2000,"bu","13:23:48",845400
15200,-600,7100,"sd","13:23:40",843400
15200,-600,500,"sd","13:23:17",836300
15200,-600,100,"sd","13:23:02",835800
15200,-600,1400,"sd","13:22:36",835700
15200,-600,15000,"sd","13:21:38",834300
15200,-600,200,"sd","13:19:19",819300
15300,-500,500,"bu","13:18:50",819100
15300,-500,200,"bu","13:18:29",818600
15300,-500,3600,"bu","13:17:06",818400
15300,-500,500,"sd","13:16:07",814800
15300,-500,300,"sd","13:15:30",814300
15300,-500,1000,"sd","13:15:24",814000
15300,-500,3500,"sd","13:14:43",813000
15300,-500,100,"sd","13:13:54",809500
15300,-500,500,"sd","13:12:05",809400
15300,-500,1900,"sd","13:11:10",808900
15400,-400,2000,"bu","13:11:07",807000
15400,-400,300,"bu","13:08:59",805000
15400,-400,1300,"bu","13:08:49",804700
15400,-400,200,"bu","13:08:17",803400
15400,-400,1000,"bu","13:08:04",803200
15300,-500,7400,"sd","13:07:41",802200
15300,-500,600,"bu","13:07:40",794800
15300,-500,100,"bu","13:07:17",794200
15300,-500,1000,"bu","13:07:15",794100
15300,-500,300,"bu","13:07:07",793100
15200,-600,14300,"sd","13:06:48",792800
15100,-700,3000,"sd","13:05:44",778500
15100,-700,1000,"sd","13:05:38",775500
15100,-700,200,"sd","13:05:17",774500
15100,-700,100,"sd","13:04:54",774300
15100,-700,200,"sd","13:04:38",774200
15100,-700,5000,"sd","13:03:57",774000
15100,-700,500,"sd","13:03:39",769000
15100,-700,100,"sd","13:03:38",768500
15100,-700,12600,"sd","13:02:47",768400
15100,-700,500,"sd","13:02:13",755800
15100,-700,500,"sd","13:01:47",755300
15100,-700,1000,"sd","13:01:20",754800
15100,-700,1500,"sd","13:00:18",753800
15100,-700,3100,"sd","13:00:11",752300
15100,-700,400,"sd","13:00:10",749200
15100,-700,8000,"sd","13:00:09",748800
15100,-700,1200,"sd","13:00:07",740800
15200,-600,1000,"bu","13:00:05",739600
15100,-700,2000,"sd","11:29:53",738600
15100,-700,6000,"sd","11:29:24",736600
15100,-700,5000,"sd","11:29:13",730600
15100,-700,900,"sd","11:29:10",725600
15200,-600,100,"bu","11:28:55",724700
15200,-600,200,"bu","11:28:52",724600
15200,-600,100,"bu","11:28:13",724400
15200,-600,2400,"sd","11:27:55",724300
15200,-600,5000,"sd","11:26:49",721900
15300,-500,2500,"bu","11:26:06",716900
15300,-500,1000,"bu","11:25:47",714400
15300,-500,1000,"bu","11:25:22",713400
15200,-600,1000,"sd","11:24:22",712400
15200,-600,300,"sd","11:22:53",711400
15200,-600,500,"bu","11:22:45",711100
15200,-600,100,"bu","11:22:36",710600
15200,-600,1500,"bu","11:22:30",710500
15200,-600,400,"bu","11:22:27",709000
15200,-600,500,"bu","11:22:25",708600
15200,-600,1000,"bu","11:22:23",708100
15200,-600,11000,"bu","11:21:56",707100
15200,-600,5000,"sd","11:19:35",696100
15200,-600,10000,"sd","11:19:26",691100
15400,-400,1000,"bu","11:18:47",681100
15300,-500,800,"sd","11:17:40",680100
15300,-500,300,"bu","11:17:17",679300
15300,-500,300,"bu","11:17:00",679000
15300,-500,500,"bu","11:14:51",678700
15300,-500,1000,"bu","11:14:43",678200
15300,-500,5000,"bu","11:14:34",677200
15300,-500,100,"bu","11:14:18",672200
15200,-600,2000,"sd","11:14:11",672100
15200,-600,900,"sd","11:12:38",670100
15200,-600,2800,"bu","11:12:36",669200
15200,-600,500,"bu","11:12:35",666400
15200,-600,3000,"bu","11:12:29",665900
15200,-600,1000,"bu","11:12:11",662900
15200,-600,1000,"bu","11:12:10",661900
15200,-600,600,"bu","11:12:09",660900
15200,-600,3000,"bu","11:12:07",660300
15200,-600,500,"bu","11:12:06",657300
15200,-600,100,"bu","11:11:51",656800
15200,-600,1000,"bu","11:11:43",656700
15200,-600,500,"bu","11:11:33",655700
15200,-600,300,"bu","11:11:28",655200
15200,-600,5000,"bu","11:11:14",654900
15200,-600,2000,"bu","11:11:09",649900
15200,-600,400,"bu","11:11:08",647900
15200,-600,1300,"bu","11:11:04",647500
15200,-600,2000,"bu","11:10:48",646200
15200,-600,100,"bu","11:10:47",644200
15200,-600,100,"bu","11:10:46",644100
15200,-600,5000,"bu","11:10:42",644000
15200,-600,2000,"bu","11:10:21",639000
15200,-600,1200,"bu","11:10:19",637000
15200,-600,500,"bu","11:10:12",635800
15200,-600,100,"bu","11:09:53",635300
15200,-600,500,"bu","11:09:09",635200
15200,-600,100,"bu","11:08:56",634700
15100,-700,2100,"sd","11:08:23",634600
15200,-600,1000,"bu","11:08:20",632500
15100,-700,2500,"sd","11:07:34",631500
15100,-700,2000,"sd","11:06:34",629000
15100,-700,1000,"sd","11:05:32",627000
15200,-600,100,"bu","11:05:31",626000
15200,-600,100,"bu","11:04:33",625900
15200,-600,100,"bu","11:04:22",625800
15200,-600,200,"bu","11:02:47",625700
15200,-600,100,"bu","11:02:23",625500
15200,-600,500,"bu","11:01:59",625400
15100,-700,2000,"sd","11:01:57",624900
15200,-600,100,"bu","11:01:46",622900
15200,-600,1300,"bu","11:01:39",622800
15200,-600,4000,"bu","11:01:35",621500
15200,-600,1000,"bu","11:01:24",617500
15200,-600,500,"bu","11:01:16",616500
15200,-600,800,"bu","11:01:15",616000
15200,-600,100,"bu","11:01:12",615200
15200,-600,100,"bu","11:01:10",615100
15200,-600,300,"bu","11:00:43",615000
15100,-700,1000,"sd","11:00:32",614700
15200,-600,300,"bu","11:00:09",613700
15200,-600,2000,"bu","11:00:08",613400
15200,-600,2000,"bu","11:00:03",611400
15200,-600,2800,"bu","11:00:01",609400
15200,-600,1000,"bu","10:59:53",606600
15200,-600,100,"bu","10:59:30",605600
15200,-600,100,"bu","10:58:20",605500
15200,-600,300,"bu","10:58:14",605400
15200,-600,100,"bu","10:57:49",605100
15200,-600,100,"bu","10:57:48",605000
15200,-600,100,"bu","10:57:43",604900
15200,-600,3000,"bu","10:57:42",604800
15200,-600,300,"sd","10:57:38",601800
15200,-600,3000,"sd","10:57:37",601500
15200,-600,1100,"sd","10:56:57",598500
15100,-700,1000,"sd","10:56:45",597400
15100,-700,6000,"sd","10:55:20",596400
15100,-700,2000,"sd","10:55:05",590400
15100,-700,20000,"sd","10:55:04",588400
15200,-600,600,"bu","10:54:51",568400
15200,-600,200,"bu","10:54:50",567800
15200,-600,200,"bu","10:54:49",567600
15200,-600,1000,"bu","10:54:30",567400
15300,-500,200,"bu","10:53:20",566400
15200,-600,37400,"sd","10:53:19",566200
15300,-500,100,"bu","10:53:10",528800
15300,-500,100,"bu","10:53:07",528700
15300,-500,5000,"bu","10:52:58",528600
15300,-500,400,"bu","10:52:39",523600
15200,-600,1500,"sd","10:52:38",523200
15300,-500,5000,"bu","10:52:15",521700
15300,-500,1000,"bu","10:51:54",516700
15300,-500,800,"bu","10:50:58",515700
15300,-500,100,"bu","10:50:35",514900
15200,-600,2000,"sd","10:50:15",514800
15200,-600,1000,"sd","10:50:02",512800
15300,-500,300,"bu","10:49:21",511800
15300,-500,3000,"bu","10:48:11",511500
15200,-600,3000,"sd","10:47:51",508500
15200,-600,700,"sd","10:47:42",505500
15300,-500,1000,"bu","10:47:41",504800
15200,-600,200,"sd","10:47:09",503800
15200,-600,5000,"sd","10:46:49",503600
15300,-500,2200,"sd","10:45:50",498600
15300,-500,100,"sd","10:45:32",496400
15300,-500,900,"sd","10:45:22",496300
15300,-500,2400,"sd","10:45:17",495400
15300,-500,2000,"sd","10:45:13",493000
15300,-500,100,"sd","10:44:36",491000
15400,-400,100,"bu","10:44:15",490900
15400,-400,100,"bu","10:44:01",490800
15300,-500,1000,"sd","10:43:58",490700
15300,-500,6000,"sd","10:43:37",489700
15300,-500,5000,"sd","10:43:21",483700
15300,-500,2000,"sd","10:42:51",478700
15300,-500,1400,"sd","10:42:50",476700
15300,-500,4000,"sd","10:42:21",475300
15400,-400,200,"bu","10:41:14",471300
15400,-400,600,"bu","10:40:07",471100
15300,-500,3000,"sd","10:39:51",470500
15400,-400,300,"sd","10:39:17",467500
15400,-400,100,"sd","10:37:23",467200
15400,-400,100,"sd","10:37:13",467100
15400,-400,1000,"sd","10:37:08",467000
15400,-400,100,"sd","10:37:07",466000
15400,-400,1000,"sd","10:37:05",465900
15400,-400,2400,"sd","10:36:47",464900
15400,-400,2600,"sd","10:36:33",462500
15500,-300,300,"bu","10:36:23",459900
15500,-300,300,"bu","10:36:02",459600
15500,-300,500,"bu","10:35:16",459300
15500,-300,100,"bu","10:34:43",458800
15400,-400,100,"sd","10:34:29",458700
15500,-300,400,"bu","10:33:20",458600
15500,-300,5000,"bu","10:33:05",458200
15400,-400,1900,"bu","10:32:46",453200
15400,-400,200,"bu","10:32:42",451300
15400,-400,5100,"bu","10:32:29",451100
15400,-400,1000,"bu","10:32:25",446000
15300,-500,500,"sd","10:32:20",445000
15300,-500,700,"sd","10:31:57",444500
15300,-500,10000,"bu","10:31:56",443800
15300,-500,1900,"bu","10:31:53",433800
15300,-500,300,"bu","10:31:49",431900
15300,-500,100,"bu","10:31:41",431600
15300,-500,200,"bu","10:31:37",431500
15300,-500,100,"bu","10:31:34",431300
15300,-500,100,"bu","10:31:04",431200
15200,-600,4000,"sd","10:30:59",431100
15200,-600,1000,"sd","10:30:34",427100
15200,-600,500,"sd","10:30:29",426100
15300,-500,500,"bu","10:30:28",425600
15300,-500,300,"bu","10:30:23",425100
15200,-600,500,"sd","10:30:19",424800
15300,-500,4000,"bu","10:30:16",424300
15300,-500,1000,"bu","10:30:11",420300
15300,-500,500,"bu","10:30:09",419300
15200,-600,5000,"sd","10:29:54",418800
15200,-600,1700,"bu","10:29:06",413800
15200,-600,6800,"bu","10:29:03",412100
15200,-600,200,"sd","10:28:40",405300
15200,-600,5000,"sd","10:28:33",405100
15100,-700,5000,"sd","10:28:21",400100
15100,-700,5800,"sd","10:28:20",395100
15200,-600,3300,"bu","10:28:18",389300
15100,-700,11400,"sd","10:28:16",386000
15200,-600,2000,"bu","10:28:14",374600
15200,-600,100,"bu","10:28:08",372600
15200,-600,100,"bu","10:28:06",372500
15200,-600,100,"bu","10:28:00",372400
15200,-600,500,"bu","10:27:53",372300
15200,-600,100,"bu","10:27:50",371800
15200,-600,100,"bu","10:27:47",371700
15100,-700,2000,"sd","10:27:46",371600
15200,-600,100,"bu","10:27:43",369600
15200,-600,100,"bu","10:27:41",369500
15200,-600,1000,"bu","10:27:40",369400
15200,-600,1000,"bu","10:27:34",368400
15200,-600,100,"bu","10:27:33",367400
15200,-600,100,"bu","10:27:24",367300
15200,-600,1000,"bu","10:27:11",367200
15200,-600,12900,"bu","10:26:53",366200
15200,-600,15500,"bu","10:26:52",353300
15300,-500,200,"bu","10:26:45",337800
15300,-500,500,"bu","10:26:41",337600
15300,-500,200,"bu","10:26:39",337100
15300,-500,4000,"sd","10:26:37",336900
15300,-500,500,"sd","10:26:35",332900
15300,-500,100,"sd","10:26:22",332400
15300,-500,9800,"sd","10:26:09",332300
15300,-500,500,"sd","10:26:02",322500
15300,-500,2900,"sd","10:25:56",322000
15300,-500,100,"sd","10:25:51",319100
15300,-500,1100,"sd","10:25:39",319000
15300,-500,5000,"sd","10:25:38",317900
15400,-400,500,"bu","10:25:26",312900
15400,-400,100,"bu","10:25:24",312400
15400,-400,400,"bu","10:25:14",312300
15400,-400,6100,"sd","10:25:10",311900
15400,-400,2000,"sd","10:25:03",305800
15400,-400,500,"sd","10:24:50",303800
15400,-400,1100,"sd","10:24:31",303300
15500,-300,100,"bu","10:24:18",302200
15400,-400,20000,"unknown","10:24:08",302100
15500,-300,1000,"bu","10:23:56",282100
15500,-300,800,"bu","10:23:51",281100
15500,-300,100,"bu","10:23:48",280300
15500,-300,200,"bu","10:23:44",280200
15500,-300,18200,"sd","10:23:33",280000
15500,-300,6000,"sd","10:23:22",261800
15600,-200,100,"bu","10:23:20",255800
15500,-300,5000,"sd","10:23:01",255700
15500,-300,100,"sd","10:22:15",250700
15600,-200,100,"bu","10:20:52",250600
15500,-300,1300,"bu","10:20:28",250500
15500,-300,3700,"bu","10:20:26",249200
15500,-300,400,"sd","10:19:58",245500
15400,-400,7200,"sd","10:19:55",245100
15400,-400,100,"sd","10:19:54",237900
15500,-300,200,"bu","10:19:41",237800
15500,-300,800,"bu","10:19:39",237600
15500,-300,500,"bu","10:19:37",236800
15500,-300,500,"bu","10:19:34",236300
15500,-300,1000,"bu","10:19:33",235800
15500,-300,100,"bu","10:19:25",234800
15500,-300,46900,"bu","10:19:06",234700
15700,-100,500,"bu","10:18:52",187800
15700,-100,5200,"bu","10:18:49",187300
15700,-100,500,"sd","10:16:48",182100
15700,-100,300,"sd","10:15:45",181600
15700,-100,6000,"sd","10:11:17",181300
15800,0,900,"bu","10:10:50",175300
15800,0,100,"bu","10:10:15",174400
15800,0,4500,"bu","10:09:48",174300
15700,-100,400,"sd","10:08:01",169800
15700,-100,100,"sd","10:07:07",169400
15800,0,900,"bu","10:06:19",169300
15800,0,1000,"bu","10:06:13",168400
15800,0,12000,"bu","10:04:00",167400
15700,-100,400,"bu","10:02:20",155400
15700,-100,600,"bu","10:01:54",155000
15700,-100,300,"bu","10:01:44",154400
15700,-100,200,"bu","10:01:34",154100
15700,-100,400,"bu","10:01:12",153900
15700,-100,100,"bu","10:00:52",153500
15700,-100,200,"bu","09:59:29",153400
15700,-100,200,"bu","09:58:16",153200
15700,-100,1600,"sd","09:57:52",153000
15700,-100,400,"sd","09:57:39",151400
15700,-100,2000,"sd","09:57:24",151000
15700,-100,8000,"sd","09:56:57",149000
15700,-100,300,"sd","09:55:59",141000
15700,-100,500,"sd","09:55:12",140700
15700,-100,100,"sd","09:54:03",140200
15700,-100,300,"sd","09:53:45",140100
15700,-100,700,"sd","09:51:32",139800
15700,-100,500,"bu","09:51:31",139100
15700,-100,300,"bu","09:51:30",138600
15700,-100,1900,"bu","09:50:58",138300
15700,-100,100,"bu","09:50:23",136400
15700,-100,2200,"bu","09:50:17",136300
15600,-200,500,"sd","09:49:55",134100
15600,-200,1000,"sd","09:49:27",133600
15600,-200,1000,"sd","09:48:46",132600
15600,-200,500,"sd","09:48:15",131600
15600,-200,600,"sd","09:46:57",131100
15600,-200,100,"sd","09:46:22",130500
15600,-200,4000,"sd","09:45:40",130400
15600,-200,2000,"sd","09:44:39",126400
15600,-200,3000,"sd","09:44:32",124400
15600,-200,5000,"sd","09:43:31",121400
15700,-100,300,"bu","09:42:33",116400
15700,-100,1000,"bu","09:38:11",116100
15700,-100,100,"bu","09:37:58",115100
15700,-100,100,"bu","09:37:18",115000
15600,-200,1600,"sd","09:37:05",114900
15600,-200,100,"bu","09:36:58",113300
15600,-200,2800,"bu","09:36:51",113200
15600,-200,3000,"sd","09:36:41",110400
15600,-200,200,"sd","09:36:39",107400
15600,-200,5000,"sd","09:36:25",107200
15600,-200,2000,"sd","09:36:13",102200
15600,-200,200,"sd","09:35:36",100200
15600,-200,1000,"sd","09:35:30",100000
15600,-200,100,"sd","09:35:04",99000
15800,0,200,"bu","09:31:38",98900
15800,0,300,"bu","09:30:59",98700
15800,0,200,"sd","09:30:55",98400
15800,0,400,"unknown","09:30:42",98200
15800,0,200,"sd","09:30:36",97800
15800,0,500,"sd","09:30:30",97600
15800,0,200,"sd","09:30:06",97100
15600,-200,30000,"sd","09:30:05",96900
15800,0,100,"sd","09:30:04",66900
15800,0,1000,"sd","09:29:50",66800
15800,0,5000,"sd","09:29:38",65800
15800,0,600,"sd","09:29:22",60800
15800,0,500,"sd","09:28:33",60200
15800,0,1000,"sd","09:28:10",59700
15900,100,2000,"bu","09:27:54",58700
15800,0,100,"sd","09:27:33",56700
15800,0,700,"sd","09:27:02",56600
15800,0,100,"sd","09:26:47",55900
15800,0,200,"sd","09:26:27",55800
15800,0,9000,"sd","09:25:53",55600
15800,0,1000,"sd","09:25:23",46600
15900,100,600,"sd","09:25:14",45600
15900,100,100,"sd","09:24:57",45000
15900,100,100,"sd","09:24:36",44900
15800,0,500,"sd","09:21:53",44800
15800,0,400,"sd","09:21:11",44300
15800,0,5000,"sd","09:20:35",43900
15900,100,2800,"sd","09:20:31",38900
15800,0,3900,"sd","09:16:48",36100
15800,0,10000,"sd","09:15:28",32200
15900,100,6100,"bu","09:15:02",22200
15900,100,5000,"sd","09:14:52",16100
16000,200,500,"unknown","09:14:28",11100
16000,200,100,"bu","09:13:58",10600
16000,200,500,"bu","09:13:48",10500
16000,200,1000,"bu","09:13:38",10000
16000,200,200,"bu","09:13:34",9000
16000,200,200,"bu","09:13:14",8800
16000,200,2400,"sd","09:13:03",8600
16000,200,3400,"sd","09:12:44",6200
16000,200,200,"bu","09:12:26",2800
16000,200,100,"bu","09:12:19",2600
15900,100,100,"sd","09:10:11",2500
15900,100,100,"sd","09:09:19",2400
15900,100,100,"sd","09:09:15",2300
15800,0,200,"sd","09:00:10",2200
15800,0,2000,"sd","09:00:09",2000
