"price","change","match_qtty","side","time","total_vol"
16100,300,67200,"unknown","14:44:59",1675100
16250,450,500,"sd","14:29:47",1607900
16250,450,300,"sd","14:29:45",1607400
16250,450,100,"bu","14:29:37",1607100
16250,450,100,"bu","14:29:37",1607000
16250,450,500,"bu","14:29:36",1606900
16250,450,100,"bu","14:29:32",1606400
16250,450,900,"bu","14:29:32",1606300
16200,400,100,"sd","14:29:28",1605400
16200,400,400,"sd","14:29:26",1605300
16200,400,500,"sd","14:29:26",1604900
16200,400,100,"sd","14:29:26",1604400
16200,400,1000,"sd","14:29:26",1604300
16200,400,3000,"sd","14:29:26",1603300
16200,400,100,"sd","14:29:14",1600300
16250,450,100,"bu","14:29:13",1600200
16250,450,500,"bu","14:28:58",1600100
16200,400,2500,"sd","14:28:45",1599600
16300,500,400,"bu","14:28:24",1597100
16300,500,1100,"bu","14:28:24",1596700
16250,450,500,"sd","14:28:24",1595600
16250,450,100,"sd","14:28:24",1595100
16250,450,500,"sd","14:28:24",1595000
16250,450,100,"sd","14:28:24",1594500
16250,450,400,"sd","14:28:24",1594400
16250,450,400,"sd","14:28:24",1594000
16250,450,600,"sd","14:28:19",1593600
16250,450,400,"sd","14:28:19",1593000
16300,500,100,"bu","14:28:18",1592600
16300,500,500,"bu","14:28:12",1592500
16300,500,300,"bu","14:27:49",1592000
16300,500,500,"bu","14:27:49",1591700
16300,500,200,"bu","14:27:49",1591200
16300,500,500,"bu","14:27:31",1591000
16300,500,800,"sd","14:27:27",1590500
16300,500,200,"sd","14:27:23",1589700
16300,500,500,"bu","14:27:05",1589500
16300,500,500,"bu","14:27:05",1589000
16300,500,500,"bu","14:27:05",1588500
16300,500,100,"sd","14:26:59",1588000
16300,500,600,"sd","14:26:59",1587900
16300,500,300,"sd","14:26:59",1587300
16300,500,400,"sd","14:26:54",1587000
16300,500,200,"sd","14:26:40",1586600
16350,550,2300,"sd","14:26:38",1586400
16350,550,300,"bu","14:26:37",1584100
16350,550,200,"bu","14:26:37",1583800
16350,550,100,"bu","14:26:37",1583600
16350,550,100,"bu","14:26:37",1583500
16300,500,100,"sd","14:26:32",1583400
16350,550,100,"bu","14:26:27",1583300
16250,450,1600,"sd","14:26:19",1583200
16250,450,1000,"sd","14:26:19",1581600
16250,450,1000,"sd","14:26:19",1580600
16250,450,500,"sd","14:26:19",1579600
16250,450,700,"sd","14:26:19",1579100
16300,500,100,"sd","14:26:19",1578400
16300,500,900,"sd","14:26:19",1578300
16300,500,3000,"sd","14:26:18",1577400
16300,500,1200,"sd","14:26:18",1574400
16300,500,100,"sd","14:25:58",1573200
16300,500,600,"sd","14:25:57",1573100
16350,550,2000,"bu","14:25:50",1572500
16300,500,1000,"sd","14:25:43",1570500
16350,550,500,"bu","14:25:24",1569500
16350,550,300,"bu","14:25:20",1569000
16350,550,500,"bu","14:25:16",1568700
16350,550,200,"bu","14:25:13",1568200
16350,550,100,"bu","14:25:03",1568000
16350,550,1000,"bu","14:25:02",1567900
16350,550,2000,"sd","14:25:02",1566900
16350,550,300,"sd","14:25:02",1564900
16350,550,400,"sd","14:25:02",1564600
16350,550,1000,"sd","14:25:02",1564200
16350,550,1500,"sd","14:25:02",1563200
16350,550,3000,"sd","14:25:00",1561700
16450,650,2800,"bu","14:23:57",1558700
16450,650,300,"bu","14:23:57",1555900
16450,650,100,"bu","14:23:57",1555600
16450,650,100,"bu","14:23:57",1555500
16450,650,200,"bu","14:23:57",1555400
16400,600,100,"bu","14:23:57",1555200
16400,600,100,"bu","14:23:57",1555100
16400,600,100,"bu","14:23:57",1555000
16400,600,100,"bu","14:23:52",1554900
16400,600,100,"sd","14:23:45",1554800
16400,600,1000,"sd","14:23:44",1554700
16400,600,500,"bu","14:23:39",1553700
16400,600,400,"bu","14:23:39",1553200
16400,600,700,"sd","14:23:25",1552800
16400,600,5000,"sd","14:23:16",1552100
16400,600,2000,"sd","14:23:15",1547100
16400,600,100,"bu","14:23:15",1545100
16400,600,700,"bu","14:23:15",1545000
16400,600,1500,"bu","14:23:15",1544300
16400,600,600,"sd","14:23:10",1542800
16400,600,400,"bu","14:23:08",1542200
16400,600,700,"sd","14:23:05",1541800
16400,600,200,"sd","14:23:05",1541100
16400,600,700,"sd","14:23:05",1540900
16400,600,300,"sd","14:23:03",1540200
16400,600,200,"sd","14:22:35",1539900
16400,600,100,"sd","14:22:31",1539700
16400,600,100,"sd","14:22:28",1539600
16400,600,500,"sd","14:22:27",1539500
16400,600,100,"sd","14:22:25",1539000
16400,600,2000,"sd","14:22:24",1538900
16400,600,2000,"sd","14:22:23",1536900
16400,600,100,"sd","14:22:22",1534900
16400,600,600,"sd","14:22:17",1534800
16400,600,100,"sd","14:22:16",1534200
16400,600,100,"sd","14:22:13",1534100
16400,600,100,"sd","14:22:12",1534000
16400,600,700,"sd","14:22:12",1533900
16400,600,1000,"bu","14:22:10",1533200
16400,600,300,"bu","14:22:10",1532200
16400,600,1700,"sd","14:21:45",1531900
16400,600,1000,"sd","14:21:39",1530200
16400,600,100,"sd","14:21:28",1529200
16400,600,400,"bu","14:21:28",1529100
16400,600,500,"bu","14:21:28",1528700
16400,600,500,"bu","14:21:28",1528200
16400,600,1000,"bu","14:21:28",1527700
16400,600,500,"bu","14:21:28",1526700
16400,600,6800,"bu","14:21:28",1526200
16400,600,3000,"bu","14:21:28",1519400
16400,600,1500,"bu","14:21:28",1516400
16350,550,100,"bu","14:21:28",1514900
16350,550,500,"bu","14:21:28",1514800
16350,550,2400,"bu","14:21:28",1514300
16350,550,100,"sd","14:21:26",1511900
16350,550,300,"sd","14:21:26",1511800
16350,550,300,"sd","14:21:22",1511500
16350,550,100,"sd","14:21:19",1511200
16350,550,200,"sd","14:21:16",1511100
16350,550,400,"sd","14:21:14",1510900
16350,550,100,"sd","14:21:14",1510500
16400,600,100,"bu","14:21:13",1510400
16350,550,400,"sd","14:21:12",1510300
16400,600,400,"bu","14:21:11",1509900
16350,550,500,"sd","14:21:10",1509500
16350,550,100,"sd","14:21:07",1509000
16350,550,3100,"sd","14:21:06",1508900
16350,550,100,"sd","14:21:02",1505800
16350,550,700,"sd","14:20:51",1505700
16350,550,500,"sd","14:20:51",1505000
16350,550,500,"sd","14:20:51",1504500
16350,550,300,"sd","14:20:51",1504000
16400,600,100,"bu","14:20:39",1503700
16400,600,600,"bu","14:20:39",1503600
16400,600,1400,"bu","14:20:39",1503000
16350,550,100,"sd","14:20:32",1501600
16350,550,200,"sd","14:20:29",1501500
16400,600,1000,"bu","14:20:25",1501300
16350,550,100,"sd","14:20:21",1500300
16400,600,200,"bu","14:20:20",1500200
16500,700,6500,"bu","14:20:16",1500000
16500,700,1000,"bu","14:20:16",1493500
16500,700,100,"bu","14:20:16",1492500
16500,700,200,"bu","14:20:16",1492400
16500,700,1000,"bu","14:20:16",1492200
16450,650,100,"unknown","14:20:16",1491200
16450,650,500,"unknown","14:20:16",1491100
16450,650,100,"unknown","14:20:16",1490600
16450,650,2000,"unknown","14:20:16",1490500
16450,650,3000,"unknown","14:20:16",1488500
16450,650,100,"unknown","14:20:16",1485500
16450,650,100,"unknown","14:20:16",1485400
16450,650,100,"unknown","14:20:16",1485300
16400,600,1000,"unknown","14:20:16",1485200
16400,600,500,"unknown","14:20:16",1484200
16400,600,100,"unknown","14:20:16",1483700
16400,600,200,"unknown","14:20:16",1483600
16400,600,100,"unknown","14:20:16",1483400
16400,600,100,"bu","14:20:16",1483300
16400,600,400,"bu","14:20:16",1483200
16400,600,5800,"bu","14:20:16",1482800
16400,600,100,"bu","14:20:16",1477000
16400,600,200,"bu","14:20:16",1476900
16400,600,6700,"bu","14:20:16",1476700
16400,600,300,"bu","14:20:10",1470000
16400,600,2000,"bu","14:20:10",1469700
16400,600,900,"bu","14:20:10",1467700
16350,550,500,"bu","14:20:10",1466800
16350,550,500,"bu","14:20:10",1466300
16350,550,300,"bu","14:20:10",1465800
16350,550,100,"bu","14:20:10",1465500
16350,550,400,"bu","14:20:10",1465400
16300,500,100,"sd","14:20:09",1465000
16350,550,100,"bu","14:20:07",1464900
16350,550,100,"bu","14:20:03",1464800
16350,550,100,"bu","14:20:03",1464700
16350,550,1900,"bu","14:20:03",1464600
16350,550,100,"bu","14:20:03",1462700
16350,550,100,"bu","14:20:03",1462600
16350,550,2700,"bu","14:20:01",1462500
16350,550,1000,"bu","14:20:00",1459800
16350,550,100,"bu","14:19:55",1458800
16350,550,100,"bu","14:19:42",1458700
16300,500,500,"sd","14:19:34",1458600
16300,500,100,"sd","14:19:34",1458100
16300,500,100,"bu","14:19:27",1458000
16300,500,2300,"bu","14:19:27",1457900
16300,500,600,"bu","14:19:27",1455600
16300,500,100,"bu","14:19:27",1455000
16300,500,300,"bu","14:19:27",1454900
16300,500,3000,"bu","14:19:27",1454600
16300,500,2000,"bu","14:19:21",1451600
16300,500,700,"bu","14:19:18",1449600
16300,500,500,"bu","14:19:18",1448900
16300,500,100,"bu","14:19:18",1448400
16300,500,1000,"bu","14:19:18",1448300
16300,500,100,"bu","14:19:18",1447300
16250,450,200,"sd","14:19:16",1447200
16300,500,300,"bu","14:19:13",1447000
16250,450,100,"sd","14:19:11",1446700
16250,450,100,"sd","14:19:09",1446600
16250,450,1000,"sd","14:19:03",1446500
16250,450,500,"sd","14:19:02",1445500
16300,500,600,"bu","14:19:01",1445000
16300,500,100,"bu","14:19:01",1444400
16300,500,100,"bu","14:19:01",1444300
16300,500,200,"bu","14:19:01",1444200
16300,500,2000,"bu","14:19:01",1444000
16250,450,2400,"sd","14:18:52",1442000
16250,450,2000,"sd","14:18:52",1439600
16250,450,100,"sd","14:18:52",1437600
16250,450,300,"sd","14:18:47",1437500
16300,500,200,"bu","14:18:46",1437200
16250,450,1100,"sd","14:18:36",1437000
16250,450,900,"sd","14:18:36",1435900
16300,500,500,"bu","14:18:36",1435000
16300,500,100,"bu","14:18:25",1434500
16300,500,3200,"bu","14:18:25",1434400
16300,500,300,"bu","14:18:25",1431200
16300,500,1800,"bu","14:18:17",1430900
16300,500,300,"bu","14:18:17",1429100
16300,500,200,"bu","14:18:17",1428800
16300,500,700,"bu","14:18:17",1428600
16300,500,300,"bu","14:18:10",1427900
16300,500,200,"bu","14:18:10",1427600
16300,500,1000,"bu","14:18:10",1427400
16300,500,200,"bu","14:18:10",1426400
16300,500,1000,"bu","14:18:10",1426200
16250,450,100,"bu","14:18:10",1425200
16250,450,100,"bu","14:18:10",1425100
16250,450,100,"bu","14:18:10",1425000
16250,450,900,"bu","14:18:10",1424900
16200,400,500,"sd","14:18:03",1424000
16200,400,500,"bu","14:18:02",1423500
16200,400,400,"bu","14:18:01",1423000
16200,400,600,"bu","14:17:55",1422600
16200,400,300,"sd","14:17:50",1422000
16200,400,3700,"sd","14:17:50",1421700
16200,400,10000,"sd","14:17:50",1418000
16250,450,1000,"bu","14:17:46",1408000
16200,400,500,"sd","14:17:42",1407000
16200,400,3000,"bu","14:17:40",1406500
16200,400,100,"bu","14:17:40",1403500
16200,400,2000,"bu","14:17:40",1403400
16200,400,200,"bu","14:17:40",1401400
16200,400,200,"bu","14:17:40",1401200
16200,400,2000,"bu","14:17:40",1401000
16200,400,2000,"bu","14:17:40",1399000
16200,400,200,"bu","14:17:40",1397000
16200,400,1000,"bu","14:17:40",1396800
16200,400,5000,"bu","14:17:40",1395800
16200,400,3000,"bu","14:17:40",1390800
16200,400,800,"bu","14:17:40",1387800
16200,400,200,"bu","14:17:39",1387000
16150,350,100,"bu","14:17:31",1386800
16150,350,5000,"bu","14:17:29",1386700
16150,350,1000,"bu","14:17:26",1381700
16100,300,100,"sd","14:17:19",1380700
16100,300,100,"bu","14:17:16",1380600
16100,300,300,"bu","14:17:16",1380500
16050,250,100,"sd","14:17:13",1380200
16100,300,1700,"bu","14:17:09",1380100
16100,300,1000,"bu","14:17:09",1378400
16100,300,1000,"bu","14:17:09",1377400
16100,300,200,"bu","14:17:09",1376400
16100,300,100,"bu","14:17:09",1376200
16100,300,1000,"bu","14:17:09",1376100
16050,250,200,"bu","14:17:08",1375100
16050,250,100,"bu","14:17:08",1374900
16050,250,200,"bu","14:17:08",1374800
16050,250,1400,"bu","14:17:08",1374600
16000,200,200,"bu","14:17:02",1373200
16000,200,100,"bu","14:17:02",1373000
16000,200,100,"bu","14:17:02",1372900
16000,200,100,"bu","14:17:02",1372800
16000,200,1000,"bu","14:17:02",1372700
16000,200,200,"bu","14:17:02",1371700
16000,200,1000,"bu","14:17:02",1371500
16000,200,2000,"bu","14:17:02",1370500
16000,200,1000,"bu","14:17:02",1368500
16000,200,200,"bu","14:17:02",1367500
16000,200,200,"bu","14:17:02",1367300
16000,200,100,"bu","14:17:02",1367100
16000,200,3000,"bu","14:17:02",1367000
16000,200,100,"bu","14:17:02",1364000
16000,200,1900,"bu","14:17:01",1363900
16000,200,400,"bu","14:17:01",1362000
16000,200,1000,"bu","14:17:01",1361600
16000,200,400,"bu","14:17:01",1360600
16000,200,500,"bu","14:17:01",1360200
16000,200,100,"bu","14:17:01",1359700
16000,200,1000,"bu","14:17:01",1359600
16000,200,3000,"bu","14:17:01",1358600
16000,200,100,"bu","14:17:01",1355600
16000,200,200,"bu","14:17:01",1355500
16000,200,100,"bu","14:17:01",1355300
16000,200,200,"bu","14:17:01",1355200
16000,200,100,"bu","14:17:01",1355000
16000,200,1000,"bu","14:17:01",1354900
15950,150,100,"sd","14:16:56",1353900
15950,150,400,"bu","14:16:47",1353800
15950,150,2000,"bu","14:16:47",1353400
15950,150,1000,"bu","14:16:47",1351400
15950,150,100,"bu","14:16:47",1350400
15950,150,900,"bu","14:16:47",1350300
15950,150,2100,"bu","14:16:44",1349400
15950,150,900,"bu","14:16:44",1347300
15950,150,1000,"bu","14:16:42",1346400
15950,150,100,"bu","14:16:42",1345400
15950,150,100,"bu","14:16:42",1345300
15950,150,100,"bu","14:16:41",1345200
15950,150,300,"bu","14:16:36",1345100
15950,150,500,"bu","14:16:36",1344800
15950,150,200,"bu","14:16:36",1344300
15950,150,200,"bu","14:16:36",1344100
15950,150,800,"bu","14:16:36",1343900
15950,150,200,"bu","14:16:33",1343100
15900,100,100,"sd","14:16:26",1342900
15900,100,1300,"bu","14:16:24",1342800
15900,100,1000,"bu","14:16:23",1341500
15900,100,9000,"bu","14:16:21",1340500
15900,100,3800,"bu","14:16:21",1331500
15900,100,5000,"bu","14:16:21",1327700
15900,100,600,"bu","14:16:21",1322700
15900,100,100,"bu","14:16:21",1322100
15900,100,2500,"bu","14:16:21",1322000
15900,100,1000,"bu","14:16:21",1319500
15900,100,6000,"bu","14:16:21",1318500
15900,100,100,"bu","14:16:21",1312500
15900,100,1900,"bu","14:16:21",1312400
15900,100,3100,"bu","14:16:12",1310500
15900,100,200,"bu","14:16:12",1307400
15900,100,100,"bu","14:16:12",1307200
15900,100,3000,"bu","14:16:12",1307100
15900,100,1300,"bu","14:16:12",1304100
15900,100,200,"bu","14:16:12",1302800
15900,100,1400,"bu","14:16:12",1302600
15900,100,300,"bu","14:16:12",1301200
15900,100,400,"bu","14:16:12",1300900
15900,100,200,"bu","14:15:59",1300500
15900,100,800,"bu","14:15:59",1300300
15850,50,300,"sd","14:15:52",1299500
15850,50,700,"bu","14:15:51",1299200
15850,50,1000,"bu","14:15:49",1298500
15850,50,200,"bu","14:15:48",1297500
15850,50,100,"bu","14:15:46",1297300
15850,50,300,"bu","14:15:43",1297200
15850,50,100,"bu","14:15:43",1296900
15850,50,200,"bu","14:15:43",1296800
15850,50,100,"bu","14:15:43",1296600
15850,50,1000,"bu","14:15:43",1296500
15850,50,100,"bu","14:15:43",1295500
15850,50,200,"bu","14:15:43",1295400
15850,50,100,"bu","14:15:43",1295200
15850,50,200,"bu","14:15:43",1295100
15850,50,3000,"bu","14:15:43",1294900
15850,50,1000,"bu","14:15:43",1291900
15850,50,500,"bu","14:15:43",1290900
15850,50,2000,"bu","14:15:43",1290400
15850,50,200,"bu","14:15:43",1288400
15850,50,1000,"bu","14:15:43",1288200
15850,50,300,"bu","14:15:42",1287200
15850,50,1000,"bu","14:15:33",1286900
15850,50,200,"bu","14:15:31",1285900
15850,50,10000,"bu","14:15:30",1285700
15850,50,200,"bu","14:15:25",1275700
15800,0,500,"bu","14:15:08",1275500
15800,0,1000,"bu","14:15:08",1275000
15800,0,1000,"bu","14:15:06",1274000
15800,0,500,"bu","14:14:59",1273000
15800,0,400,"bu","14:14:55",1272500
15800,0,300,"bu","14:14:53",1272100
15800,0,5000,"bu","14:14:51",1271800
15800,0,4300,"bu","14:14:49",1266800
15800,0,700,"bu","14:14:49",1262500
15750,-50,2000,"sd","14:14:44",1261800
15800,0,200,"bu","14:14:38",1259800
15800,0,1300,"bu","14:14:38",1259600
15800,0,1900,"bu","14:14:38",1258300
15800,0,400,"bu","14:14:38",1256400
15800,0,200,"bu","14:14:38",1256000
15800,0,300,"bu","14:14:33",1255800
15800,0,9700,"bu","14:14:33",1255500
15750,-50,200,"bu","14:14:15",1245800
15750,-50,100,"bu","14:14:11",1245600
15750,-50,200,"bu","14:14:05",1245500
15750,-50,400,"bu","14:14:05",1245300
15750,-50,1000,"bu","14:14:01",1244900
15750,-50,100,"bu","14:13:59",1243900
15750,-50,2500,"bu","14:13:57",1243800
15750,-50,200,"bu","14:13:57",1241300
15750,-50,100,"bu","14:13:57",1241100
15750,-50,200,"bu","14:13:57",1241000
15750,-50,100,"bu","14:13:51",1240800
15750,-50,1000,"bu","14:13:44",1240700
15750,-50,500,"bu","14:13:39",1239700
15700,-100,500,"sd","14:13:37",1239200
15700,-100,100,"sd","14:13:16",1238700
15750,-50,5000,"bu","14:13:14",1238600
15750,-50,6000,"bu","14:13:11",1233600
15750,-50,100,"bu","14:13:09",1227600
15750,-50,2000,"bu","14:13:04",1227500
15750,-50,100,"bu","14:13:02",1225500
15750,-50,1000,"bu","14:12:57",1225400
15750,-50,500,"sd","14:12:42",1224400
15750,-50,1200,"sd","14:12:42",1223900
15750,-50,600,"sd","14:12:42",1222700
15750,-50,1000,"sd","14:12:42",1222100
15750,-50,200,"sd","14:12:42",1221100
15750,-50,1000,"sd","14:12:42",1220900
15750,-50,2500,"sd","14:12:42",1219900
15800,0,100,"bu","14:12:41",1217400
15750,-50,5600,"sd","14:12:39",1217300
15750,-50,200,"sd","14:12:27",1211700
15800,0,4200,"bu","14:12:15",1211500
15800,0,500,"bu","14:11:48",1207300
15750,-50,1000,"sd","14:11:45",1206800
15800,0,1000,"bu","14:11:17",1205800
15800,0,2700,"sd","14:11:10",1204800
15800,0,1500,"sd","14:11:10",1202100
15800,0,300,"sd","14:11:10",1200600
15800,0,100,"sd","14:11:08",1200300
15800,0,900,"sd","14:11:08",1200200
15800,0,200,"sd","14:11:08",1199300
15800,0,100,"sd","14:11:08",1199100
15800,0,500,"sd","14:11:03",1199000
15850,50,1500,"bu","14:10:55",1198500
15800,0,300,"sd","14:10:54",1197000
15800,0,200,"sd","14:10:51",1196700
15800,0,900,"sd","14:10:51",1196500
15800,0,4100,"sd","14:10:51",1195600
15800,0,1000,"sd","14:10:44",1191500
15800,0,1000,"sd","14:10:33",1190500
15800,0,3900,"sd","14:10:31",1189500
15800,0,100,"sd","14:10:31",1185600
15800,0,5000,"sd","14:10:31",1185500
15800,0,5000,"sd","14:10:31",1180500
15800,0,300,"sd","14:10:31",1175500
15800,0,100,"sd","14:10:11",1175200
15800,0,100,"sd","14:09:44",1175100
15800,0,100,"sd","14:09:05",1175000
15850,50,200,"bu","14:09:05",1174900
15850,50,200,"bu","14:08:36",1174700
15850,50,24200,"bu","14:08:12",1174500
15800,0,100,"bu","14:08:12",1150300
15800,0,5000,"bu","14:08:12",1150200
15800,0,700,"bu","14:08:12",1145200
15800,0,100,"bu","14:08:00",1144500
15800,0,1000,"sd","14:07:58",1144400
15800,0,1000,"sd","14:07:58",1143400
15800,0,200,"sd","14:07:58",1142400
15800,0,700,"sd","14:07:56",1142200
15800,0,600,"bu","14:07:47",1141500
15800,0,200,"sd","14:07:46",1140900
15800,0,100,"sd","14:07:46",1140700
15800,0,100,"sd","14:07:46",1140600
15800,0,100,"sd","14:07:42",1140500
15800,0,1800,"sd","14:07:38",1140400
15800,0,2000,"sd","14:07:38",1138600
15800,0,200,"sd","14:07:38",1136600
15800,0,500,"sd","14:07:31",1136400
15850,50,1000,"bu","14:07:29",1135900
15800,0,500,"sd","14:07:21",1134900
15800,0,300,"sd","14:07:15",1134400
15800,0,500,"bu","14:07:06",1134100
15800,0,100,"sd","14:06:51",1133600
15800,0,900,"sd","14:06:51",1133500
15800,0,500,"sd","14:06:51",1132600
15850,50,500,"bu","14:06:34",1132100
15800,0,1500,"sd","14:06:32",1131600
15800,0,1000,"sd","14:06:32",1130100
15800,0,500,"sd","14:06:32",1129100
15850,50,100,"bu","14:06:15",1128600
15850,50,400,"bu","14:06:00",1128500
15850,50,100,"bu","14:06:00",1128100
15800,0,200,"bu","14:05:51",1128000
15800,0,100,"bu","14:05:51",1127800
15800,0,1000,"bu","14:05:51",1127700
15800,0,10200,"bu","14:05:51",1126700
15800,0,5000,"bu","14:05:43",1116500
15800,0,100,"bu","14:05:28",1111500
15750,-50,200,"sd","14:05:22",1111400
15800,0,100,"bu","14:05:21",1111200
15800,0,1000,"bu","14:05:13",1111100
15750,-50,200,"sd","14:05:02",1110100
15800,0,1000,"bu","14:05:00",1109900
15800,0,100,"bu","14:04:51",1108900
15800,0,4500,"bu","14:04:42",1108800
15750,-50,300,"sd","14:04:34",1104300
15750,-50,200,"sd","14:04:34",1104000
15800,0,600,"sd","14:04:26",1103800
15800,0,1000,"sd","14:04:26",1103200
15800,0,500,"sd","14:04:26",1102200
15800,0,2000,"sd","14:04:26",1101700
15800,0,3800,"sd","14:04:26",1099700
15800,0,200,"sd","14:04:26",1095900
15800,0,600,"sd","14:04:26",1095700
15800,0,2200,"bu","14:04:03",1095100
15800,0,1000,"bu","14:04:03",1092900
15800,0,1000,"bu","14:04:03",1091900
15800,0,100,"bu","14:04:03",1090900
15800,0,300,"bu","14:04:03",1090800
15800,0,500,"bu","14:04:03",1090500
15800,0,500,"bu","14:03:59",1090000
15800,0,100,"bu","14:03:59",1089500
15800,0,100,"bu","14:03:59",1089400
15800,0,300,"bu","14:03:59",1089300
15800,0,100,"bu","14:03:56",1089000
15750,-50,100,"sd","14:03:26",1088900
15750,-50,3900,"bu","14:03:18",1088800
15750,-50,5000,"bu","14:03:12",1084900
15750,-50,10000,"bu","14:03:07",1079900
15750,-50,200,"bu","14:02:40",1069900
15750,-50,100,"sd","14:02:37",1069700
15750,-50,100,"sd","14:02:37",1069600
15750,-50,200,"sd","14:02:37",1069500
15750,-50,500,"sd","14:02:37",1069300
15750,-50,500,"sd","14:01:55",1068800
15750,-50,1000,"bu","14:01:35",1068300
15750,-50,100,"bu","14:01:35",1067300
15750,-50,600,"bu","14:01:35",1067200
15750,-50,800,"bu","14:01:35",1066600
15700,-100,300,"bu","14:01:14",1065800
15650,-150,500,"bu","14:01:07",1065500
15650,-150,1000,"bu","14:01:07",1065000
15650,-150,100,"bu","14:01:06",1064000
15650,-150,100,"bu","14:01:03",1063900
15650,-150,3800,"bu","14:01:01",1063800
15650,-150,200,"bu","14:01:01",1060000
15650,-150,100,"bu","14:00:54",1059800
15650,-150,400,"bu","14:00:54",1059700
15650,-150,4500,"bu","14:00:54",1059300
15650,-150,3100,"bu","14:00:48",1054800
15650,-150,100,"bu","14:00:29",1051700
15600,-200,400,"bu","13:59:43",1051600
15600,-200,100,"bu","13:59:35",1051200
15600,-200,5000,"sd","13:59:24",1051100
15600,-200,500,"sd","13:59:24",1046100
15600,-200,100,"sd","13:59:24",1045600
15600,-200,100,"sd","13:59:24",1045500
15600,-200,1000,"sd","13:59:24",1045400
15600,-200,100,"sd","13:59:24",1044400
15600,-200,7000,"sd","13:59:24",1044300
15600,-200,1700,"sd","13:59:24",1037300
15600,-200,300,"sd","13:59:13",1035600
15600,-200,100,"sd","13:59:13",1035300
15650,-150,500,"bu","13:58:35",1035200
15650,-150,5500,"bu","13:58:27",1034700
15650,-150,100,"bu","13:57:58",1029200
15650,-150,100,"bu","13:57:56",1029100
15650,-150,500,"bu","13:57:40",1029000
15650,-150,100,"sd","13:57:28",1028500
15650,-150,200,"sd","13:57:28",1028400
15650,-150,200,"sd","13:57:28",1028200
15650,-150,100,"sd","13:57:28",1028000
15650,-150,100,"sd","13:57:04",1027900
15650,-150,100,"sd","13:57:04",1027800
15650,-150,100,"sd","13:57:04",1027700
15650,-150,200,"sd","13:57:04",1027600
15650,-150,300,"sd","13:55:45",1027400
15650,-150,500,"sd","13:55:45",1027100
15650,-150,1200,"sd","13:55:45",1026600
15700,-100,600,"bu","13:55:32",1025400
15650,-150,800,"sd","13:55:27",1024800
15650,-150,1500,"sd","13:55:27",1024000
15650,-150,100,"sd","13:55:27",1022500
15650,-150,100,"sd","13:55:27",1022400
15700,-100,100,"sd","13:55:01",1022300
15700,-100,3000,"sd","13:55:01",1022200
15700,-100,2000,"sd","13:55:01",1019200
15700,-100,2000,"sd","13:55:01",1017200
15700,-100,1000,"sd","13:54:59",1015200
15700,-100,4000,"sd","13:54:56",1014200
15700,-100,1000,"sd","13:54:56",1010200
15750,-50,1000,"bu","13:54:27",1009200
15750,-50,200,"sd","13:53:56",1008200
15750,-50,1900,"bu","13:53:55",1008000
15750,-50,100,"bu","13:53:52",1006100
15750,-50,500,"bu","13:53:52",1006000
15750,-50,1000,"bu","13:53:52",1005500
15750,-50,400,"bu","13:53:52",1004500
15750,-50,100,"bu","13:53:27",1004100
15750,-50,3900,"bu","13:53:27",1004000
15750,-50,300,"sd","13:52:53",1000100
15750,-50,800,"sd","13:52:53",999800
15750,-50,200,"sd","13:52:51",999000
15750,-50,1000,"sd","13:52:44",998800
15750,-50,300,"sd","13:52:31",997800
15750,-50,100,"sd","13:52:29",997500
15750,-50,500,"sd","13:52:28",997400
15750,-50,2100,"sd","13:52:20",996900
15750,-50,2000,"sd","13:52:20",994800
15750,-50,100,"sd","13:52:20",992800
15750,-50,800,"sd","13:52:20",992700
15750,-50,500,"sd","13:52:05",991900
15750,-50,500,"sd","13:51:59",991400
15750,-50,200,"sd","13:51:34",990900
15750,-50,500,"sd","13:51:25",990700
15750,-50,500,"sd","13:51:23",990200
15750,-50,100,"sd","13:51:14",989700
15750,-50,100,"sd","13:51:14",989600
15750,-50,1000,"sd","13:51:14",989500
15750,-50,100,"sd","13:50:55",988500
15750,-50,500,"bu","13:50:48",988400
15750,-50,1000,"bu","13:50:47",987900
15700,-100,100,"sd","13:50:38",986900
15700,-100,100,"sd","13:50:24",986800
15750,-50,1000,"bu","13:50:21",986700
15750,-50,500,"bu","13:50:18",985700
15750,-50,1000,"bu","13:50:14",985200
15750,-50,100,"sd","13:50:14",984200
15750,-50,400,"sd","13:50:12",984100
15750,-50,300,"sd","13:50:07",983700
15750,-50,2000,"sd","13:50:05",983400
15750,-50,1000,"sd","13:49:58",981400
15750,-50,400,"sd","13:49:51",980400
15750,-50,100,"sd","13:49:51",980000
15800,0,400,"bu","13:49:43",979900
15800,0,100,"bu","13:49:39",979500
15800,0,100,"bu","13:49:30",979400
15800,0,200,"bu","13:49:10",979300
15800,0,1000,"sd","13:49:09",979100
15800,0,500,"sd","13:49:09",978100
15800,0,500,"sd","13:49:09",977600
15800,0,100,"sd","13:49:09",977100
15800,0,500,"sd","13:49:09",977000
15800,0,100,"sd","13:48:57",976500
15850,50,100,"bu","13:48:41",976400
15850,50,200,"bu","13:48:37",976300
15850,50,200,"bu","13:47:51",976100
15850,50,100,"bu","13:47:45",975900
15850,50,100,"bu","13:47:38",975800
15850,50,500,"bu","13:47:38",975700
15850,50,500,"bu","13:47:38",975200
15850,50,900,"bu","13:47:38",974700
15850,50,700,"bu","13:47:34",973800
15850,50,100,"bu","13:47:14",973100
15800,0,400,"bu","13:47:14",973000
15800,0,1600,"sd","13:47:09",972600
15800,0,200,"sd","13:47:09",971000
15800,0,500,"sd","13:47:09",970800
15800,0,300,"sd","13:47:09",970300
15800,0,1000,"sd","13:47:09",970000
15800,0,600,"sd","13:47:09",969000
15800,0,6200,"sd","13:47:09",968400
15850,50,6300,"bu","13:46:55",962200
15850,50,700,"bu","13:46:55",955900
15850,50,200,"bu","13:46:51",955200
15850,50,2000,"sd","13:46:38",955000
15850,50,5600,"sd","13:46:38",953000
15850,50,1500,"sd","13:46:38",947400
15850,50,300,"sd","13:46:20",945900
15900,100,500,"bu","13:46:15",945600
15850,50,500,"sd","13:46:06",945100
15850,50,100,"sd","13:46:01",944600
15850,50,100,"sd","13:45:39",944500
15850,50,100,"sd","13:45:28",944400
15850,50,100,"sd","13:45:23",944300
15850,50,500,"bu","13:45:09",944200
15850,50,100,"bu","13:45:09",943700
15850,50,200,"bu","13:45:09",943600
15850,50,2500,"bu","13:45:09",943400
15850,50,500,"bu","13:45:09",940900
15850,50,500,"bu","13:45:06",940400
15850,50,1800,"bu","13:45:06",939900
15850,50,200,"bu","13:45:05",938100
15850,50,200,"bu","13:45:05",937900
15850,50,600,"bu","13:45:05",937700
15850,50,400,"bu","13:45:02",937100
15850,50,1000,"bu","13:45:02",936700
15850,50,300,"bu","13:45:00",935700
15850,50,200,"bu","13:44:49",935400
15800,0,100,"sd","13:44:41",935200
15800,0,100,"sd","13:44:13",935100
15800,0,400,"bu","13:44:04",935000
15800,0,2500,"bu","13:44:04",934600
15800,0,4000,"bu","13:44:04",932100
15800,0,1400,"bu","13:44:04",928100
15800,0,500,"bu","13:44:04",926700
15800,0,100,"bu","13:44:04",926200
15800,0,100,"bu","13:44:04",926100
15800,0,1000,"bu","13:44:04",926000
15800,0,200,"bu","13:44:04",925000
15800,0,4200,"bu","13:44:04",924800
15800,0,300,"bu","13:44:04",920600
15800,0,100,"bu","13:44:04",920300
15800,0,5000,"bu","13:44:04",920200
15800,0,100,"bu","13:44:04",915200
15800,0,300,"bu","13:44:04",915100
15800,0,500,"bu","13:44:04",914800
15800,0,200,"bu","13:44:04",914300
15800,0,100,"bu","13:44:04",914100
15800,0,10000,"bu","13:44:04",914000
15800,0,4300,"bu","13:44:04",904000
15750,-50,7500,"bu","13:44:04",899700
15750,-50,1000,"bu","13:44:01",892200
15750,-50,1500,"bu","13:43:58",891200
15750,-50,200,"bu","13:43:58",889700
15750,-50,800,"bu","13:43:53",889500
15750,-50,400,"bu","13:43:53",888700
15750,-50,600,"bu","13:43:51",888300
15750,-50,100,"bu","13:43:51",887700
15750,-50,1000,"bu","13:43:51",887600
15750,-50,1300,"bu","13:43:51",886600
15750,-50,200,"bu","13:43:45",885300
15750,-50,2000,"bu","13:43:42",885100
15750,-50,500,"bu","13:43:31",883100
15750,-50,500,"bu","13:43:31",882600
15750,-50,2000,"bu","13:43:31",882100
15750,-50,1500,"bu","13:43:31",880100
15750,-50,500,"bu","13:43:31",878600
15700,-100,100,"bu","13:43:14",878100
15700,-100,700,"bu","13:43:14",878000
15700,-100,2000,"bu","13:43:13",877300
15700,-100,2000,"bu","13:43:11",875300
15700,-100,800,"bu","13:43:08",873300
15700,-100,100,"bu","13:43:07",872500
15700,-100,100,"bu","13:43:07",872400
15700,-100,2000,"bu","13:43:06",872300
15700,-100,200,"bu","13:43:04",870300
15700,-100,3900,"bu","13:43:04",870100
15700,-100,600,"bu","13:43:02",866200
15700,-100,600,"bu","13:42:59",865600
15700,-100,7000,"bu","13:42:57",865000
15700,-100,3000,"bu","13:42:57",858000
15700,-100,2000,"bu","13:42:53",855000
15700,-100,100,"bu","13:42:42",853000
15650,-150,2500,"sd","13:42:09",852900
15700,-100,200,"bu","13:42:05",850400
15650,-150,2500,"sd","13:41:51",850200
15650,-150,1900,"sd","13:41:51",847700
15700,-100,200,"bu","13:41:42",845800
15700,-100,200,"bu","13:41:42",845600
15700,-100,200,"bu","13:41:42",845400
15650,-150,100,"sd","13:41:34",845200
15650,-150,1300,"sd","13:41:34",845100
15650,-150,500,"sd","13:40:49",843800
15650,-150,200,"bu","13:40:44",843300
15650,-150,200,"bu","13:40:37",843100
15650,-150,500,"bu","13:40:26",842900
15650,-150,2100,"sd","13:40:23",842400
15700,-100,100,"bu","13:40:21",840300
15600,-200,300,"bu","13:40:12",840200
15600,-200,2600,"bu","13:40:12",839900
15600,-200,200,"bu","13:40:03",837300
15600,-200,1000,"bu","13:39:50",837100
15600,-200,100,"sd","13:39:47",836100
15600,-200,300,"sd","13:39:47",836000
15600,-200,2000,"sd","13:39:47",835700
15600,-200,3100,"sd","13:39:47",833700
15650,-150,200,"sd","13:39:47",830600
15650,-150,100,"sd","13:39:47",830400
15650,-150,200,"sd","13:39:47",830300
15650,-150,200,"sd","13:39:47",830100
15650,-150,200,"bu","13:39:34",829900
15650,-150,200,"unknown","13:39:24",829700
15650,-150,3000,"sd","13:39:18",829500
15650,-150,100,"bu","13:39:08",826500
15650,-150,100,"bu","13:38:59",826400
15650,-150,100,"bu","13:38:47",826300
15600,-200,200,"sd","13:38:30",826200
15600,-200,100,"sd","13:38:26",826000
15600,-200,1000,"bu","13:38:12",825900
15600,-200,200,"bu","13:38:12",824900
15600,-200,400,"bu","13:38:12",824700
15600,-200,400,"bu","13:38:08",824300
15600,-200,2200,"bu","13:38:02",823900
15600,-200,100,"bu","13:38:02",821700
15600,-200,300,"bu","13:38:02",821600
15600,-200,100,"bu","13:37:54",821300
15550,-250,200,"sd","13:36:55",821200
15550,-250,200,"sd","13:36:47",821000
15600,-200,300,"bu","13:36:34",820800
15600,-200,1000,"bu","13:34:43",820500
15600,-200,100,"bu","13:34:34",819500
15600,-200,200,"sd","13:34:21",819400
15600,-200,600,"sd","13:34:21",819200
15600,-200,400,"unknown","13:34:02",818600
15600,-200,1000,"sd","13:33:14",818200
15600,-200,300,"sd","13:33:14",817200
15600,-200,100,"sd","13:33:14",816900
15600,-200,400,"sd","13:33:14",816800
15600,-200,100,"sd","13:33:14",816400
15650,-150,100,"sd","13:32:59",816300
15650,-150,1000,"bu","13:32:41",816200
15650,-150,900,"bu","13:32:41",815200
15650,-150,1000,"sd","13:32:28",814300
15650,-150,100,"sd","13:32:28",813300
15700,-100,100,"bu","13:32:21",813200
15700,-100,100,"bu","13:32:04",813100
15700,-100,300,"sd","13:31:46",813000
15700,-100,400,"sd","13:31:40",812700
15700,-100,100,"bu","13:31:31",812300
15700,-100,200,"bu","13:31:31",812200
15700,-100,300,"bu","13:31:23",812000
15700,-100,1200,"sd","13:31:09",811700
15750,-50,300,"bu","13:31:07",810500
15700,-100,800,"sd","13:31:07",810200
15700,-100,200,"sd","13:31:07",809400
15700,-100,500,"sd","13:30:57",809200
15700,-100,100,"sd","13:30:52",808700
15700,-100,4000,"sd","13:30:51",808600
15700,-100,500,"sd","13:30:48",804600
15700,-100,4700,"bu","13:30:47",804100
15700,-100,1000,"sd","13:30:44",799400
15700,-100,800,"sd","13:30:44",798400
15700,-100,100,"sd","13:30:44",797600
15700,-100,100,"sd","13:30:44",797500
15700,-100,7500,"sd","13:30:44",797400
15700,-100,500,"sd","13:30:44",789900
15700,-100,100,"sd","13:30:44",789400
15700,-100,100,"sd","13:30:43",789300
15700,-100,1500,"sd","13:30:43",789200
15750,-50,100,"bu","13:30:33",787700
15750,-50,500,"bu","13:30:26",787600
15700,-100,400,"sd","13:29:44",787100
15700,-100,500,"sd","13:29:34",786700
15700,-100,100,"sd","13:29:32",786200
15750,-50,1600,"bu","13:28:44",786100
15750,-50,400,"bu","13:28:44",784500
15700,-100,100,"sd","13:28:44",784100
15700,-100,300,"sd","13:28:41",784000
15750,-50,300,"bu","13:28:33",783700
15750,-50,1000,"bu","13:28:28",783400
15750,-50,300,"bu","13:28:19",782400
15750,-50,1700,"bu","13:28:19",782100
15750,-50,300,"bu","13:28:17",780400
15750,-50,300,"bu","13:28:08",780100
15750,-50,100,"bu","13:28:07",779800
15750,-50,400,"bu","13:28:00",779700
15750,-50,1000,"bu","13:28:00",779300
15750,-50,500,"bu","13:28:00",778300
15750,-50,100,"bu","13:28:00",777800
15750,-50,200,"bu","13:28:00",777700
15750,-50,500,"bu","13:27:51",777500
15750,-50,1000,"bu","13:27:49",777000
15750,-50,100,"bu","13:27:41",776000
15750,-50,400,"bu","13:27:35",775900
15750,-50,800,"bu","13:27:29",775500
15750,-50,100,"bu","13:27:29",774700
15700,-100,100,"bu","13:27:21",774600
15700,-100,400,"bu","13:27:14",774500
15700,-100,300,"bu","13:27:14",774100
15700,-100,300,"bu","13:27:14",773800
15700,-100,5000,"bu","13:27:14",773500
15650,-150,1900,"bu","13:27:00",768500
15650,-150,1000,"bu","13:27:00",766600
15600,-200,800,"bu","13:26:32",765600
15600,-200,100,"sd","13:26:26",764800
15600,-200,100,"sd","13:26:26",764700
15600,-200,1000,"bu","13:26:22",764600
15600,-200,900,"bu","13:26:22",763600
15600,-200,100,"bu","13:26:11",762700
15600,-200,1000,"bu","13:26:08",762600
15600,-200,100,"bu","13:26:04",761600
15600,-200,900,"bu","13:25:56",761500
15600,-200,1600,"bu","13:25:56",760600
15600,-200,300,"bu","13:25:52",759000
15600,-200,800,"bu","13:25:49",758700
15600,-200,300,"bu","13:25:47",757900
15600,-200,200,"bu","13:25:47",757600
15600,-200,100,"bu","13:25:42",757400
15600,-200,1000,"bu","13:25:34",757300
15600,-200,1000,"bu","13:25:34",756300
15550,-250,200,"bu","13:25:22",755300
15550,-250,300,"bu","13:25:22",755100
15550,-250,200,"bu","13:25:22",754800
15550,-250,800,"bu","13:25:20",754600
15550,-250,10000,"bu","13:25:18",753800
15550,-250,2000,"bu","13:25:15",743800
15550,-250,200,"bu","13:25:06",741800
15500,-300,200,"sd","13:25:02",741600
15550,-250,300,"bu","13:24:50",741400
15550,-250,200,"bu","13:24:50",741100
15500,-300,1000,"sd","13:24:19",740900
15500,-300,200,"bu","13:23:42",739900
15500,-300,2800,"bu","13:23:42",739700
15500,-300,900,"bu","13:23:40",736900
15500,-300,1000,"bu","13:23:38",736000
15500,-300,100,"bu","13:23:21",735000
15500,-300,300,"bu","13:23:21",734900
15500,-300,100,"bu","13:23:21",734600
15500,-300,1000,"bu","13:23:12",734500
15500,-300,1000,"bu","13:23:11",733500
15500,-300,200,"bu","13:23:03",732500
15500,-300,500,"bu","13:22:37",732300
15450,-350,300,"sd","13:22:29",731800
15450,-350,600,"sd","13:22:25",731500
15450,-350,100,"sd","13:22:25",730900
15450,-350,200,"sd","13:22:25",730800
15450,-350,2600,"sd","13:22:25",730600
15450,-350,500,"sd","13:22:25",728000
15450,-350,300,"sd","13:22:25",727500
15450,-350,300,"sd","13:22:25",727200
15450,-350,2000,"sd","13:22:25",726900
15450,-350,2400,"sd","13:22:25",724900
15450,-350,1000,"sd","13:22:25",722500
15450,-350,200,"sd","13:22:25",721500
15450,-350,100,"sd","13:22:25",721300
15450,-350,100,"sd","13:22:25",721200
15450,-350,600,"sd","13:22:25",721100
15500,-300,500,"bu","13:22:13",720500
15500,-300,500,"sd","13:22:07",720000
15500,-300,1000,"sd","13:22:07",719500
15500,-300,500,"sd","13:22:07",718500
15500,-300,100,"sd","13:22:07",718000
15500,-300,900,"sd","13:21:22",717900
15500,-300,100,"sd","13:21:22",717000
15500,-300,400,"sd","13:18:28",716900
15500,-300,500,"bu","13:18:17",716500
15500,-300,100,"bu","13:18:10",716000
15500,-300,100,"bu","13:18:10",715900
15500,-300,200,"bu","13:17:56",715800
15500,-300,100,"bu","13:17:42",715600
15500,-300,200,"bu","13:17:35",715500
15500,-300,400,"sd","13:17:17",715300
15500,-300,100,"sd","13:17:12",714900
15500,-300,100,"sd","13:16:40",714800
15500,-300,100,"sd","13:16:40",714700
15500,-300,100,"sd","13:16:40",714600
15550,-250,100,"bu","13:16:33",714500
15500,-300,100,"bu","13:14:25",714400
15500,-300,100,"bu","13:14:16",714300
15500,-300,800,"sd","13:14:07",714200
15500,-300,100,"bu","13:13:38",713400
15500,-300,100,"bu","13:13:38",713300
15500,-300,400,"bu","13:13:12",713200
15500,-300,1600,"bu","13:13:12",712800
15500,-300,100,"bu","13:13:02",711200
15500,-300,200,"sd","13:12:49",711100
15500,-300,200,"sd","13:12:34",710900
15500,-300,100,"sd","13:12:34",710700
15500,-300,500,"sd","13:12:34",710600
15500,-300,4200,"sd","13:12:34",710100
15500,-300,100,"sd","13:12:07",705900
15500,-300,1000,"sd","13:12:02",705800
15500,-300,1000,"sd","13:11:57",704800
15600,-200,2000,"bu","13:11:52",703800
15500,-300,1700,"sd","13:11:44",701800
15500,-300,500,"sd","13:11:44",700100
15500,-300,300,"sd","13:11:44",699600
15500,-300,100,"sd","13:11:44",699300
15500,-300,100,"sd","13:11:44",699200
15500,-300,200,"sd","13:11:44",699100
15550,-250,100,"sd","13:11:44",698900
15550,-250,5000,"sd","13:11:44",698800
15550,-250,1000,"sd","13:11:44",693800
15550,-250,1000,"sd","13:11:44",692800
15600,-200,300,"bu","13:11:37",691800
15600,-200,200,"bu","13:11:09",691500
15600,-200,800,"bu","13:11:09",691300
15550,-250,300,"bu","13:09:52",690500
15550,-250,200,"bu","13:09:52",690200
15550,-250,100,"bu","13:09:48",690000
15550,-250,500,"bu","13:09:46",689900
15550,-250,200,"bu","13:09:43",689400
15550,-250,1500,"bu","13:09:40",689200
15550,-250,500,"bu","13:09:40",687700
15550,-250,1000,"bu","13:09:37",687200
15550,-250,500,"bu","13:09:33",686200
15550,-250,100,"bu","13:09:24",685700
15550,-250,100,"bu","13:08:50",685600
15550,-250,1100,"bu","13:08:23",685500
15550,-250,900,"bu","13:08:23",684400
15550,-250,2700,"bu","13:07:43",683500
15550,-250,100,"bu","13:07:43",680800
15500,-300,2200,"bu","13:07:43",680700
15500,-300,100,"sd","13:07:32",678500
15500,-300,500,"sd","13:07:32",678400
15500,-300,1100,"sd","13:07:32",677900
15500,-300,1000,"sd","13:07:32",676800
15500,-300,500,"sd","13:06:53",675800
15500,-300,700,"sd","13:06:27",675300
15500,-300,300,"sd","13:06:12",674600
15500,-300,1000,"sd","13:06:12",674300
15500,-300,100,"sd","13:06:12",673300
15500,-300,600,"sd","13:06:12",673200
15500,-300,100,"sd","13:05:56",672600
15500,-300,1000,"sd","13:05:35",672500
15500,-300,200,"bu","13:05:28",671500
15500,-300,100,"bu","13:05:28",671300
15500,-300,5500,"bu","13:05:28",671200
15500,-300,1000,"bu","13:05:13",665700
15500,-300,100,"bu","13:05:04",664700
15500,-300,4700,"bu","13:04:32",664600
15450,-350,300,"bu","13:04:32",659900
15450,-350,1000,"bu","13:04:32",659600
15450,-350,500,"bu","13:04:23",658600
15400,-400,800,"sd","13:04:21",658100
15400,-400,500,"sd","13:04:21",657300
15400,-400,100,"sd","13:04:21",656800
15400,-400,1000,"sd","13:04:21",656700
15400,-400,100,"sd","13:04:21",655700
15450,-350,100,"sd","13:04:13",655600
15450,-350,200,"sd","13:04:05",655500
15450,-350,500,"bu","13:04:02",655300
15450,-350,700,"bu","13:04:02",654800
15400,-400,200,"sd","13:03:46",654100
15400,-400,100,"sd","13:03:46",653900
15400,-400,100,"sd","13:03:46",653800
15400,-400,100,"sd","13:03:46",653700
15400,-400,100,"sd","13:03:46",653600
15400,-400,400,"sd","13:03:46",653500
15400,-400,300,"sd","13:03:45",653100
15450,-350,1000,"bu","13:03:41",652800
15450,-350,300,"sd","13:03:17",651800
15500,-300,1000,"bu","13:02:42",651500
15500,-300,100,"bu","13:02:16",650500
15400,-400,300,"sd","13:01:38",650400
15400,-400,300,"sd","13:01:31",650100
15400,-400,100,"sd","13:01:31",649800
15400,-400,800,"sd","13:01:31",649700
15400,-400,100,"sd","13:01:31",648900
15400,-400,100,"sd","13:01:31",648800
15400,-400,500,"sd","13:01:31",648700
15450,-350,100,"bu","13:01:31",648200
15450,-350,200,"bu","13:01:31",648100
15450,-350,300,"bu","13:01:31",647900
15400,-400,200,"sd","13:01:27",647600
15400,-400,100,"sd","13:01:18",647400
15400,-400,400,"sd","13:01:12",647300
15400,-400,200,"sd","13:01:12",646900
15400,-400,1000,"sd","13:01:12",646700
15400,-400,100,"sd","13:01:12",645700
15400,-400,1000,"sd","13:01:12",645600
15400,-400,500,"sd","13:01:12",644600
15400,-400,300,"sd","13:01:12",644100
15400,-400,800,"sd","13:01:12",643800
15400,-400,100,"sd","13:01:12",643000
15450,-350,100,"bu","13:00:54",642900
15450,-350,1000,"bu","13:00:26",642800
15450,-350,300,"bu","13:00:20",641800
15450,-350,200,"bu","13:00:19",641500
15450,-350,100,"bu","13:00:18",641300
15400,-400,200,"sd","13:00:15",641200
15400,-400,200,"sd","13:00:15",641000
15400,-400,500,"sd","13:00:15",640800
15400,-400,2000,"sd","13:00:15",640300
15400,-400,500,"sd","13:00:15",638300
15400,-400,500,"sd","13:00:15",637800
15400,-400,100,"sd","13:00:15",637300
15400,-400,500,"sd","13:00:15",637200
15400,-400,800,"sd","13:00:15",636700
15450,-350,100,"sd","13:00:15",635900
15450,-350,100,"sd","13:00:15",635800
15450,-350,100,"sd","13:00:15",635700
15450,-350,3000,"sd","13:00:15",635600
15450,-350,100,"sd","13:00:15",632600
15450,-350,100,"sd","13:00:15",632500
15450,-350,100,"sd","13:00:15",632400
15450,-350,1000,"sd","13:00:15",632300
15450,-350,100,"sd","13:00:15",631300
15500,-300,300,"bu","13:00:07",631200
15550,-250,300,"bu","13:00:03",630900
15500,-300,300,"sd","13:00:03",630600
15550,-250,1000,"bu","13:00:02",630300
15500,-300,100,"sd","13:00:01",629300
15500,-300,200,"sd","13:00:01",629200
15550,-250,100,"bu","13:00:00",629000
15550,-250,200,"bu","13:00:00",628900
15550,-250,1000,"bu","13:00:00",628700
15550,-250,300,"sd","11:29:03",627700
15550,-250,500,"bu","11:28:39",627400
15550,-250,600,"bu","11:28:39",626900
15550,-250,200,"bu","11:28:25",626300
15550,-250,200,"bu","11:28:25",626100
15550,-250,600,"bu","11:28:25",625900
15500,-300,100,"sd","11:27:36",625300
15500,-300,500,"bu","11:26:53",625200
15500,-300,900,"bu","11:26:53",624700
15500,-300,200,"bu","11:26:53",623800
15500,-300,3800,"bu","11:26:53",623600
15450,-350,100,"bu","11:26:16",619800
15450,-350,100,"sd","11:26:13",619700
15400,-400,300,"sd","11:25:39",619600
15450,-350,700,"sd","11:25:39",619300
15450,-350,300,"bu","11:25:38",618600
15450,-350,200,"bu","11:25:31",618300
15450,-350,100,"bu","11:25:16",618100
15450,-350,100,"bu","11:25:01",618000
15400,-400,400,"sd","11:24:42",617900
15400,-400,100,"sd","11:24:42",617500
15400,-400,10000,"sd","11:24:42",617400
15400,-400,1800,"sd","11:24:42",607400
15400,-400,900,"sd","11:24:42",605600
15400,-400,500,"sd","11:24:42",604700
15400,-400,100,"sd","11:24:41",604200
15400,-400,100,"sd","11:24:41",604100
15400,-400,1000,"sd","11:24:41",604000
15400,-400,100,"sd","11:24:41",603000
15400,-400,1000,"sd","11:24:38",602900
15400,-400,300,"sd","11:24:38",601900
15400,-400,100,"sd","11:24:38",601600
15400,-400,200,"sd","11:24:38",601500
15400,-400,400,"sd","11:24:38",601300
15450,-350,100,"bu","11:24:27",600900
15450,-350,100,"bu","11:24:27",600800
15450,-350,100,"bu","11:24:27",600700
15450,-350,300,"bu","11:23:58",600600
15450,-350,100,"bu","11:23:49",600300
15450,-350,300,"bu","11:23:38",600200
15450,-350,5900,"bu","11:23:38",599900
15450,-350,3000,"bu","11:23:38",594000
15450,-350,800,"bu","11:23:38",591000
15400,-400,2600,"sd","11:23:22",590200
15400,-400,100,"sd","11:23:22",587600
15400,-400,100,"sd","11:23:22",587500
15400,-400,100,"sd","11:23:22",587400
15400,-400,100,"sd","11:23:22",587300
15400,-400,1400,"sd","11:23:22",587200
15450,-350,100,"bu","11:23:12",585800
15450,-350,100,"sd","11:23:00",585700
15400,-400,2200,"sd","11:22:48",585600
15450,-350,800,"sd","11:22:48",583400
15450,-350,100,"bu","11:22:41",582600
15450,-350,100,"bu","11:22:41",582500
15400,-400,100,"sd","11:22:36",582400
15400,-400,3000,"sd","11:22:35",582300
15450,-350,800,"bu","11:22:34",579300
15450,-350,300,"bu","11:22:34",578500
15450,-350,900,"bu","11:22:34",578200
15400,-400,2000,"sd","11:22:27",577300
15450,-350,1000,"bu","11:22:14",575300
15400,-400,100,"sd","11:22:12",574300
15400,-400,1000,"sd","11:21:58",574200
15400,-400,200,"sd","11:21:43",573200
15400,-400,200,"sd","11:21:43",573000
15400,-400,500,"sd","11:21:43",572800
15400,-400,4100,"sd","11:21:43",572300
15450,-350,200,"bu","11:21:40",568200
15450,-350,200,"bu","11:21:29",568000
15450,-350,200,"bu","11:20:37",567800
15450,-350,100,"sd","11:19:54",567600
15450,-350,200,"sd","11:19:54",567500
15450,-350,100,"sd","11:19:54",567300
15450,-350,100,"sd","11:19:54",567200
15450,-350,200,"sd","11:19:21",567100
15450,-350,100,"sd","11:19:21",566900
15450,-350,200,"sd","11:19:21",566800
15450,-350,200,"sd","11:18:55",566600
15450,-350,100,"sd","11:18:46",566400
15450,-350,500,"sd","11:18:46",566300
15450,-350,200,"sd","11:18:46",565800
15450,-350,100,"sd","11:18:38",565600
15450,-350,200,"sd","11:18:38",565500
15450,-350,1000,"sd","11:18:38",565300
15450,-350,1800,"sd","11:18:38",564300
15450,-350,100,"sd","11:17:53",562500
15450,-350,200,"sd","11:17:53",562400
15450,-350,100,"sd","11:17:53",562200
15450,-350,400,"sd","11:17:53",562100
15450,-350,200,"sd","11:17:53",561700
15450,-350,1800,"sd","11:17:42",561500
15450,-350,200,"sd","11:17:42",559700
15500,-300,300,"bu","11:17:33",559500
15450,-350,300,"sd","11:17:32",559200
15450,-350,100,"sd","11:17:32",558900
15450,-350,100,"sd","11:17:32",558800
15450,-350,100,"sd","11:17:32",558700
15450,-350,300,"sd","11:17:32",558600
15450,-350,7100,"sd","11:17:32",558300
15450,-350,100,"sd","11:17:30",551200
15450,-350,2800,"sd","11:17:26",551100
15450,-350,100,"sd","11:15:57",548300
15450,-350,900,"sd","11:15:57",548200
15450,-350,100,"sd","11:15:15",547300
15450,-350,100,"sd","11:15:15",547200
15450,-350,100,"sd","11:15:15",547100
15450,-350,700,"sd","11:15:15",547000
15450,-350,300,"sd","11:15:07",546300
15450,-350,1700,"sd","11:15:07",546000
15500,-300,100,"sd","11:14:26",544300
15500,-300,200,"sd","11:14:26",544200
15500,-300,500,"sd","11:14:26",544000
15500,-300,3000,"sd","11:14:26",543500
15500,-300,1700,"sd","11:14:26",540500
15500,-300,3300,"sd","11:14:15",538800
15500,-300,200,"sd","11:14:15",535500
15500,-300,1200,"sd","11:14:15",535300
15500,-300,3000,"sd","11:14:10",534100
15500,-300,800,"sd","11:14:07",531100
15500,-300,4300,"sd","11:14:07",530300
15500,-300,1000,"sd","11:14:07",526000
15500,-300,300,"sd","11:14:07",525000
15500,-300,500,"sd","11:13:46",524700
15500,-300,200,"sd","11:13:46",524200
15500,-300,200,"sd","11:13:46",524000
15500,-300,100,"sd","11:13:46",523800
15500,-300,600,"sd","11:13:46",523700
15500,-300,100,"sd","11:13:46",523100
15500,-300,100,"sd","11:13:46",523000
15500,-300,1000,"sd","11:13:46",522900
15500,-300,500,"sd","11:13:46",521900
15500,-300,200,"sd","11:13:46",521400
15500,-300,500,"sd","11:13:46",521200
15500,-300,300,"sd","11:13:36",520700
15500,-300,200,"sd","11:13:36",520400
15500,-300,800,"sd","11:13:26",520200
15500,-300,1200,"sd","11:13:26",519400
15500,-300,300,"sd","11:13:19",518200
15500,-300,100,"sd","11:13:19",517900
15500,-300,100,"sd","11:13:19",517800
15500,-300,200,"sd","11:12:41",517700
15500,-300,2100,"sd","11:12:20",517500
15500,-300,1000,"sd","11:11:52",515400
15500,-300,1600,"sd","11:11:27",514400
15500,-300,300,"sd","11:11:27",512800
15500,-300,2000,"sd","11:11:27",512500
15500,-300,200,"sd","11:11:27",510500
15500,-300,2000,"sd","11:11:27",510300
15500,-300,300,"sd","11:11:27",508300
15500,-300,300,"sd","11:11:27",508000
15500,-300,100,"sd","11:11:27",507700
15500,-300,3000,"sd","11:11:27",507600
15500,-300,100,"sd","11:11:27",504600
15500,-300,100,"sd","11:11:27",504500
15550,-250,300,"bu","11:11:10",504400
15550,-250,100,"bu","11:11:05",504100
15550,-250,100,"sd","11:08:53",504000
15550,-250,100,"sd","11:08:53",503900
15550,-250,100,"sd","11:08:53",503800
15550,-250,100,"sd","11:08:53",503700
15550,-250,700,"sd","11:08:53",503600
15550,-250,100,"sd","11:07:37",502900
15550,-250,1000,"sd","11:07:04",502800
15600,-200,100,"bu","11:06:12",501800
15600,-200,500,"bu","11:05:35",501700
15600,-200,1000,"bu","11:05:11",501200
15600,-200,600,"bu","11:04:45",500200
15600,-200,1000,"bu","11:04:22",499600
15600,-200,500,"bu","11:03:44",498600
15600,-200,100,"bu","11:02:16",498100
15550,-250,200,"sd","11:01:57",498000
15550,-250,1000,"bu","11:01:43",497800
15550,-250,200,"sd","11:00:09",496800
15600,-200,100,"bu","10:58:20",496600
15600,-200,300,"bu","10:57:35",496500
15500,-300,3900,"sd","10:57:10",496200
15550,-250,1000,"sd","10:57:10",492300
15550,-250,100,"sd","10:57:10",491300
15550,-250,100,"sd","10:56:09",491200
15550,-250,100,"sd","10:56:09",491100
15550,-250,900,"sd","10:55:02",491000
15550,-250,100,"sd","10:55:02",490100
15550,-250,100,"sd","10:55:02",490000
15550,-250,600,"sd","10:55:02",489900
15550,-250,400,"sd","10:53:04",489300
15550,-250,100,"sd","10:53:04",488900
15600,-200,1300,"bu","10:52:47",488800
15600,-200,500,"bu","10:52:47",487500
15600,-200,700,"bu","10:52:47",487000
15500,-300,800,"sd","10:50:18",486300
15500,-300,200,"sd","10:50:18",485500
15500,-300,500,"sd","10:50:18",485300
15500,-300,500,"sd","10:50:18",484800
15500,-300,100,"sd","10:50:18",484300
15500,-300,100,"sd","10:50:18",484200
15550,-250,100,"sd","10:50:18",484100
15550,-250,700,"sd","10:50:18",484000
15550,-250,300,"bu","10:50:10",483300
15550,-250,100,"bu","10:50:05",483000
15550,-250,100,"bu","10:49:55",482900
15550,-250,300,"bu","10:49:55",482800
15550,-250,100,"bu","10:49:51",482500
15550,-250,1000,"bu","10:49:47",482400
15550,-250,300,"bu","10:49:46",481400
15550,-250,100,"bu","10:49:42",481100
15550,-250,1000,"bu","10:49:41",481000
15550,-250,100,"bu","10:49:39",480000
15550,-250,100,"bu","10:49:33",479900
15550,-250,100,"bu","10:48:53",479800
15550,-250,1900,"bu","10:48:53",479700
15550,-250,200,"bu","10:48:53",477800
15550,-250,100,"sd","10:48:44",477600
15550,-250,100,"sd","10:48:44",477500
15550,-250,4600,"sd","10:48:44",477400
15600,-200,300,"bu","10:47:58",472800
15600,-200,1000,"sd","10:47:06",472500
15600,-200,100,"bu","10:46:02",471500
15550,-250,400,"sd","10:46:02",471400
15550,-250,100,"sd","10:46:02",471000
15550,-250,100,"sd","10:46:02",470900
15550,-250,500,"sd","10:46:02",470800
15550,-250,500,"sd","10:46:02",470300
15550,-250,500,"sd","10:45:57",469800
15550,-250,100,"sd","10:45:57",469300
15550,-250,400,"sd","10:45:57",469200
15550,-250,4600,"sd","10:45:49",468800
15550,-250,100,"sd","10:45:49",464200
15550,-250,300,"sd","10:45:49",464100
15550,-250,200,"sd","10:45:32",463800
15600,-200,500,"sd","10:45:21",463600
15600,-200,500,"sd","10:45:21",463100
15600,-200,100,"sd","10:45:21",462600
15600,-200,900,"sd","10:45:21",462500
15600,-200,600,"sd","10:45:04",461600
15600,-200,500,"sd","10:45:02",461000
15600,-200,100,"sd","10:44:54",460500
15600,-200,100,"sd","10:44:54",460400
15600,-200,500,"sd","10:44:54",460300
15600,-200,100,"sd","10:44:54",459800
15650,-150,100,"bu","10:44:18",459700
15650,-150,100,"bu","10:44:08",459600
15650,-150,100,"bu","10:43:53",459500
15650,-150,1200,"bu","10:43:26",459400
15650,-150,100,"bu","10:42:46",458200
15650,-150,100,"bu","10:41:41",458100
15650,-150,500,"bu","10:40:42",458000
15650,-150,100,"bu","10:40:31",457500
15650,-150,100,"bu","10:39:05",457400
15600,-200,200,"sd","10:38:48",457300
15650,-150,100,"sd","10:38:41",457100
15650,-150,100,"sd","10:38:41",457000
15650,-150,100,"sd","10:38:41",456900
15650,-150,100,"sd","10:38:41",456800
15650,-150,300,"sd","10:38:41",456700
15650,-150,500,"sd","10:38:20",456400
15700,-100,100,"bu","10:37:28",455900
15700,-100,100,"bu","10:36:09",455800
15700,-100,1700,"sd","10:35:48",455700
15700,-100,300,"sd","10:35:48",454000
15700,-100,400,"sd","10:35:46",453700
15700,-100,300,"sd","10:35:31",453300
15700,-100,1000,"sd","10:35:31",453000
15700,-100,200,"sd","10:35:31",452000
15700,-100,500,"sd","10:35:31",451800
15700,-100,500,"sd","10:35:24",451300
15700,-100,500,"sd","10:34:27",450800
15700,-100,400,"sd","10:34:17",450300
15700,-100,200,"sd","10:34:09",449900
15700,-100,900,"sd","10:34:09",449700
15750,-50,200,"bu","10:32:47",448800
15700,-100,100,"sd","10:32:37",448600
15750,-50,800,"bu","10:32:20",448500
15750,-50,1000,"bu","10:32:03",447700
15750,-50,1000,"bu","10:31:46",446700
15750,-50,1000,"bu","10:31:40",445700
15750,-50,800,"bu","10:29:46",444700
15750,-50,100,"bu","10:29:46",443900
15750,-50,100,"bu","10:29:46",443800
15750,-50,400,"bu","10:29:37",443700
15750,-50,100,"bu","10:29:37",443300
15750,-50,100,"bu","10:29:07",443200
15700,-100,1000,"sd","10:28:29",443100
15700,-100,100,"bu","10:28:28",442100
15700,-100,1000,"bu","10:28:28",442000
15700,-100,800,"bu","10:28:28",441000
15650,-150,200,"sd","10:28:27",440200
15700,-100,1000,"bu","10:28:23",440000
15700,-100,200,"bu","10:27:35",439000
15650,-150,100,"sd","10:27:19",438800
15700,-100,100,"sd","10:25:01",438700
15700,-100,200,"bu","10:24:52",438600
15700,-100,1000,"bu","10:24:38",438400
15700,-100,1000,"bu","10:24:38",437400
15700,-100,4000,"bu","10:24:33",436400
15700,-100,1000,"bu","10:24:33",432400
15700,-100,200,"bu","10:24:21",431400
15700,-100,800,"bu","10:23:29",431200
15700,-100,1600,"bu","10:23:29",430400
15700,-100,100,"bu","10:23:03",428800
15650,-150,100,"bu","10:22:14",428700
15650,-150,600,"sd","10:21:39",428600
15650,-150,100,"sd","10:21:39",428000
15650,-150,100,"sd","10:21:39",427900
15650,-150,100,"sd","10:21:39",427800
15650,-150,600,"sd","10:21:08",427700
15650,-150,300,"bu","10:19:47",427100
15650,-150,100,"bu","10:19:15",426800
15650,-150,100,"bu","10:19:08",426700
15650,-150,100,"bu","10:18:49",426600
15650,-150,100,"bu","10:18:39",426500
15600,-200,100,"sd","10:18:34",426400
15600,-200,500,"sd","10:18:34",426300
15600,-200,100,"sd","10:18:34",425800
15600,-200,1000,"sd","10:18:34",425700
15600,-200,100,"sd","10:18:34",424700
15650,-150,100,"bu","10:18:14",424600
15650,-150,1200,"sd","10:18:04",424500
15700,-100,200,"bu","10:17:45",423300
15650,-150,1200,"sd","10:17:38",423100
15650,-150,300,"sd","10:17:38",421900
15650,-150,100,"sd","10:17:07",421600
15650,-150,200,"sd","10:17:07",421500
15700,-100,100,"bu","10:17:03",421300
15700,-100,2700,"sd","10:14:44",421200
15700,-100,500,"sd","10:14:44",418500
15700,-100,1100,"sd","10:14:44",418000
15700,-100,400,"sd","10:14:10",416900
15750,-50,100,"bu","10:11:46",416500
15750,-50,100,"bu","10:11:31",416400
15750,-50,100,"sd","10:11:08",416300
15750,-50,10400,"sd","10:11:08",416200
15750,-50,4800,"sd","10:10:57",405800
15750,-50,400,"sd","10:10:19",401000
15750,-50,1000,"sd","10:09:12",400600
15750,-50,2000,"bu","10:09:11",399600
15750,-50,1000,"bu","10:09:11",397600
15750,-50,400,"bu","10:09:11",396600
15750,-50,300,"bu","10:08:44",396200
15750,-50,100,"sd","10:08:18",395900
15750,-50,4000,"sd","10:07:06",395800
15750,-50,1000,"bu","10:06:50",391800
15750,-50,200,"bu","10:06:50",390800
15750,-50,1200,"bu","10:06:50",390600
15750,-50,1000,"bu","10:06:50",389400
15750,-50,2000,"bu","10:06:50",388400
15750,-50,600,"bu","10:06:50",386400
15750,-50,400,"bu","10:05:56",385800
15750,-50,100,"sd","10:04:31",385400
15750,-50,1000,"sd","10:04:31",385300
15750,-50,500,"sd","10:04:31",384300
15800,0,100,"sd","10:04:28",383800
15800,0,2000,"sd","10:04:28",383700
15800,0,200,"sd","10:04:28",381700
15800,0,7400,"sd","10:04:28",381500
15800,0,16000,"sd","10:04:24",374100
15800,0,1000,"sd","10:04:21",358100
15800,0,10000,"sd","10:04:21",357100
15800,0,10000,"sd","10:04:19",347100
15850,50,500,"bu","10:04:07",337100
15850,50,500,"bu","10:04:07",336600
15800,0,7300,"sd","10:04:05",336100
15800,0,9000,"sd","10:04:03",328800
15800,0,400,"sd","10:03:59",319800
15800,0,5000,"sd","10:03:54",319400
15800,0,2900,"sd","10:03:46",314400
15800,0,300,"sd","10:03:46",311500
15800,0,500,"sd","10:03:36",311200
15850,50,300,"sd","10:03:23",310700
15850,50,1000,"sd","10:03:23",310400
15850,50,500,"sd","10:03:23",309400
15850,50,1500,"sd","10:03:22",308900
15850,50,500,"sd","10:03:22",307400
15850,50,200,"sd","10:03:21",306900
15850,50,300,"sd","10:03:16",306700
15850,50,700,"sd","10:03:16",306400
15850,50,300,"sd","10:03:08",305700
15850,50,400,"sd","10:03:08",305400
15900,100,1300,"bu","10:02:51",305000
15900,100,300,"bu","10:02:32",303700
15900,100,1000,"bu","10:02:16",303400
15900,100,200,"bu","10:01:49",302400
15900,100,200,"bu","10:01:49",302200
15900,100,100,"bu","10:01:49",302000
15900,100,500,"bu","10:01:49",301900
15900,100,500,"bu","10:01:38",301400
15900,100,100,"bu","10:01:38",300900
15900,100,900,"bu","10:01:38",300800
15900,100,100,"bu","10:01:38",299900
15900,100,2400,"bu","10:01:38",299800
15900,100,100,"bu","10:01:08",297400
15850,50,300,"sd","10:01:05",297300
15850,50,500,"sd","10:00:50",297000
15900,100,1000,"bu","10:00:44",296500
15850,50,100,"sd","10:00:35",295500
15900,100,500,"bu","10:00:26",295400
15900,100,1000,"bu","10:00:26",294900
15850,50,1500,"sd","10:00:16",293900
15850,50,100,"sd","10:00:10",292400
15850,50,1000,"sd","09:59:37",292300
15850,50,100,"sd","09:59:32",291300
15850,50,100,"sd","09:59:17",291200
15850,50,100,"sd","09:59:14",291100
15850,50,100,"sd","09:58:43",291000
15850,50,200,"sd","09:58:39",290900
15850,50,1000,"bu","09:58:07",290700
15850,50,400,"bu","09:58:07",289700
15850,50,300,"bu","09:58:07",289300
15850,50,200,"bu","09:58:02",289000
15800,0,1000,"sd","09:57:34",288800
15800,0,100,"bu","09:56:32",287800
15800,0,100,"bu","09:56:32",287700
15800,0,1000,"bu","09:56:32",287600
15800,0,400,"bu","09:56:32",286600
15800,0,1600,"bu","09:56:32",286200
15800,0,100,"bu","09:56:29",284600
15800,0,300,"bu","09:56:22",284500
15800,0,700,"bu","09:56:22",284200
15800,0,1300,"bu","09:56:10",283500
15800,0,200,"bu","09:56:10",282200
15800,0,100,"bu","09:56:10",282000
15800,0,800,"bu","09:56:10",281900
15800,0,100,"bu","09:56:07",281100
15800,0,100,"bu","09:55:43",281000
15800,0,400,"bu","09:55:43",280900
15800,0,300,"bu","09:55:42",280500
15750,-50,100,"sd","09:55:10",280200
15750,-50,500,"sd","09:55:05",280100
15800,0,300,"bu","09:55:05",279600
15800,0,400,"bu","09:55:05",279300
15800,0,200,"bu","09:55:05",278900
15800,0,100,"bu","09:55:05",278700
15750,-50,500,"sd","09:54:42",278600
15750,-50,500,"sd","09:54:42",278100
15750,-50,500,"sd","09:54:29",277600
15750,-50,500,"sd","09:54:29",277100
15750,-50,100,"sd","09:54:21",276600
15750,-50,700,"bu","09:53:31",276500
15750,-50,100,"bu","09:53:31",275800
15750,-50,200,"bu","09:53:31",275700
15750,-50,300,"bu","09:53:02",275500
15750,-50,500,"bu","09:53:02",275200
15750,-50,300,"bu","09:53:02",274700
15750,-50,900,"bu","09:53:02",274400
15750,-50,900,"bu","09:52:55",273500
15700,-100,3000,"bu","09:52:55",272600
15700,-100,1000,"bu","09:52:55",269600
15700,-100,100,"bu","09:52:55",268600
15650,-150,500,"bu","09:52:51",268500
15650,-150,500,"bu","09:52:49",268000
15600,-200,100,"bu","09:52:39",267500
15600,-200,200,"bu","09:52:39",267400
15600,-200,200,"bu","09:52:32",267200
15600,-200,100,"bu","09:52:28",267000
15600,-200,500,"bu","09:52:26",266900
15600,-200,200,"bu","09:52:26",266400
15600,-200,500,"bu","09:52:26",266200
15600,-200,200,"bu","09:52:26",265700
15600,-200,1000,"bu","09:52:26",265500
15600,-200,7600,"bu","09:52:26",264500
15600,-200,100,"bu","09:52:21",256900
15600,-200,5900,"bu","09:52:16",256800
15600,-200,1000,"bu","09:52:12",250900
15600,-200,5000,"bu","09:51:58",249900
15600,-200,200,"bu","09:51:56",244900
15600,-200,800,"bu","09:51:56",244700
15600,-200,100,"bu","09:51:48",243900
15600,-200,500,"bu","09:51:33",243800
15600,-200,8000,"bu","09:51:14",243300
15600,-200,1000,"bu","09:51:05",235300
15600,-200,3000,"bu","09:50:44",234300
15600,-200,300,"bu","09:50:35",231300
15600,-200,1000,"bu","09:50:26",231000
15600,-200,300,"bu","09:50:13",230000
15600,-200,200,"bu","09:50:13",229700
15600,-200,5000,"bu","09:50:01",229500
15550,-250,1500,"bu","09:49:27",224500
15550,-250,3000,"bu","09:49:26",223000
15550,-250,500,"bu","09:49:03",220000
15550,-250,100,"bu","09:48:47",219500
15550,-250,400,"bu","09:48:47",219400
15550,-250,100,"bu","09:48:20",219000
15550,-250,100,"bu","09:48:06",218900
15550,-250,100,"bu","09:48:06",218800
15550,-250,1000,"bu","09:48:06",218700
15550,-250,200,"bu","09:48:06",217700
15550,-250,1500,"bu","09:48:06",217500
15550,-250,100,"bu","09:48:06",216000
15550,-250,200,"bu","09:47:55",215900
15550,-250,200,"bu","09:47:39",215700
15550,-250,100,"bu","09:47:29",215500
15550,-250,200,"bu","09:47:26",215400
15550,-250,100,"bu","09:47:25",215200
15550,-250,100,"bu","09:47:16",215100
15550,-250,200,"bu","09:47:03",215000
15550,-250,600,"bu","09:46:53",214800
15500,-300,100,"sd","09:46:49",214200
15500,-300,200,"sd","09:46:49",214100
15500,-300,100,"sd","09:46:49",213900
15500,-300,100,"sd","09:46:49",213800
15550,-250,100,"bu","09:46:48",213700
15550,-250,100,"bu","09:46:35",213600
15550,-250,1500,"bu","09:46:31",213500
15550,-250,1100,"bu","09:46:31",212000
15550,-250,100,"bu","09:46:00",210900
15550,-250,900,"bu","09:45:49",210800
15500,-300,900,"bu","09:44:02",209900
15500,-300,1100,"bu","09:44:00",209000
15500,-300,100,"bu","09:44:00",207900
15500,-300,600,"bu","09:44:00",207800
15500,-300,200,"bu","09:44:00",207200
15500,-300,100,"bu","09:43:56",207000
15500,-300,500,"bu","09:43:56",206900
15500,-300,100,"bu","09:43:51",206400
15500,-300,100,"bu","09:43:46",206300
15500,-300,300,"bu","09:43:44",206200
15500,-300,500,"bu","09:43:41",205900
15500,-300,600,"bu","09:43:38",205400
15500,-300,2000,"bu","09:43:33",204800
15500,-300,1600,"bu","09:43:31",202800
15500,-300,100,"bu","09:43:28",201200
15500,-300,400,"bu","09:43:23",201100
15500,-300,100,"bu","09:43:21",200700
15500,-300,100,"bu","09:43:18",200600
15500,-300,500,"bu","09:43:14",200500
15500,-300,500,"bu","09:43:12",200000
15500,-300,500,"bu","09:43:02",199500
15500,-300,100,"bu","09:42:56",199000
15500,-300,100,"bu","09:42:51",198900
15500,-300,500,"bu","09:42:50",198800
15500,-300,100,"bu","09:42:11",198300
15500,-300,400,"bu","09:42:11",198200
15500,-300,100,"bu","09:41:56",197800
15500,-300,1000,"bu","09:41:49",197700
15500,-300,200,"bu","09:41:44",196700
15500,-300,600,"bu","09:41:11",196500
15500,-300,200,"sd","09:41:09",195900
15500,-300,200,"sd","09:41:09",195700
15500,-300,1000,"sd","09:41:09",195500
15500,-300,200,"sd","09:41:09",194500
15500,-300,100,"sd","09:41:09",194300
15500,-300,100,"sd","09:41:09",194200
15500,-300,100,"sd","09:41:09",194100
15500,-300,600,"sd","09:41:09",194000
15500,-300,100,"sd","09:41:09",193400
15500,-300,600,"sd","09:41:09",193300
15500,-300,600,"sd","09:40:57",192700
15550,-250,100,"bu","09:40:55",192100
15500,-300,200,"sd","09:40:54",192000
15500,-300,300,"sd","09:40:49",191800
15500,-300,200,"sd","09:40:49",191500
15550,-250,500,"bu","09:40:46",191300
15500,-300,300,"sd","09:40:31",190800
15500,-300,9200,"sd","09:40:31",190500
15500,-300,8300,"sd","09:40:11",181300
15500,-300,200,"sd","09:40:11",173000
15500,-300,900,"sd","09:40:11",172800
15500,-300,1000,"sd","09:40:11",171900
15500,-300,200,"sd","09:40:11",170900
15500,-300,1000,"sd","09:40:11",170700
15500,-300,1000,"sd","09:40:11",169700
15500,-300,1000,"sd","09:40:11",168700
15500,-300,800,"sd","09:40:11",167700
15500,-300,500,"sd","09:40:11",166900
15500,-300,1300,"sd","09:40:11",166400
15550,-250,200,"bu","09:40:02",165100
15500,-300,100,"sd","09:39:31",164900
15500,-300,100,"sd","09:39:23",164800
15500,-300,1100,"sd","09:38:48",164700
15550,-250,100,"bu","09:38:48",163600
15550,-250,500,"bu","09:38:47",163500
15550,-250,200,"bu","09:38:45",163000
15550,-250,100,"bu","09:38:42",162800
15550,-250,1000,"bu","09:38:42",162700
15550,-250,200,"sd","09:38:32",161700
15550,-250,800,"bu","09:38:30",161500
15550,-250,100,"sd","09:38:27",160700
15550,-250,100,"sd","09:38:27",160600
15550,-250,100,"sd","09:38:02",160500
15500,-300,3000,"sd","09:37:35",160400
15500,-300,1000,"sd","09:37:33",157400
15500,-300,300,"sd","09:37:32",156400
15500,-300,3100,"sd","09:36:57",156100
15500,-300,600,"sd","09:36:57",153000
15550,-250,500,"sd","09:36:57",152400
15550,-250,100,"sd","09:36:57",151900
15550,-250,300,"sd","09:36:57",151800
15550,-250,200,"sd","09:36:57",151500
15550,-250,200,"sd","09:36:57",151300
15600,-200,100,"bu","09:36:55",151100
15600,-200,9900,"bu","09:35:41",151000
15600,-200,100,"bu","09:35:41",141100
15550,-250,200,"sd","09:34:48",141000
15550,-250,100,"bu","09:34:45",140800
15550,-250,2100,"bu","09:34:44",140700
15550,-250,500,"bu","09:34:35",138600
15550,-250,300,"bu","09:34:28",138100
15500,-300,100,"sd","09:34:15",137800
15550,-250,1000,"bu","09:34:14",137700
15550,-250,2000,"bu","09:34:00",136700
15500,-300,100,"sd","09:33:40",134700
15550,-250,100,"bu","09:33:39",134600
15500,-300,300,"sd","09:33:18",134500
15500,-300,11400,"bu","09:33:06",134200
15500,-300,300,"bu","09:33:04",122800
15450,-350,100,"sd","09:32:28",122500
15500,-300,100,"bu","09:32:26",122400
15500,-300,100,"bu","09:32:25",122300
15500,-300,1000,"bu","09:32:19",122200
15500,-300,100,"bu","09:32:18",121200
15500,-300,200,"bu","09:32:09",121100
15500,-300,400,"bu","09:32:08",120900
15500,-300,1000,"bu","09:32:03",120500
15500,-300,500,"bu","09:32:00",119500
15500,-300,100,"bu","09:31:57",119000
15500,-300,1800,"bu","09:31:51",118900
15450,-350,400,"sd","09:31:50",117100
15500,-300,9400,"bu","09:31:39",116700
15500,-300,3600,"bu","09:31:34",107300
15500,-300,400,"bu","09:31:34",103700
15500,-300,3300,"bu","09:31:34",103300
15500,-300,2700,"bu","09:31:23",100000
15500,-300,300,"bu","09:31:23",97300
15500,-300,2000,"bu","09:31:18",97000
15500,-300,2000,"bu","09:31:11",95000
15500,-300,200,"bu","09:31:06",93000
15450,-350,800,"bu","09:30:20",92800
15450,-350,100,"bu","09:30:16",92000
15450,-350,200,"bu","09:30:15",91900
15450,-350,500,"sd","09:30:01",91700
15450,-350,100,"sd","09:30:01",91200
15450,-350,300,"sd","09:30:01",91100
15500,-300,300,"bu","09:29:54",90800
15500,-300,100,"bu","09:29:52",90500
15500,-300,1000,"bu","09:29:49",90400
15450,-350,900,"sd","09:29:48",89400
15450,-350,100,"sd","09:29:48",88500
15500,-300,100,"bu","09:29:21",88400
15500,-300,100,"unknown","09:29:01",88300
15500,-300,100,"bu","09:28:45",88200
15500,-300,200,"bu","09:28:39",88100
15500,-300,1000,"bu","09:28:36",87900
15500,-300,100,"bu","09:28:34",86900
15500,-300,100,"bu","09:28:34",86800
15500,-300,400,"bu","09:28:15",86700
15500,-300,100,"bu","09:27:59",86300
15500,-300,200,"bu","09:27:59",86200
15500,-300,300,"bu","09:27:46",86000
15500,-300,200,"bu","09:27:46",85700
15400,-400,300,"sd","09:27:35",85500
15400,-400,100,"sd","09:26:56",85200
15400,-400,100,"sd","09:26:54",85100
15400,-400,400,"bu","09:26:39",85000
15350,-450,300,"sd","09:26:36",84600
15350,-450,100,"sd","09:26:36",84300
15350,-450,200,"sd","09:26:36",84200
15400,-400,100,"bu","09:26:34",84000
15400,-400,100,"bu","09:26:32",83900
15400,-400,100,"sd","09:26:29",83800
15400,-400,500,"sd","09:26:29",83700
15400,-400,500,"sd","09:26:29",83200
15400,-400,1000,"sd","09:26:29",82700
15400,-400,1000,"sd","09:26:29",81700
15400,-400,900,"sd","09:26:29",80700
15400,-400,500,"sd","09:26:29",79800
15600,-200,100,"bu","09:26:20",79300
15600,-200,900,"bu","09:26:11",79200
15600,-200,100,"bu","09:26:11",78300
15500,-300,100,"bu","09:26:11",78200
15500,-300,1000,"bu","09:26:11",78100
15500,-300,900,"bu","09:26:11",77100
15400,-400,1900,"sd","09:26:06",76200
15400,-400,900,"sd","09:26:06",74300
15400,-400,100,"sd","09:26:00",73400
15400,-400,100,"sd","09:26:00",73300
15400,-400,500,"sd","09:25:48",73200
15400,-400,100,"bu","09:25:37",72700
15400,-400,100,"bu","09:25:37",72600
15400,-400,400,"bu","09:25:37",72500
15400,-400,300,"bu","09:25:37",72100
15400,-400,500,"bu","09:25:36",71800
15400,-400,100,"bu","09:25:35",71300
15400,-400,100,"bu","09:25:35",71200
15400,-400,900,"bu","09:25:35",71100
15350,-450,300,"sd","09:25:31",70200
15350,-450,200,"sd","09:25:31",69900
15400,-400,100,"bu","09:25:29",69700
15400,-400,1000,"bu","09:25:21",69600
15400,-400,200,"bu","09:25:01",68600
15400,-400,2000,"sd","09:24:58",68400
15400,-400,500,"sd","09:24:58",66400
15400,-400,500,"sd","09:24:58",65900
15400,-400,200,"sd","09:24:58",65400
15400,-400,200,"sd","09:24:58",65200
15400,-400,100,"sd","09:24:58",65000
15400,-400,300,"sd","09:24:58",64900
15400,-400,100,"sd","09:24:52",64600
15400,-400,100,"sd","09:24:44",64500
15400,-400,400,"sd","09:24:44",64400
15400,-400,300,"sd","09:24:34",64000
15400,-400,2000,"sd","09:24:16",63700
15400,-400,500,"sd","09:24:13",61700
15450,-350,100,"bu","09:24:05",61200
15450,-350,500,"bu","09:23:57",61100
15450,-350,500,"bu","09:23:57",60600
15400,-400,1700,"sd","09:23:51",60100
15400,-400,100,"sd","09:23:51",58400
15400,-400,100,"sd","09:23:51",58300
15400,-400,100,"sd","09:23:51",58200
15450,-350,100,"bu","09:23:49",58100
15450,-350,200,"bu","09:23:42",58000
15450,-350,100,"bu","09:23:32",57800
15450,-350,100,"sd","09:23:19",57700
15450,-350,400,"sd","09:23:06",57600
15450,-350,100,"sd","09:23:06",57200
15450,-350,500,"sd","09:23:06",57100
15500,-300,100,"sd","09:22:46",56600
15500,-300,200,"sd","09:22:44",56500
15500,-300,200,"sd","09:22:44",56300
15500,-300,100,"sd","09:22:43",56100
15500,-300,400,"sd","09:22:38",56000
15500,-300,100,"sd","09:22:18",55600
15500,-300,100,"sd","09:22:18",55500
15500,-300,800,"sd","09:22:18",55400
15500,-300,2000,"sd","09:22:07",54600
15500,-300,200,"sd","09:21:51",52600
15500,-300,300,"sd","09:21:51",52400
15500,-300,100,"sd","09:21:51",52100
15500,-300,400,"sd","09:21:48",52000
15500,-300,1000,"sd","09:21:48",51600
15500,-300,1000,"sd","09:21:48",50600
15500,-300,200,"sd","09:21:48",49600
15500,-300,200,"sd","09:21:48",49400
15500,-300,200,"sd","09:21:48",49200
15500,-300,1000,"sd","09:21:37",49000
15500,-300,1000,"sd","09:21:37",48000
15500,-300,800,"sd","09:21:37",47000
15550,-250,100,"bu","09:21:36",46200
15500,-300,1000,"sd","09:21:24",46100
15500,-300,200,"sd","09:21:24",45100
15550,-250,300,"sd","09:21:24",44900
15600,-200,400,"sd","09:21:15",44600
15600,-200,100,"sd","09:21:00",44200
15600,-200,200,"sd","09:21:00",44100
15600,-200,700,"sd","09:21:00",43900
15600,-200,100,"sd","09:20:52",43200
15600,-200,100,"sd","09:20:52",43100
15650,-150,100,"sd","09:20:46",43000
15700,-100,100,"bu","09:20:09",42900
15700,-100,200,"bu","09:19:48",42800
15700,-100,2500,"sd","09:19:43",42600
15700,-100,2000,"sd","09:19:43",40100
15700,-100,100,"sd","09:19:43",38100
15700,-100,700,"sd","09:19:43",38000
15700,-100,1000,"sd","09:19:41",37300
15750,-50,100,"bu","09:19:40",36300
15700,-100,1200,"sd","09:19:25",36200
15700,-100,100,"sd","09:18:57",35000
15600,-200,100,"sd","09:18:55",34900
15600,-200,1000,"sd","09:18:55",34800
15600,-200,100,"sd","09:18:55",33800
15600,-200,500,"sd","09:18:55",33700
15600,-200,500,"sd","09:18:55",33200
15600,-200,700,"sd","09:18:55",32700
15650,-150,500,"sd","09:18:55",32000
15650,-150,500,"bu","09:18:52",31500
15650,-150,100,"bu","09:18:52",31000
15650,-150,100,"bu","09:18:41",30900
15650,-150,100,"bu","09:18:33",30800
15650,-150,200,"bu","09:18:28",30700
15650,-150,5000,"sd","09:18:20",30500
15700,-100,1000,"sd","09:18:15",25500
15700,-100,1000,"sd","09:18:15",24500
15700,-100,100,"sd","09:18:15",23500
15700,-100,2000,"sd","09:18:15",23400
15700,-100,100,"sd","09:18:15",21400
15700,-100,100,"sd","09:18:15",21300
15700,-100,1000,"sd","09:18:15",21200
15700,-100,300,"sd","09:18:15",20200
15700,-100,500,"sd","09:17:39",19900
15750,-50,100,"bu","09:17:39",19400
15750,-50,100,"bu","09:17:33",19300
15750,-50,100,"bu","09:17:08",19200
15750,-50,2600,"bu","09:17:04",19100
15750,-50,100,"bu","09:17:04",16500
15750,-50,300,"bu","09:17:04",16400
15750,-50,100,"bu","09:16:37",16100
15600,-200,200,"sd","09:16:37",16000
15750,-50,200,"bu","09:16:03",15800
15750,-50,200,"bu","09:15:53",15600
15750,-50,15400,"bu","09:14:59",15400
