"price","change","match_qtty","side","time","total_vol"
17200,-100,8400,"sd","14:45:02",66900
17350,50,100,"bu","14:29:11",58500
17350,50,100,"bu","14:29:11",58400
17500,200,100,"bu","14:29:11",58300
17400,100,100,"bu","14:29:11",58200
17250,-50,1100,"sd","14:26:51",58100
17250,-50,100,"bu","14:26:17",57000
17250,-50,100,"bu","14:26:12",56900
17250,-50,900,"bu","14:25:31",56800
17250,-50,300,"unknown","14:24:48",55900
17250,-50,100,"sd","14:22:49",55600
17250,-50,100,"sd","14:22:49",55500
17200,-100,100,"sd","14:19:20",55400
17300,0,100,"bu","14:18:45",55300
17300,0,1200,"bu","14:18:45",55200
17300,0,100,"bu","14:18:36",54000
17300,0,700,"bu","14:17:49",53900
17300,0,300,"bu","14:17:49",53200
17300,0,200,"bu","14:09:30",52900
17300,0,2000,"bu","14:09:30",52700
17300,0,100,"bu","14:09:30",50700
17300,0,700,"bu","14:09:30",50600
17300,0,1300,"bu","14:06:50",49900
17300,0,200,"bu","14:06:50",48600
17300,0,200,"bu","14:05:06",48400
17300,0,100,"bu","13:59:59",48200
17350,50,1400,"bu","13:53:57",48100
17300,0,200,"bu","13:53:20",46700
17300,0,200,"bu","13:53:20",46500
17300,0,100,"bu","13:53:20",46300
17300,0,1900,"bu","13:53:20",46200
17250,-50,100,"bu","13:51:34",44300
17250,-50,500,"bu","13:51:34",44200
17250,-50,1600,"bu","13:51:34",43700
17250,-50,2000,"bu","13:51:34",42100
17200,-100,300,"bu","13:50:59",40100
17200,-100,1000,"bu","13:50:09",39800
17200,-100,1600,"bu","13:49:23",38800
17200,-100,800,"bu","13:48:10",37200
17200,-100,400,"bu","13:45:27",36400
17200,-100,100,"bu","13:45:27",36000
17200,-100,200,"bu","13:45:13",35900
17200,-100,1000,"bu","13:45:01",35700
17150,-150,200,"sd","13:43:00",34700
17150,-150,300,"sd","13:43:00",34500
17200,-100,100,"bu","13:41:56",34200
17150,-150,2000,"sd","13:36:40",34100
17150,-150,100,"sd","13:36:40",32100
17150,-150,100,"sd","13:35:08",32000
17200,-100,500,"bu","13:32:09",31900
17200,-100,100,"bu","13:32:09",31400
17200,-100,2000,"unknown","13:27:34",31300
17150,-150,1400,"sd","13:26:59",29300
17150,-150,100,"sd","13:26:59",27900
17150,-150,100,"sd","13:26:59",27800
17150,-150,2000,"sd","13:25:47",27700
17200,-100,1500,"sd","13:14:04",25700
17200,-100,100,"sd","13:14:04",24200
17200,-100,200,"sd","13:14:04",24100
17150,-150,900,"bu","13:09:20",23900
17150,-150,100,"bu","13:09:15",23000
17150,-150,100,"sd","13:07:08",22900
17150,-150,100,"sd","13:07:08",22800
17150,-150,1000,"sd","13:05:12",22700
17150,-150,100,"sd","13:00:22",21700
17150,-150,100,"sd","13:00:07",21600
17150,-150,1000,"sd","11:28:52",21500
17150,-150,400,"sd","11:28:52",20500
17150,-150,100,"sd","11:28:51",20100
17150,-150,500,"sd","11:28:51",20000
17150,-150,4500,"sd","11:14:29",19500
17150,-150,300,"sd","11:14:29",15000
17150,-150,2000,"sd","11:14:29",14700
17200,-100,100,"sd","11:14:29",12700
17250,-50,100,"sd","11:14:29",12600
17300,0,100,"sd","10:39:51",12500
17350,50,100,"bu","10:28:49",12400
17200,-100,100,"bu","10:28:09",12300
17200,-100,100,"sd","10:28:01",12200
17200,-100,100,"sd","10:28:01",12100
17200,-100,100,"sd","10:28:01",12000
17200,-100,1000,"sd","10:28:01",11900
17300,0,100,"sd","10:28:01",10900
17300,0,200,"sd","10:09:03",10800
17300,0,200,"sd","10:03:08",10600
17300,0,3200,"sd","10:03:08",10400
17300,0,1800,"sd","10:00:49",7200
17300,0,100,"sd","10:00:49",5400
17300,0,2000,"sd","09:48:17",5300
17300,0,2900,"sd","09:44:31",3300
17300,0,100,"sd","09:44:31",400
17300,0,100,"sd","09:43:02",300
17600,300,100,"bu","09:16:57",200
17150,-150,100,"sd","09:16:51",100
