"price","change","match_qtty","side","time","total_vol"
800,-100,6000,"sd","14:51:59",313300
800,-100,10000,"sd","14:51:14",307300
800,-100,4900,"sd","14:47:10",297300
900,0,100,"bu","14:44:16",292400
900,0,200,"bu","14:31:15",292300
900,0,500,"bu","14:18:22",292100
900,0,100,"bu","14:17:49",291600
900,0,100,"bu","14:17:07",291500
800,-100,8000,"sd","14:15:20",291400
800,-100,500,"sd","14:14:41",283400
800,-100,400,"sd","14:14:19",282900
800,-100,2000,"sd","14:13:28",282500
800,-100,45000,"sd","14:12:36",280500
900,0,100,"bu","14:11:50",235500
800,-100,1000,"sd","14:05:11",235400
900,0,100,"bu","13:54:00",234400
800,-100,500,"sd","13:48:26",234300
900,0,100,"bu","13:37:09",233800
800,-100,2500,"sd","13:34:39",233700
800,-100,2500,"sd","13:33:48",231200
800,-100,200,"sd","13:32:06",228700
800,-100,3700,"sd","13:31:34",228500
800,-100,2000,"sd","13:23:13",224800
800,-100,1000,"sd","13:19:49",222800
800,-100,2600,"sd","13:16:58",221800
800,-100,900,"sd","13:16:36",219200
800,-100,1000,"sd","13:15:35",218300
800,-100,1000,"sd","13:14:56",217300
800,-100,1000,"sd","13:14:27",216300
800,-100,5000,"sd","13:13:26",215300
800,-100,4200,"sd","13:02:55",210300
800,-100,7500,"sd","13:00:04",206100
800,-100,1500,"sd","13:00:03",198600
800,-100,1000,"sd","13:00:01",197100
800,-100,200,"sd","11:12:32",196100
800,-100,1000,"sd","10:59:18",195900
800,-100,3300,"sd","10:54:26",194900
800,-100,5000,"sd","10:47:19",191600
800,-100,2800,"sd","10:43:46",186600
800,-100,10200,"sd","10:42:51",183800
800,-100,1500,"sd","10:41:23",173600
800,-100,12000,"sd","10:38:02",172100
800,-100,3000,"sd","10:37:39",160100
800,-100,15000,"sd","10:36:32",157100
800,-100,15000,"sd","10:35:36",142100
800,-100,30000,"sd","10:34:36",127100
800,-100,100,"sd","10:34:22",97100
800,-100,600,"sd","10:24:43",97000
900,0,500,"bu","10:23:38",96400
800,-100,1700,"sd","10:22:32",95900
800,-100,12000,"sd","10:22:16",94200
800,-100,2700,"sd","10:20:30",82200
900,0,100,"bu","10:17:16",79500
800,-100,300,"sd","10:13:01",79400
800,-100,500,"sd","10:12:29",79100
800,-100,4400,"sd","10:09:07",78600
800,-100,9100,"sd","10:01:31",74200
800,-100,100,"sd","09:57:05",65100
800,-100,500,"sd","09:55:12",65000
800,-100,10000,"sd","09:53:21",64500
800,-100,25000,"sd","09:52:21",54500
800,-100,8000,"sd","09:51:27",29500
800,-100,300,"sd","09:51:01",21500
800,-100,1200,"sd","09:50:20",21200
900,0,1100,"bu","09:39:41",20000
800,-100,300,"sd","09:38:53",18900
900,0,100,"bu","09:36:55",18600
800,-100,400,"sd","09:35:34",18500
800,-100,1000,"sd","09:35:16",18100
800,-100,1200,"sd","09:35:10",17100
800,-100,1700,"sd","09:34:04",15900
800,-100,10000,"sd","09:34:03",14200
800,-100,1200,"sd","09:32:00",4200
900,0,2000,"bu","09:25:37",3000
900,0,100,"bu","09:20:38",1000
900,0,900,"bu","09:14:50",900
