"price","change","match_qtty","side","time","total_vol"
18600,300,10000,"bu","14:59:52",6782700
18600,300,30000,"bu","14:59:43",6772700
18500,200,49900,"bu","14:59:42",6742700
18500,200,200,"sd","14:59:41",6692800
18500,200,1000,"sd","14:59:38",6692600
18500,200,5000,"sd","14:59:36",6691600
18600,300,2000,"bu","14:59:33",6686600
18500,200,100,"sd","14:59:31",6684600
18500,200,5000,"sd","14:59:26",6684500
18500,200,5000,"sd","14:59:23",6679500
18500,200,12000,"sd","14:59:21",6674500
18500,200,500,"sd","14:59:19",6662500
18500,200,1000,"sd","14:59:16",6662000
18600,300,6000,"bu","14:59:15",6661000
18500,200,100,"sd","14:59:09",6655000
18500,200,2000,"sd","14:59:07",6654900
18500,200,10000,"sd","14:59:05",6652900
18500,200,1000,"sd","14:58:58",6642900
18500,200,1000,"sd","14:58:56",6641900
18600,300,500,"bu","14:58:50",6640900
18500,200,100,"sd","14:58:47",6640400
18500,200,100,"sd","14:58:45",6640300
18500,200,100,"sd","14:58:36",6640200
18500,200,50000,"sd","14:58:34",6640100
18500,200,3000,"sd","14:58:30",6590100
18500,200,600,"sd","14:58:28",6587100
18500,200,500,"sd","14:58:11",6586500
18500,200,1000,"sd","14:58:10",6586000
18500,200,1000,"sd","14:58:04",6585000
18500,200,3000,"sd","14:58:00",6584000
18600,300,500,"bu","14:57:56",6581000
18600,300,100,"bu","14:57:52",6580500
18500,200,2000,"sd","14:57:46",6580400
18500,200,3500,"sd","14:57:24",6578400
18500,200,400,"sd","14:57:12",6574900
18500,200,500,"sd","14:56:37",6574500
18600,300,500,"bu","14:56:34",6574000
18500,200,200,"sd","14:56:24",6573500
18500,200,500,"sd","14:56:13",6573300
18500,200,1000,"sd","14:56:08",6572800
18600,300,2400,"bu","14:56:05",6571800
18500,200,2000,"sd","14:56:03",6569400
18500,200,200,"sd","14:55:32",6567400
18600,300,1200,"bu","14:54:18",6567200
18600,300,2400,"bu","14:53:55",6566000
18600,300,15000,"bu","14:53:54",6563600
18600,300,3000,"bu","14:53:41",6548600
18500,200,200,"sd","14:53:33",6545600
18500,200,600,"sd","14:53:22",6545400
18600,300,2500,"bu","14:53:15",6544800
18500,200,20000,"sd","14:53:06",6542300
18500,200,3000,"sd","14:52:53",6522300
18500,200,136700,"sd","14:52:52",6519300
18500,200,5000,"bu","14:52:46",6382600
18500,200,40000,"bu","14:52:41",6377600
18500,200,500,"bu","14:52:29",6337600
18500,200,100,"bu","14:52:05",6337100
18500,200,100,"bu","14:51:55",6337000
18500,200,1000,"bu","14:51:53",6336900
18500,200,1000,"bu","14:51:50",6335900
18500,200,100,"bu","14:51:35",6334900
18500,200,1500,"bu","14:51:27",6334800
18500,200,3500,"bu","14:51:22",6333300
18500,200,200,"bu","14:51:12",6329800
18400,100,500,"sd","14:51:11",6329600
18500,200,1500,"bu","14:51:07",6329100
18500,200,2000,"bu","14:50:33",6327600
18500,200,700,"bu","14:50:12",6325600
18500,200,1000,"bu","14:50:01",6324900
18500,200,3100,"bu","14:49:59",6323900
18500,200,200,"bu","14:49:52",6320800
18500,200,5000,"bu","14:49:32",6320600
18500,200,3000,"bu","14:49:30",6315600
18500,200,2500,"bu","14:49:29",6312600
18500,200,4400,"bu","14:49:25",6310100
18500,200,5000,"bu","14:49:20",6305700
18500,200,600,"bu","14:49:14",6300700
18500,200,1000,"bu","14:49:09",6300100
18500,200,1000,"bu","14:48:45",6299100
18500,200,600,"bu","14:48:41",6298100
18500,200,1000,"bu","14:48:35",6297500
18500,200,500,"bu","14:48:33",6296500
18500,200,200,"bu","14:48:27",6296000
18500,200,5000,"bu","14:48:23",6295800
18500,200,10200,"bu","14:47:48",6290800
18500,200,1500,"bu","14:47:34",6280600
18400,100,300,"sd","14:47:32",6279100
18500,200,100000,"bu","14:47:30",6278800
18500,200,100,"bu","14:47:05",6178800
18500,200,400,"bu","14:46:42",6178700
18500,200,600,"bu","14:46:30",6178300
18400,100,3000,"sd","14:46:17",6177700
18500,200,3000,"bu","14:46:13",6174700
18500,200,3000,"bu","14:45:40",6171700
18500,200,1500,"bu","14:45:18",6168700
18400,100,10000,"sd","14:45:06",6167200
18400,100,500,"sd","14:45:02",6157200
18400,100,600,"sd","14:44:19",6156700
18400,100,500,"sd","14:44:18",6156100
18400,100,100,"sd","14:44:11",6155600
18400,100,2000,"sd","14:44:02",6155500
18500,200,500,"bu","14:43:50",6153500
18400,100,1000,"sd","14:43:49",6153000
18400,100,200,"sd","14:43:38",6152000
18400,100,5000,"sd","14:43:30",6151800
18400,100,100,"sd","14:42:53",6146800
18400,100,200,"sd","14:42:46",6146700
18500,200,1000,"bu","14:42:44",6146500
18400,100,200,"sd","14:42:25",6145500
18400,100,1000,"sd","14:41:11",6145300
18400,100,500,"sd","14:41:10",6144300
18400,100,2000,"sd","14:41:05",6143800
18400,100,1800,"sd","14:40:43",6141800
18400,100,200,"sd","14:40:33",6140000
18400,100,2000,"sd","14:40:17",6139800
18400,100,2000,"sd","14:40:06",6137800
18400,100,12000,"sd","14:39:57",6135800
18400,100,3900,"sd","14:39:51",6123800
18400,100,6000,"sd","14:39:44",6119900
18400,100,20000,"sd","14:39:33",6113900
18400,100,100,"sd","14:39:27",6093900
18400,100,1700,"sd","14:39:11",6093800
18400,100,500,"sd","14:38:00",6092100
18400,100,100,"sd","14:37:47",6091600
18400,100,14000,"sd","14:37:27",6091500
18400,100,5000,"sd","14:37:11",6077500
18400,100,2000,"sd","14:36:51",6072500
18400,100,27600,"bu","14:36:39",6070500
18400,100,1000,"bu","14:36:36",6042900
18400,100,1000,"bu","14:36:23",6041900
18400,100,2000,"bu","14:36:17",6040900
18400,100,600,"bu","14:36:12",6038900
18400,100,3000,"bu","14:36:08",6038300
18400,100,10000,"bu","14:36:05",6035300
18400,100,5000,"bu","14:36:03",6025300
18400,100,5100,"bu","14:35:55",6020300
18400,100,2000,"bu","14:35:52",6015200
18400,100,11500,"bu","14:35:44",6013200
18400,100,300,"bu","14:35:43",6001700
18400,100,2100,"bu","14:35:40",6001400
18400,100,1000,"bu","14:35:35",5999300
18400,100,1000,"bu","14:35:32",5998300
18400,100,500,"bu","14:35:29",5997300
18400,100,10000,"bu","14:35:27",5996800
18400,100,2000,"bu","14:35:01",5986800
18400,100,1000,"bu","14:34:53",5984800
18400,100,2000,"bu","14:34:22",5983800
18400,100,1000,"bu","14:34:15",5981800
18300,0,300,"sd","14:34:13",5980800
18400,100,100,"bu","14:34:09",5980500
18300,0,2500,"sd","14:33:39",5980400
18400,100,10000,"bu","14:33:14",5977900
18300,0,1000,"sd","14:33:13",5967900
18400,100,500,"bu","14:33:03",5966900
18400,100,1000,"bu","14:32:59",5966400
18400,100,7000,"bu","14:32:31",5965400
18400,100,100,"bu","14:31:18",5958400
18300,0,15900,"sd","14:31:13",5958300
18400,100,1000,"bu","14:31:01",5942400
18400,100,100,"bu","14:30:50",5941400
18400,100,100,"bu","14:30:33",5941300
18400,100,100,"bu","14:30:05",5941200
18400,100,1000,"bu","14:29:58",5941100
18300,0,200,"sd","14:29:54",5940100
18400,100,200,"bu","14:29:53",5939900
18400,100,1100,"bu","14:29:37",5939700
18300,0,2000,"sd","14:29:14",5938600
18400,100,600,"bu","14:29:05",5936600
18400,100,10000,"bu","14:28:42",5936000
18400,100,100,"bu","14:28:31",5926000
18300,0,200,"sd","14:28:29",5925900
18300,0,200,"sd","14:28:00",5925700
18300,0,2500,"sd","14:27:29",5925500
18400,100,2000,"bu","14:27:16",5923000
18400,100,1800,"bu","14:26:32",5921000
18400,100,300,"bu","14:25:45",5919200
18400,100,200,"bu","14:25:29",5918900
18400,100,200,"bu","14:25:21",5918700
18400,100,1700,"bu","14:25:17",5918500
18400,100,500,"bu","14:25:10",5916800
18300,0,200,"sd","14:24:55",5916300
18400,100,10000,"bu","14:24:54",5916100
18400,100,1000,"bu","14:24:23",5906100
18400,100,300,"bu","14:24:15",5905100
18400,100,10000,"bu","14:24:04",5904800
18400,100,500,"bu","14:23:39",5894800
18400,100,400,"sd","14:23:38",5894300
18400,100,3600,"sd","14:23:36",5893900
18400,100,10000,"sd","14:23:31",5890300
18400,100,3000,"sd","14:23:27",5880300
18400,100,6500,"sd","14:23:26",5877300
18400,100,100,"sd","14:23:23",5870800
18400,100,2300,"sd","14:23:21",5870700
18400,100,200,"sd","14:23:18",5868400
18400,100,2000,"sd","14:23:14",5868200
18400,100,1200,"sd","14:23:10",5866200
18400,100,100,"sd","14:23:05",5865000
18400,100,1700,"sd","14:22:58",5864900
18400,100,1500,"sd","14:22:30",5863200
18400,100,500,"sd","14:22:27",5861700
18400,100,3900,"sd","14:22:12",5861200
18400,100,200,"sd","14:22:01",5857300
18400,100,300,"sd","14:21:51",5857100
18400,100,300,"sd","14:21:49",5856800
18400,100,500,"sd","14:21:39",5856500
18400,100,2000,"sd","14:21:18",5856000
18400,100,100,"sd","14:21:09",5854000
18400,100,1000,"sd","14:20:49",5853900
18400,100,100,"sd","14:20:42",5852900
18400,100,14800,"sd","14:20:37",5852800
18400,100,20000,"bu","14:20:35",5838000
18400,100,25000,"bu","14:20:33",5818000
18400,100,500,"bu","14:20:30",5793000
18400,100,30000,"bu","14:20:25",5792500
18400,100,200,"bu","14:20:19",5762500
18300,0,100,"sd","14:20:12",5762300
18300,0,100,"sd","14:20:08",5762200
18400,100,1000,"bu","14:19:59",5762100
18400,100,700,"bu","14:19:58",5761100
18300,0,200,"sd","14:19:28",5760400
18300,0,1000,"sd","14:19:17",5760200
18300,0,1000,"sd","14:18:58",5759200
18300,0,1000,"sd","14:18:31",5758200
18300,0,10000,"sd","14:18:13",5757200
18300,0,100,"sd","14:18:03",5747200
18300,0,200,"sd","14:17:28",5747100
18300,0,200,"sd","14:17:15",5746900
18300,0,8700,"sd","14:17:14",5746700
18300,0,200,"bu","14:17:07",5738000
18300,0,50000,"bu","14:17:03",5737800
18200,-100,100,"sd","14:16:48",5687800
18300,0,200,"bu","14:16:38",5687700
18300,0,300,"bu","14:16:11",5687500
18300,0,1500,"bu","14:15:59",5687200
18300,0,300,"bu","14:15:54",5685700
18200,-100,6000,"sd","14:15:50",5685400
18300,0,5000,"bu","14:15:32",5679400
18200,-100,400,"sd","14:15:18",5674400
18300,0,7000,"bu","14:14:59",5674000
18300,0,1000,"bu","14:14:52",5667000
18300,0,100,"bu","14:14:51",5666000
18300,0,35000,"bu","14:14:44",5665900
18300,0,2000,"sd","14:14:42",5630900
18300,0,1200,"sd","14:14:40",5628900
18300,0,5000,"sd","14:14:35",5627700
18300,0,600,"sd","14:14:34",5622700
18300,0,7000,"sd","14:14:31",5622100
18300,0,100,"sd","14:14:29",5615100
18300,0,1000,"sd","14:14:28",5615000
18300,0,5000,"sd","14:14:23",5614000
18400,100,1600,"bu","14:14:14",5609000
18400,100,500,"bu","14:13:56",5607400
18400,100,300,"bu","14:13:45",5606900
18400,100,500,"bu","14:13:33",5606600
18400,100,500,"bu","14:13:29",5606100
18400,100,100,"bu","14:13:21",5605600
18400,100,2000,"bu","14:13:16",5605500
18400,100,2500,"bu","14:13:13",5603500
18400,100,100,"bu","14:13:10",5601000
18400,100,300,"bu","14:13:05",5600900
18400,100,1700,"bu","14:13:03",5600600
18400,100,100,"sd","14:13:02",5598900
18400,100,300,"sd","14:13:01",5598800
18400,100,50500,"sd","14:12:59",5598500
18400,100,5000,"sd","14:12:56",5548000
18400,100,11900,"sd","14:12:52",5543000
18400,100,1000,"sd","14:12:51",5531100
18400,100,5900,"sd","14:12:50",5530100
18400,100,500,"sd","14:12:46",5524200
18400,100,500,"sd","14:12:41",5523700
18400,100,2000,"sd","14:12:36",5523200
18500,200,1000,"bu","14:12:34",5521200
18400,100,1000,"sd","14:12:33",5520200
18500,200,2000,"bu","14:12:30",5519200
18500,200,1000,"bu","14:12:17",5517200
18400,100,100,"sd","14:12:16",5516200
18400,100,1000,"sd","14:12:10",5516100
18400,100,1500,"sd","14:12:02",5515100
18400,100,500,"sd","14:12:00",5513600
18400,100,200,"sd","14:11:59",5513100
18400,100,100,"sd","14:11:48",5512900
18500,200,1000,"bu","14:11:43",5512800
18400,100,300,"sd","14:11:36",5511800
18500,200,2000,"bu","14:11:35",5511500
18500,200,20000,"bu","14:11:32",5509500
18500,200,500,"bu","14:11:30",5489500
18500,200,1000,"bu","14:11:22",5489000
18500,200,200,"bu","14:11:16",5488000
18400,100,400,"sd","14:11:15",5487800
18500,200,100,"bu","14:11:03",5487400
18500,200,1000,"bu","14:10:58",5487300
18400,100,2000,"sd","14:10:57",5486300
18500,200,1000,"bu","14:10:50",5484300
18500,200,5000,"bu","14:10:49",5483300
18500,200,500,"bu","14:10:48",5478300
18500,200,200,"bu","14:10:45",5477800
18500,200,5000,"bu","14:10:42",5477600
18500,200,6000,"bu","14:10:37",5472600
18500,200,400,"bu","14:10:35",5466600
18500,200,1000,"bu","14:10:32",5466200
18500,200,3000,"bu","14:10:26",5465200
18500,200,100,"bu","14:10:23",5462200
18500,200,100,"bu","14:10:21",5462100
18500,200,83700,"bu","14:10:20",5462000
18500,200,500,"sd","14:10:19",5378300
18600,300,100,"bu","14:10:18",5377800
18500,200,200,"sd","14:10:07",5377700
18600,300,11000,"bu","14:10:05",5377500
18500,200,1000,"sd","14:09:58",5366500
18500,200,50000,"sd","14:09:50",5365500
18600,300,100,"bu","14:09:49",5315500
18600,300,600,"bu","14:09:47",5315400
18600,300,300,"bu","14:09:46",5314800
18600,300,1000,"bu","14:09:44",5314500
18600,300,200,"bu","14:09:43",5313500
18600,300,2000,"bu","14:09:40",5313300
18600,300,1000,"bu","14:09:38",5311300
18600,300,300,"bu","14:09:29",5310300
18600,300,100,"bu","14:09:22",5310000
18500,200,1000,"sd","14:09:20",5309900
18500,200,500,"sd","14:09:17",5308900
18600,300,1500,"bu","14:09:13",5308400
18500,200,100,"sd","14:09:07",5306900
18500,200,300,"sd","14:09:05",5306800
18500,200,47500,"bu","14:08:51",5306500
18500,200,5000,"bu","14:08:50",5259000
18500,200,20000,"bu","14:08:49",5254000
18500,200,35000,"bu","14:08:47",5234000
18500,200,1000,"bu","14:08:45",5199000
18500,200,4100,"bu","14:08:44",5198000
18500,200,15000,"bu","14:08:43",5193900
18500,200,10000,"bu","14:08:40",5178900
18500,200,5000,"bu","14:08:39",5168900
18500,200,500,"bu","14:08:38",5163900
18500,200,500,"bu","14:08:34",5163400
18500,200,20000,"bu","14:08:27",5162900
18400,100,100,"sd","14:08:23",5142900
18500,200,500,"bu","14:08:19",5142800
18500,200,500,"bu","14:08:15",5142300
18500,200,1000,"bu","14:08:12",5141800
18500,200,18000,"bu","14:08:10",5140800
18500,200,40000,"bu","14:08:09",5122800
18400,100,100,"sd","14:08:03",5082800
18500,200,5000,"bu","14:08:02",5082700
18500,200,500,"bu","14:08:01",5077700
18500,200,1000,"bu","14:07:59",5077200
18500,200,18500,"bu","14:07:49",5076200
18400,100,164200,"bu","14:07:33",5057700
18400,100,1000,"bu","14:07:29",4893500
18400,100,700,"bu","14:07:19",4892500
18400,100,500,"bu","14:07:14",4891800
18400,100,500,"bu","14:07:13",4891300
18400,100,500,"bu","14:07:08",4890800
18400,100,100,"bu","14:06:56",4890300
18400,100,2000,"bu","14:06:53",4890200
18400,100,1000,"bu","14:06:45",4888200
18400,100,10000,"bu","14:06:44",4887200
18400,100,100,"bu","14:06:42",4877200
18400,100,1200,"bu","14:06:40",4877100
18400,100,15000,"bu","14:06:27",4875900
18400,100,5000,"bu","14:06:13",4860900
18400,100,300,"bu","14:06:12",4855900
18400,100,2000,"bu","14:06:06",4855600
18400,100,5000,"bu","14:06:05",4853600
18400,100,1100,"bu","14:05:59",4848600
18400,100,100,"bu","14:05:58",4847500
18400,100,300,"bu","14:05:55",4847400
18400,100,11200,"bu","14:05:54",4847100
18400,100,100,"bu","14:05:52",4835900
18400,100,10000,"bu","14:05:51",4835800
18400,100,200,"bu","14:05:42",4825800
18300,0,1000,"sd","14:05:37",4825600
18400,100,5900,"bu","14:05:36",4824600
18400,100,300,"bu","14:05:35",4818700
18400,100,200,"bu","14:05:34",4818400
18400,100,400,"bu","14:05:33",4818200
18400,100,10000,"bu","14:05:32",4817800
18400,100,300,"bu","14:05:25",4807800
18400,100,1000,"bu","14:05:23",4807500
18400,100,1000,"bu","14:05:14",4806500
18300,0,200,"sd","14:04:50",4805500
18300,0,37800,"sd","14:04:42",4805300
18400,100,100,"bu","14:04:41",4767500
18300,0,14500,"sd","14:04:35",4767400
18300,0,50100,"bu","14:04:34",4752900
18300,0,1500,"bu","14:04:33",4702800
18300,0,23900,"bu","14:04:32",4701300
18300,0,10000,"bu","14:04:31",4677400
18300,0,1000,"bu","14:04:30",4667400
18300,0,20000,"bu","14:04:28",4666400
18300,0,300,"bu","14:04:26",4646400
18300,0,14700,"bu","14:04:25",4646100
18300,0,7000,"bu","14:04:24",4631400
18300,0,100,"bu","14:04:22",4624400
18300,0,2000,"bu","14:04:21",4624300
18300,0,100,"bu","14:04:11",4622300
18300,0,500,"bu","14:04:09",4622200
18300,0,5000,"bu","14:04:08",4621700
18300,0,100,"bu","14:04:03",4616700
18300,0,200,"bu","14:03:49",4616600
18300,0,500,"bu","14:03:37",4616400
18300,0,200,"bu","14:03:36",4615900
18300,0,2000,"bu","14:03:32",4615700
18300,0,2000,"bu","14:03:20",4613700
18300,0,600,"bu","14:03:16",4611700
18300,0,100,"bu","14:03:15",4611100
18300,0,1200,"bu","14:03:06",4611000
18300,0,100,"bu","14:03:05",4609800
18300,0,1000,"bu","14:03:01",4609700
18300,0,19400,"bu","14:02:57",4608700
18300,0,100,"bu","14:02:53",4589300
18300,0,500,"bu","14:02:49",4589200
18300,0,10000,"bu","14:02:44",4588700
18300,0,12200,"bu","14:02:37",4578700
18300,0,2000,"bu","14:02:33",4566500
18300,0,100,"bu","14:02:32",4564500
18300,0,10000,"bu","14:02:07",4564400
18200,-100,600,"sd","14:01:50",4554400
18200,-100,4100,"bu","14:01:48",4553800
18200,-100,500,"bu","14:01:43",4549700
18200,-100,500,"bu","14:01:40",4549200
18200,-100,1000,"bu","14:01:38",4548700
18200,-100,4000,"bu","14:01:37",4547700
18200,-100,12000,"bu","14:01:33",4543700
18200,-100,1100,"bu","14:01:29",4531700
18200,-100,1100,"bu","14:01:28",4530600
18200,-100,5000,"bu","14:01:24",4529500
18200,-100,800,"bu","14:01:18",4524500
18200,-100,8900,"bu","14:01:12",4523700
18200,-100,100,"bu","14:01:04",4514800
18200,-100,1000,"bu","14:00:49",4514700
18200,-100,500,"bu","14:00:37",4513700
18200,-100,500,"bu","14:00:03",4513200
18200,-100,500,"bu","13:59:42",4512700
18200,-100,100,"bu","13:59:03",4512200
18200,-100,200,"bu","13:58:50",4512100
18200,-100,500,"bu","13:58:36",4511900
18200,-100,100,"bu","13:58:18",4511400
18200,-100,10000,"bu","13:58:17",4511300
18200,-100,6800,"bu","13:58:06",4501300
18200,-100,100,"sd","13:58:05",4494500
18200,-100,3100,"sd","13:58:01",4494400
18200,-100,20000,"sd","13:57:58",4491300
18200,-100,1000,"sd","13:57:31",4471300
18200,-100,500,"sd","13:57:30",4470300
18200,-100,2000,"sd","13:57:26",4469800
18200,-100,300,"sd","13:57:22",4467800
18200,-100,100,"sd","13:57:20",4467500
18200,-100,1000,"sd","13:57:07",4467400
18200,-100,500,"sd","13:56:52",4466400
18200,-100,600,"sd","13:56:19",4465900
18200,-100,100,"sd","13:56:13",4465300
18200,-100,500,"sd","13:56:12",4465200
18200,-100,500,"sd","13:56:09",4464700
18200,-100,200,"sd","13:56:06",4464200
18200,-100,23400,"sd","13:56:02",4464000
18200,-100,500,"sd","13:55:37",4440600
18200,-100,100,"sd","13:55:33",4440100
18200,-100,13000,"bu","13:55:20",4440000
18200,-100,10000,"bu","13:55:18",4427000
18200,-100,20000,"bu","13:55:11",4417000
18200,-100,100,"bu","13:54:32",4397000
18200,-100,2000,"bu","13:54:18",4396900
18200,-100,9000,"bu","13:53:34",4394900
18200,-100,5000,"bu","13:53:27",4385900
18200,-100,200,"bu","13:53:18",4380900
18200,-100,500,"bu","13:53:12",4380700
18200,-100,22700,"sd","13:53:00",4380200
18200,-100,5900,"sd","13:52:58",4357500
18200,-100,38000,"sd","13:52:56",4351600
18200,-100,500,"sd","13:52:52",4313600
18200,-100,1000,"sd","13:52:41",4313100
18200,-100,500,"sd","13:52:32",4312100
18200,-100,1000,"sd","13:52:31",4311600
18200,-100,400,"sd","13:52:27",4310600
18200,-100,2000,"sd","13:52:23",4310200
18200,-100,600,"sd","13:52:16",4308200
18200,-100,100,"sd","13:52:07",4307600
18300,0,20000,"bu","13:52:01",4307500
18200,-100,35500,"sd","13:51:52",4287500
18200,-100,5000,"sd","13:51:46",4252000
18200,-100,3000,"sd","13:51:25",4247000
18300,0,6500,"bu","13:51:22",4244000
18200,-100,1100,"sd","13:51:07",4237500
18200,-100,1000,"sd","13:51:01",4236400
18200,-100,100,"sd","13:50:59",4235400
18200,-100,1200,"sd","13:50:53",4235300
18200,-100,200,"sd","13:50:29",4234100
18200,-100,500,"sd","13:50:15",4233900
18200,-100,400,"sd","13:50:14",4233400
18200,-100,10100,"sd","13:50:08",4233000
18200,-100,500,"sd","13:50:05",4222900
18200,-100,15300,"sd","13:49:51",4222400
18200,-100,53600,"bu","13:49:50",4207100
18100,-200,23600,"bu","13:49:21",4153500
18100,-200,1100,"bu","13:49:20",4129900
18100,-200,400,"bu","13:49:19",4128800
18100,-200,1200,"bu","13:49:17",4128400
18000,-300,7800,"sd","13:49:12",4127200
18100,-200,2400,"bu","13:49:04",4119400
18000,-300,6000,"sd","13:48:44",4117000
18100,-200,1100,"bu","13:48:43",4111000
18000,-300,50000,"sd","13:48:29",4109900
18000,-300,5000,"sd","13:48:27",4059900
18000,-300,9700,"sd","13:48:08",4054900
18000,-300,3000,"sd","13:48:06",4045200
18000,-300,10100,"sd","13:48:04",4042200
18000,-300,1000,"sd","13:47:57",4032100
18000,-300,5000,"sd","13:47:44",4031100
18000,-300,7800,"sd","13:47:35",4026100
18000,-300,100,"sd","13:47:30",4018300
18000,-300,5000,"sd","13:47:24",4018200
18100,-200,10000,"bu","13:47:22",4013200
18000,-300,100,"sd","13:47:17",4003200
18000,-300,400,"sd","13:47:00",4003100
18000,-300,1000,"sd","13:46:58",4002700
18000,-300,2500,"sd","13:46:51",4001700
18100,-200,1900,"bu","13:46:45",3999200
18000,-300,1000,"sd","13:46:42",3997300
18000,-300,5000,"sd","13:46:36",3996300
18000,-300,700,"sd","13:46:35",3991300
18000,-300,200,"sd","13:46:29",3990600
18000,-300,500,"sd","13:46:26",3990400
18000,-300,700,"sd","13:46:20",3989900
18000,-300,1000,"sd","13:46:17",3989200
18000,-300,1100,"sd","13:46:12",3988200
18000,-300,7400,"sd","13:46:10",3987100
18000,-300,100,"sd","13:46:05",3979700
18000,-300,800,"sd","13:46:03",3979600
18000,-300,500,"sd","13:46:02",3978800
18000,-300,1000,"sd","13:45:55",3978300
18000,-300,12000,"sd","13:45:52",3977300
18000,-300,500,"sd","13:45:44",3965300
18000,-300,40300,"sd","13:45:43",3964800
17900,-400,500,"sd","13:45:38",3924500
17900,-400,12000,"sd","13:45:27",3924000
17900,-400,2000,"sd","13:45:17",3912000
17900,-400,3000,"sd","13:45:01",3910000
17900,-400,300,"sd","13:44:48",3907000
18000,-300,6800,"sd","13:44:46",3906700
18000,-300,200,"sd","13:44:41",3899900
18000,-300,12000,"sd","13:44:40",3899700
18000,-300,100,"sd","13:44:39",3887700
18000,-300,2500,"sd","13:44:37",3887600
18000,-300,20000,"sd","13:44:31",3885100
18000,-300,10000,"sd","13:44:28",3865100
18000,-300,3000,"sd","13:44:27",3855100
18000,-300,900,"sd","13:44:26",3852100
18000,-300,1000,"sd","13:44:25",3851200
18000,-300,3200,"sd","13:44:24",3850200
18000,-300,500,"sd","13:44:23",3847000
18000,-300,1000,"sd","13:44:21",3846500
18000,-300,5000,"sd","13:44:18",3845500
18000,-300,4200,"sd","13:44:16",3840500
18000,-300,200,"sd","13:44:13",3836300
18000,-300,100,"sd","13:44:12",3836100
18000,-300,2500,"sd","13:44:09",3836000
18000,-300,1200,"sd","13:44:08",3833500
18000,-300,200,"sd","13:44:07",3832300
18000,-300,200,"sd","13:43:59",3832100
18000,-300,2000,"sd","13:43:58",3831900
18000,-300,1000,"sd","13:43:53",3829900
18000,-300,100,"sd","13:43:46",3828900
18000,-300,200,"sd","13:43:44",3828800
18000,-300,5000,"sd","13:43:42",3828600
18000,-300,5000,"sd","13:43:37",3823600
18000,-300,3000,"sd","13:43:35",3818600
18000,-300,200,"sd","13:43:27",3815600
18000,-300,100,"sd","13:43:26",3815400
18000,-300,2000,"sd","13:43:18",3815300
18000,-300,200,"sd","13:43:14",3813300
18000,-300,1000,"sd","13:43:04",3813100
18000,-300,1000,"sd","13:42:53",3812100
18000,-300,1600,"sd","13:42:50",3811100
18000,-300,2000,"sd","13:42:42",3809500
18000,-300,500,"sd","13:42:24",3807500
18100,-200,100,"bu","13:42:18",3807000
18100,-200,2300,"sd","13:41:38",3806900
18100,-200,3000,"sd","13:41:35",3804600
18100,-200,2000,"sd","13:41:33",3801600
18100,-200,2000,"sd","13:41:30",3799600
18100,-200,12000,"sd","13:41:28",3797600
18100,-200,3000,"sd","13:41:27",3785600
18100,-200,1000,"sd","13:41:25",3782600
18100,-200,3000,"sd","13:41:20",3781600
18100,-200,100,"sd","13:41:13",3778600
18100,-200,3600,"sd","13:41:06",3778500
18100,-200,3000,"sd","13:41:04",3774900
18100,-200,700,"sd","13:41:00",3771900
18100,-200,1500,"sd","13:40:40",3771200
18100,-200,200,"sd","13:40:37",3769700
18200,-100,200,"bu","13:40:24",3769500
18100,-200,600,"sd","13:40:15",3769300
18100,-200,800,"sd","13:40:07",3768700
18100,-200,3400,"sd","13:40:05",3767900
18100,-200,5000,"sd","13:39:56",3764500
18100,-200,10000,"sd","13:39:52",3759500
18100,-200,1000,"sd","13:39:47",3749500
18100,-200,400,"sd","13:39:43",3748500
18200,-100,15000,"bu","13:39:42",3748100
18200,-100,20200,"sd","13:39:09",3733100
18200,-100,7500,"sd","13:39:07",3712900
18200,-100,89800,"sd","13:39:06",3705400
18200,-100,200,"sd","13:39:03",3615600
18200,-100,13500,"sd","13:39:00",3615400
18200,-100,5000,"sd","13:38:54",3601900
18200,-100,500,"sd","13:38:47",3596900
18200,-100,1500,"sd","13:38:44",3596400
18200,-100,600,"sd","13:38:31",3594900
18200,-100,5300,"sd","13:38:28",3594300
18200,-100,200,"sd","13:38:20",3589000
18200,-100,100,"sd","13:38:19",3588800
18200,-100,2000,"sd","13:38:08",3588700
18300,0,1000,"bu","13:37:40",3586700
18300,0,1000,"bu","13:37:34",3585700
18300,0,300,"bu","13:37:22",3584700
18300,0,1000,"bu","13:37:02",3584400
18300,0,100,"bu","13:36:46",3583400
18300,0,100,"bu","13:36:44",3583300
18300,0,100,"bu","13:36:15",3583200
18200,-100,1000,"sd","13:36:09",3583100
18300,0,2000,"bu","13:36:07",3582100
18200,-100,100,"sd","13:36:01",3580100
18200,-100,5000,"sd","13:35:19",3580000
18200,-100,1000,"sd","13:35:12",3575000
18200,-100,10000,"sd","13:35:00",3574000
18200,-100,6000,"sd","13:34:46",3564000
18200,-100,1500,"sd","13:34:29",3558000
18200,-100,500,"sd","13:34:15",3556500
18200,-100,10000,"sd","13:34:02",3556000
18200,-100,20000,"sd","13:33:59",3546000
18200,-100,100,"sd","13:33:56",3526000
18200,-100,500,"sd","13:33:51",3525900
18200,-100,100,"sd","13:33:49",3525400
18200,-100,100,"sd","13:33:41",3525300
18200,-100,1400,"sd","13:33:40",3525200
18200,-100,5000,"sd","13:33:38",3523800
18200,-100,2000,"sd","13:33:26",3518800
18200,-100,5000,"sd","13:33:21",3516800
18200,-100,100,"sd","13:33:15",3511800
18200,-100,5000,"sd","13:33:08",3511700
18200,-100,11200,"sd","13:33:03",3506700
18200,-100,12000,"bu","13:32:59",3495500
18200,-100,1000,"bu","13:32:58",3483500
18200,-100,5500,"bu","13:32:55",3482500
18200,-100,2200,"bu","13:32:53",3477000
18200,-100,4400,"bu","13:32:52",3474800
18200,-100,100,"bu","13:32:48",3470400
18200,-100,100,"bu","13:32:47",3470300
18200,-100,100000,"bu","13:32:43",3470200
18200,-100,1500,"bu","13:32:35",3370200
18200,-100,1000,"bu","13:31:58",3368700
18100,-200,200,"sd","13:31:54",3367700
18200,-100,700,"bu","13:31:52",3367500
18100,-200,100,"sd","13:31:32",3366800
18100,-200,500,"sd","13:31:27",3366700
18100,-200,400,"sd","13:31:26",3366200
18100,-200,5800,"bu","13:30:45",3365800
18100,-200,500,"bu","13:30:38",3360000
18100,-200,200,"sd","13:30:35",3359500
18100,-200,14000,"sd","13:30:34",3359300
18200,-100,5000,"bu","13:30:33",3345300
18100,-200,7000,"sd","13:30:28",3340300
18100,-200,5000,"sd","13:30:25",3333300
18200,-100,500,"bu","13:30:20",3328300
18100,-200,3000,"sd","13:30:19",3327800
18100,-200,1000,"sd","13:30:18",3324800
18100,-200,600,"sd","13:30:04",3323800
18100,-200,2000,"sd","13:30:02",3323200
18100,-200,100,"sd","13:30:00",3321200
18100,-200,3000,"sd","13:29:54",3321100
18100,-200,4600,"sd","13:29:52",3318100
18100,-200,2000,"sd","13:29:51",3313500
18100,-200,3000,"sd","13:29:46",3311500
18100,-200,2000,"sd","13:29:34",3308500
18100,-200,1000,"sd","13:29:32",3306500
18100,-200,1000,"sd","13:29:28",3305500
18100,-200,200,"sd","13:29:27",3304500
18100,-200,100,"sd","13:29:00",3304300
18100,-200,2000,"sd","13:28:54",3304200
18200,-100,500,"bu","13:28:36",3302200
18100,-200,500,"sd","13:28:31",3301700
18100,-200,1000,"sd","13:28:30",3301200
18100,-200,1300,"sd","13:28:29",3300200
18100,-200,2000,"sd","13:28:25",3298900
18100,-200,2000,"sd","13:28:24",3296900
18100,-200,1000,"sd","13:28:22",3294900
18100,-200,2000,"sd","13:28:10",3293900
18100,-200,200,"sd","13:28:04",3291900
18100,-200,50000,"sd","13:27:55",3291700
18100,-200,300,"sd","13:27:38",3241700
18100,-200,2000,"sd","13:27:34",3241400
18100,-200,200,"sd","13:27:31",3239400
18200,-100,500,"bu","13:27:20",3239200
18200,-100,900,"bu","13:26:49",3238700
18200,-100,200,"bu","13:26:21",3237800
18100,-200,2000,"sd","13:26:14",3237600
18100,-200,1000,"sd","13:26:00",3235600
18100,-200,7000,"sd","13:25:56",3234600
18100,-200,100,"sd","13:25:50",3227600
18100,-200,2500,"sd","13:25:42",3227500
18100,-200,2000,"sd","13:25:41",3225000
18100,-200,1000,"sd","13:25:21",3223000
18200,-100,1000,"bu","13:25:14",3222000
18200,-100,100,"bu","13:25:09",3221000
18200,-100,1000,"bu","13:24:39",3220900
18200,-100,100,"bu","13:24:25",3219900
18100,-200,2500,"sd","13:24:24",3219800
18200,-100,400,"bu","13:24:11",3217300
18200,-100,900,"bu","13:24:06",3216900
18200,-100,2000,"bu","13:24:02",3216000
18100,-200,500,"sd","13:23:45",3214000
18200,-100,100,"bu","13:23:16",3213500
18100,-200,5000,"sd","13:23:12",3213400
18100,-200,2000,"sd","13:22:43",3208400
18200,-100,3700,"bu","13:22:23",3206400
18200,-100,1200,"sd","13:22:03",3202700
18200,-100,1000,"sd","13:21:42",3201500
18200,-100,500,"sd","13:21:39",3200500
18200,-100,300,"sd","13:21:34",3200000
18200,-100,48300,"bu","13:21:26",3199700
18100,-200,1000,"sd","13:20:34",3151400
18200,-100,16000,"bu","13:20:10",3150400
18200,-100,100,"bu","13:20:01",3134400
18200,-100,200,"bu","13:19:54",3134300
18200,-100,30000,"bu","13:19:31",3134100
18100,-200,20000,"sd","13:19:19",3104100
18200,-100,5000,"bu","13:19:17",3084100
18100,-200,200,"sd","13:18:18",3079100
18100,-200,5000,"sd","13:18:13",3078900
18100,-200,100,"sd","13:18:10",3073900
18100,-200,400,"sd","13:17:52",3073800
18100,-200,5100,"sd","13:17:48",3073400
18200,-100,300,"bu","13:17:29",3068300
18200,-100,2000,"bu","13:17:21",3068000
18200,-100,1000,"bu","13:17:14",3066000
18200,-100,500,"bu","13:16:58",3065000
18100,-200,400,"sd","13:16:51",3064500
18100,-200,100,"sd","13:16:44",3064100
18100,-200,100,"sd","13:16:37",3064000
18100,-200,5000,"sd","13:16:27",3063900
18100,-200,36700,"sd","13:16:18",3058900
18000,-300,2000,"sd","13:16:16",3022200
18000,-300,10000,"sd","13:16:11",3020200
18100,-200,100,"bu","13:16:07",3010200
18100,-200,100,"bu","13:16:03",3010100
18100,-200,200,"bu","13:15:18",3010000
18000,-300,5000,"sd","13:15:11",3009800
18100,-200,5000,"bu","13:15:01",3004800
18000,-300,1000,"sd","13:14:58",2999800
18000,-300,500,"sd","13:14:51",2998800
18100,-200,100,"bu","13:13:57",2998300
18000,-300,500,"sd","13:13:37",2998200
18000,-300,400,"sd","13:13:30",2997700
18100,-200,800,"bu","13:13:23",2997300
18000,-300,400,"sd","13:13:15",2996500
18000,-300,4500,"sd","13:12:54",2996100
18000,-300,2500,"sd","13:12:33",2991600
18000,-300,700,"sd","13:12:32",2989100
18000,-300,1500,"sd","13:12:26",2988400
18000,-300,1600,"bu","13:12:23",2986900
18000,-300,1000,"bu","13:12:21",2985300
18000,-300,200,"bu","13:12:16",2984300
18000,-300,500,"bu","13:12:15",2984100
18000,-300,800,"bu","13:12:07",2983600
18000,-300,7800,"bu","13:12:00",2982800
18000,-300,500,"bu","13:11:58",2975000
18000,-300,900,"bu","13:11:45",2974500
18000,-300,100,"bu","13:11:39",2973600
18000,-300,3000,"bu","13:11:31",2973500
18000,-300,300,"bu","13:11:19",2970500
18000,-300,5000,"sd","13:11:10",2970200
18000,-300,200,"sd","13:11:07",2965200
18000,-300,500,"sd","13:10:59",2965000
18000,-300,300,"sd","13:10:47",2964500
18000,-300,500,"sd","13:10:36",2964200
18000,-300,7000,"sd","13:10:33",2963700
18000,-300,500,"sd","13:10:23",2956700
18000,-300,500,"sd","13:10:16",2956200
18000,-300,500,"sd","13:10:07",2955700
18000,-300,200,"sd","13:10:03",2955200
18000,-300,2000,"sd","13:09:36",2955000
18000,-300,3900,"sd","13:09:23",2953000
18000,-300,100,"sd","13:09:16",2949100
18000,-300,4700,"sd","13:09:09",2949000
18000,-300,1000,"bu","13:09:07",2944300
18000,-300,500,"bu","13:09:04",2943300
18000,-300,10000,"bu","13:09:03",2942800
18000,-300,200,"bu","13:08:57",2932800
18000,-300,3000,"bu","13:08:39",2932600
18000,-300,100,"bu","13:08:22",2929600
18000,-300,1000,"bu","13:08:20",2929500
18000,-300,4000,"bu","13:08:09",2928500
18000,-300,500,"bu","13:08:00",2924500
17900,-400,600,"sd","13:07:57",2924000
17900,-400,100,"sd","13:07:48",2923400
17900,-400,100,"sd","13:07:41",2923300
17900,-400,7000,"sd","13:07:38",2923200
17900,-400,200,"sd","13:07:22",2916200
18000,-300,100,"bu","13:07:21",2916000
17900,-400,1000,"sd","13:07:05",2915900
18000,-300,300,"bu","13:06:59",2914900
18000,-300,1000,"bu","13:06:58",2914600
17900,-400,2000,"sd","13:06:42",2913600
18000,-300,4000,"unknown","13:06:09",2911600
18000,-300,1000,"sd","13:06:01",2907600
18000,-300,1900,"sd","13:05:53",2906600
18000,-300,5000,"sd","13:05:52",2904700
18000,-300,200,"sd","13:05:46",2899700
18000,-300,100,"sd","13:05:45",2899500
18000,-300,100,"sd","13:05:43",2899400
18000,-300,23000,"sd","13:05:35",2899300
18000,-300,7000,"sd","13:05:20",2876300
18000,-300,500,"sd","13:05:16",2869300
18000,-300,200,"sd","13:05:13",2868800
18000,-300,200,"sd","13:05:00",2868600
18000,-300,700,"sd","13:04:59",2868400
18000,-300,1500,"sd","13:04:58",2867700
18000,-300,100,"sd","13:04:52",2866200
18000,-300,66000,"bu","13:04:44",2866100
17900,-400,500,"sd","13:04:27",2800100
17900,-400,5000,"sd","13:04:20",2799600
18000,-300,500,"bu","13:04:00",2794600
18000,-300,100,"bu","13:03:32",2794100
18000,-300,28300,"bu","13:03:12",2794000
18000,-300,5200,"sd","13:03:10",2765700
18000,-300,5000,"sd","13:03:04",2760500
18000,-300,100,"sd","13:02:58",2755500
18000,-300,200,"sd","13:02:53",2755400
18000,-300,17200,"sd","13:02:33",2755200
18000,-300,11000,"sd","13:02:26",2738000
18000,-300,15000,"sd","13:02:25",2727000
18000,-300,2400,"sd","13:02:20",2712000
18000,-300,4000,"sd","13:02:03",2709600
18000,-300,1800,"sd","13:01:27",2705600
18100,-200,1000,"bu","13:01:12",2703800
18100,-200,500,"sd","13:00:59",2702800
18000,-300,33000,"sd","13:00:09",2702300
18100,-200,100,"unknown","13:00:08",2669300
18100,-200,8200,"unknown","13:00:06",2669200
18100,-200,1500,"unknown","13:00:05",2661000
18000,-300,19000,"sd","13:00:04",2659500
18100,-200,700,"unknown","13:00:03",2640500
18100,-200,17400,"sd","13:00:02",2639800
18100,-200,600,"bu","13:00:01",2622400
18100,-200,400,"bu","11:30:00",2621800
18100,-200,2000,"bu","11:29:50",2621400
18100,-200,100,"bu","11:29:34",2619400
18100,-200,300,"bu","11:29:17",2619300
18100,-200,400,"bu","11:28:52",2619000
18100,-200,300,"bu","11:28:47",2618600
18100,-200,100,"bu","11:28:33",2618300
18100,-200,500,"bu","11:28:14",2618200
18100,-200,300,"bu","11:28:13",2617700
18100,-200,500,"bu","11:28:10",2617400
18100,-200,200,"bu","11:27:52",2616900
18100,-200,400,"bu","11:27:41",2616700
18100,-200,400,"bu","11:27:23",2616300
18100,-200,500,"bu","11:26:31",2615900
18100,-200,300,"bu","11:26:18",2615400
18100,-200,1400,"bu","11:25:58",2615100
18100,-200,20000,"sd","11:25:27",2613700
18100,-200,500,"sd","11:23:03",2593700
18200,-100,700,"bu","11:22:57",2593200
18100,-200,1500,"sd","11:22:11",2592500
18200,-100,1000,"bu","11:21:37",2591000
18200,-100,100,"bu","11:21:19",2590000
18200,-100,300,"bu","11:21:09",2589900
18200,-100,100,"bu","11:21:07",2589600
18200,-100,2000,"bu","11:21:02",2589500
18200,-100,1900,"bu","11:20:29",2587500
18200,-100,20000,"bu","11:20:26",2585600
18200,-100,300,"bu","11:19:54",2565600
18200,-100,3000,"bu","11:19:46",2565300
18200,-100,1500,"bu","11:19:19",2562300
18200,-100,1000,"bu","11:19:06",2560800
18200,-100,1000,"bu","11:18:32",2559800
18200,-100,100,"bu","11:17:30",2558800
18200,-100,10000,"bu","11:17:27",2558700
18200,-100,4000,"bu","11:17:05",2548700
18200,-100,300,"bu","11:16:59",2544700
18200,-100,400,"bu","11:16:28",2544400
18200,-100,500,"bu","11:16:12",2544000
18200,-100,200,"bu","11:16:03",2543500
18200,-100,200,"bu","11:15:44",2543300
18200,-100,200,"bu","11:14:59",2543100
18200,-100,1000,"bu","11:14:33",2542900
18200,-100,300,"bu","11:14:21",2541900
18100,-200,3000,"sd","11:13:55",2541600
18100,-200,500,"sd","11:13:44",2538600
18100,-200,2000,"sd","11:13:25",2538100
18100,-200,20000,"sd","11:13:22",2536100
18200,-100,500,"bu","11:12:45",2516100
18200,-100,500,"bu","11:12:01",2515600
18200,-100,500,"bu","11:11:55",2515100
18100,-200,500,"sd","11:11:52",2514600
18100,-200,1000,"sd","11:10:49",2514100
18100,-200,1000,"sd","11:10:27",2513100
18100,-200,64100,"bu","11:10:19",2512100
18100,-200,100,"bu","11:09:24",2448000
18100,-200,100,"bu","11:08:55",2447900
18000,-300,100,"sd","11:07:56",2447800
18100,-200,100,"bu","11:07:43",2447700
18000,-300,3500,"sd","11:07:40",2447600
18000,-300,100,"sd","11:07:24",2444100
18000,-300,30000,"sd","11:06:22",2444000
18100,-200,2000,"bu","11:06:15",2414000
18100,-200,600,"bu","11:05:25",2412000
18100,-200,100,"bu","11:05:14",2411400
18100,-200,200,"bu","11:04:37",2411300
18100,-200,2200,"bu","11:04:31",2411100
18000,-300,100,"sd","11:04:17",2408900
18000,-300,100,"sd","11:03:39",2408800
18100,-200,2000,"bu","11:03:28",2408700
18000,-300,6000,"sd","11:03:10",2406700
18100,-200,200,"bu","11:03:05",2400700
18100,-200,1000,"bu","11:03:00",2400500
18100,-200,1000,"bu","11:02:57",2399500
18000,-300,5500,"sd","11:02:37",2398500
18000,-300,100,"sd","11:02:36",2393000
18000,-300,700,"sd","11:02:18",2392900
18000,-300,500,"sd","11:02:10",2392200
18000,-300,10000,"sd","11:01:59",2391700
18000,-300,5000,"sd","11:01:20",2381700
18100,-200,200,"bu","11:01:18",2376700
18100,-200,1000,"bu","11:01:15",2376500
18100,-200,1200,"bu","11:01:02",2375500
18000,-300,15000,"sd","11:00:01",2374300
18000,-300,1200,"sd","10:59:55",2359300
18000,-300,7000,"sd","10:59:52",2358100
18000,-300,2500,"sd","10:59:27",2351100
18000,-300,2000,"sd","10:58:42",2348600
18000,-300,1800,"sd","10:58:34",2346600
18000,-300,1000,"sd","10:58:06",2344800
18000,-300,1000,"sd","10:57:34",2343800
18000,-300,100,"sd","10:57:04",2342800
18100,-200,500,"bu","10:56:51",2342700
18100,-200,100,"bu","10:56:40",2342200
18100,-200,200,"bu","10:56:17",2342100
18000,-300,300,"sd","10:56:08",2341900
18100,-200,500,"bu","10:54:53",2341600
18100,-200,200,"bu","10:53:34",2341100
18100,-200,100,"bu","10:53:09",2340900
18100,-200,100,"bu","10:53:03",2340800
18100,-200,300,"bu","10:52:40",2340700
18100,-200,100,"bu","10:52:08",2340400
18100,-200,1000,"bu","10:51:41",2340300
18100,-200,100,"bu","10:51:08",2339300
18100,-200,1000,"bu","10:50:56",2339200
18100,-200,100,"bu","10:49:51",2338200
18000,-300,500,"sd","10:49:41",2338100
18000,-300,200,"sd","10:49:02",2337600
18000,-300,1800,"sd","10:48:52",2337400
18000,-300,5000,"bu","10:48:49",2335600
18000,-300,3600,"bu","10:48:45",2330600
18000,-300,100,"bu","10:48:43",2327000
18000,-300,2300,"bu","10:48:42",2326900
18000,-300,5000,"bu","10:48:40",2324600
18000,-300,1100,"bu","10:48:38",2319600
18000,-300,16200,"bu","10:48:36",2318500
18000,-300,300,"bu","10:48:35",2302300
18000,-300,1700,"bu","10:48:33",2302000
18000,-300,4400,"bu","10:48:27",2300300
18000,-300,1600,"bu","10:48:25",2295900
18000,-300,5000,"bu","10:48:21",2294300
18000,-300,200,"bu","10:48:14",2289300
18000,-300,200,"bu","10:47:56",2289100
17900,-400,2000,"sd","10:47:35",2288900
17900,-400,2000,"sd","10:47:34",2286900
17900,-400,4700,"sd","10:47:19",2284900
18000,-300,700,"bu","10:47:09",2280200
17900,-400,1300,"sd","10:47:04",2279500
17900,-400,2000,"bu","10:46:53",2278200
17900,-400,1400,"bu","10:46:51",2276200
17900,-400,300,"sd","10:46:39",2274800
18000,-300,5000,"bu","10:46:33",2274500
17900,-400,6800,"bu","10:46:27",2269500
17900,-400,1000,"sd","10:46:19",2262700
17900,-400,500,"sd","10:46:09",2261700
17900,-400,2000,"sd","10:46:06",2261200
17900,-400,20000,"sd","10:46:04",2259200
17900,-400,500,"sd","10:46:01",2239200
17900,-400,500,"sd","10:45:49",2238700
18000,-300,100,"bu","10:45:39",2238200
18000,-300,100,"bu","10:45:27",2238100
17900,-400,3000,"sd","10:45:23",2238000
17900,-400,500,"sd","10:45:21",2235000
18000,-300,500,"bu","10:45:20",2234500
18000,-300,100,"bu","10:45:09",2234000
17900,-400,30000,"sd","10:45:08",2233900
17900,-400,3500,"sd","10:44:28",2203900
18000,-300,500,"bu","10:44:23",2200400
18000,-300,600,"bu","10:44:02",2199900
18000,-300,200,"bu","10:43:55",2199300
18000,-300,3000,"bu","10:43:54",2199100
18000,-300,1000,"bu","10:43:52",2196100
17900,-400,47500,"sd","10:43:51",2195100
18000,-300,2000,"bu","10:43:49",2147600
18000,-300,1000,"bu","10:43:47",2145600
18000,-300,100,"bu","10:43:45",2144600
18000,-300,47800,"bu","10:43:36",2144500
18000,-300,100,"bu","10:43:28",2096700
18000,-300,1400,"bu","10:43:25",2096600
18000,-300,300,"bu","10:43:18",2095200
18000,-300,200,"bu","10:43:15",2094900
18000,-300,26500,"bu","10:43:09",2094700
18000,-300,3000,"sd","10:43:08",2068200
18000,-300,500,"sd","10:43:06",2065200
18000,-300,2100,"sd","10:43:04",2064700
18000,-300,500,"sd","10:43:01",2062600
18000,-300,2000,"sd","10:42:56",2062100
18000,-300,30000,"sd","10:42:55",2060100
18000,-300,40000,"sd","10:42:49",2030100
18000,-300,4000,"sd","10:42:32",1990100
18100,-200,200,"bu","10:42:26",1986100
18000,-300,2000,"sd","10:42:13",1985900
18100,-200,1000,"bu","10:41:52",1983900
18000,-300,100,"sd","10:41:51",1982900
18000,-300,200,"sd","10:41:14",1982800
18000,-300,5000,"sd","10:41:12",1982600
18000,-300,12500,"sd","10:41:11",1977600
18100,-200,800,"bu","10:41:03",1965100
18100,-200,76800,"bu","10:40:38",1964300
18100,-200,2200,"sd","10:40:36",1887500
18100,-200,1800,"sd","10:40:14",1885300
18100,-200,3000,"sd","10:40:10",1883500
18200,-100,700,"bu","10:38:51",1880500
18200,-100,100,"bu","10:38:21",1879800
18200,-100,14700,"bu","10:38:20",1879700
18200,-100,2500,"sd","10:38:18",1865000
18200,-100,500,"sd","10:38:14",1862500
18200,-100,10000,"sd","10:38:12",1862000
18200,-100,1000,"sd","10:38:04",1852000
18200,-100,200,"sd","10:37:53",1851000
18200,-100,500,"sd","10:37:52",1850800
18200,-100,5000,"sd","10:37:46",1850300
18200,-100,500,"sd","10:37:40",1845300
18200,-100,200,"sd","10:37:38",1844800
18200,-100,24500,"sd","10:37:30",1844600
18200,-100,100,"sd","10:37:10",1820100
18200,-100,20000,"sd","10:36:59",1820000
18200,-100,2000,"sd","10:36:53",1800000
18200,-100,100,"sd","10:36:42",1798000
18200,-100,20000,"sd","10:36:32",1797900
18200,-100,500,"sd","10:36:30",1777900
18200,-100,100,"sd","10:36:12",1777400
18200,-100,500,"sd","10:36:07",1777300
18200,-100,4000,"sd","10:36:05",1776800
18200,-100,1000,"sd","10:35:55",1772800
18200,-100,500,"sd","10:35:32",1771800
18300,0,600,"bu","10:34:39",1771300
18200,-100,500,"sd","10:34:33",1770700
18200,-100,800,"sd","10:34:30",1770200
18300,0,100,"bu","10:33:21",1769400
18300,0,200,"bu","10:31:52",1769300
18300,0,1000,"bu","10:31:36",1769100
18300,0,1000,"bu","10:31:12",1768100
18300,0,100,"bu","10:29:24",1767100
18200,-100,100,"sd","10:28:35",1767000
18300,0,22000,"bu","10:28:19",1766900
18300,0,200,"bu","10:27:36",1744900
18300,0,300,"bu","10:27:14",1744700
18300,0,100,"bu","10:27:01",1744400
18300,0,2900,"sd","10:26:29",1744300
18300,0,3000,"sd","10:26:23",1741400
18300,0,100,"sd","10:26:21",1738400
18300,0,10000,"sd","10:25:42",1738300
18300,0,100,"sd","10:25:41",1728300
18300,0,600,"sd","10:25:38",1728200
18400,100,300,"bu","10:25:35",1727600
18300,0,300,"sd","10:25:33",1727300
18300,0,100,"sd","10:25:31",1727000
18300,0,7400,"sd","10:25:26",1726900
18300,0,20000,"sd","10:25:24",1719500
18300,0,4000,"sd","10:25:22",1699500
18300,0,3000,"sd","10:25:08",1695500
18300,0,500,"sd","10:23:38",1692500
18300,0,1000,"sd","10:23:18",1692000
18300,0,100,"sd","10:23:15",1691000
18300,0,16000,"sd","10:22:55",1690900
18300,0,10000,"sd","10:22:29",1674900
18300,0,15000,"sd","10:21:50",1664900
18300,0,100,"sd","10:21:24",1649900
18300,0,14300,"sd","10:21:07",1649800
18300,0,2300,"bu","10:20:56",1635500
18300,0,100,"bu","10:20:49",1633200
18300,0,600,"bu","10:20:44",1633100
18300,0,3000,"bu","10:20:24",1632500
18300,0,5000,"bu","10:19:55",1629500
18200,-100,1000,"sd","10:18:54",1624500
18200,-100,400,"sd","10:18:20",1623500
18200,-100,100,"sd","10:17:48",1623100
18300,0,300,"bu","10:16:57",1623000
18300,0,46400,"bu","10:16:34",1622700
18300,0,700,"sd","10:15:37",1576300
18300,0,15000,"sd","10:15:27",1575600
18300,0,1000,"sd","10:15:22",1560600
18300,0,4600,"sd","10:15:12",1559600
18400,100,1000,"bu","10:15:06",1555000
18400,100,1000,"bu","10:14:01",1554000
18400,100,100,"bu","10:13:52",1553000
18400,100,2000,"bu","10:13:37",1552900
18400,100,4000,"bu","10:13:28",1550900
18400,100,1300,"bu","10:13:13",1546900
18400,100,23000,"bu","10:13:03",1545600
18400,100,100,"bu","10:12:55",1522600
18400,100,200,"bu","10:12:42",1522500
18400,100,5100,"bu","10:12:16",1522300
18400,100,700,"bu","10:11:52",1517200
18300,0,12000,"sd","10:11:46",1516500
18300,0,10000,"sd","10:11:04",1504500
18300,0,143200,"sd","10:10:47",1494500
18300,0,1700,"bu","10:10:16",1351300
18300,0,300,"bu","10:10:15",1349600
18300,0,5000,"bu","10:09:09",1349300
18300,0,600,"bu","10:09:03",1344300
18300,0,100,"bu","10:08:55",1343700
18200,-100,100,"sd","10:08:46",1343600
18300,0,200,"bu","10:08:38",1343500
18300,0,400,"bu","10:08:33",1343300
18300,0,600,"bu","10:08:11",1342900
18300,0,2000,"bu","10:08:03",1342300
18300,0,100,"bu","10:07:58",1340300
18300,0,100,"bu","10:07:44",1340200
18300,0,1000,"bu","10:07:20",1340100
18300,0,500,"bu","10:07:10",1339100
18300,0,500,"bu","10:06:58",1338600
18300,0,2000,"bu","10:06:34",1338100
18300,0,100,"bu","10:06:09",1336100
18300,0,300,"bu","10:06:03",1336000
18300,0,7600,"sd","10:06:02",1335700
18300,0,1000,"sd","10:05:44",1328100
18300,0,1000,"sd","10:05:38",1327100
18300,0,100,"sd","10:05:25",1326100
18300,0,500,"sd","10:05:19",1326000
18300,0,1000,"sd","10:05:13",1325500
18300,0,8300,"sd","10:05:09",1324500
18300,0,6000,"bu","10:04:40",1316200
18300,0,100,"bu","10:04:34",1310200
18300,0,200,"bu","10:04:24",1310100
18300,0,300,"bu","10:04:19",1309900
18300,0,500,"bu","10:04:17",1309600
18300,0,1000,"bu","10:03:56",1309100
18300,0,100,"bu","10:03:05",1308100
18300,0,200,"bu","10:02:47",1308000
18300,0,900,"bu","10:02:41",1307800
18300,0,3200,"bu","10:02:20",1306900
18300,0,500,"bu","10:01:52",1303700
18300,0,2000,"bu","10:01:39",1303200
18300,0,2000,"bu","10:01:10",1301200
18300,0,100,"bu","10:00:42",1299200
18300,0,200,"bu","10:00:11",1299100
18300,0,100,"bu","09:59:27",1298900
18300,0,1000,"bu","09:59:17",1298800
18300,0,2000,"bu","09:59:09",1297800
18200,-100,1000,"sd","09:59:08",1295800
18300,0,500,"bu","09:58:42",1294800
18300,0,100,"bu","09:58:32",1294300
18300,0,200,"bu","09:58:06",1294200
18300,0,6700,"bu","09:57:55",1294000
18300,0,600,"sd","09:56:38",1287300
18300,0,5700,"sd","09:56:00",1286700
18300,0,1100,"bu","09:55:52",1281000
18300,0,400,"bu","09:55:44",1279900
18300,0,1000,"bu","09:55:11",1279500
18300,0,100,"bu","09:54:52",1278500
18300,0,100,"bu","09:54:25",1278400
18300,0,5000,"bu","09:54:11",1278300
18300,0,2000,"bu","09:53:44",1273300
18300,0,100,"bu","09:53:34",1271300
18300,0,100,"bu","09:53:32",1271200
18300,0,8000,"bu","09:53:26",1271100
18300,0,2100,"bu","09:53:18",1263100
18300,0,100,"bu","09:53:12",1261000
18300,0,7200,"bu","09:52:40",1260900
18300,0,1000,"bu","09:51:25",1253700
18300,0,100,"bu","09:50:42",1252700
18300,0,500,"bu","09:50:37",1252600
18300,0,100,"bu","09:49:29",1252100
18200,-100,2000,"sd","09:49:20",1252000
18200,-100,2000,"sd","09:48:10",1250000
18300,0,100,"bu","09:47:35",1248000
18300,0,3000,"bu","09:47:19",1247900
18300,0,100,"bu","09:47:08",1244900
18300,0,100,"bu","09:46:37",1244800
18300,0,5200,"sd","09:46:11",1244700
18300,0,2700,"sd","09:45:54",1239500
18300,0,2700,"bu","09:45:35",1236800
18200,-100,100,"sd","09:45:30",1234100
18300,0,400,"bu","09:45:20",1234000
18300,0,100,"bu","09:45:04",1233600
18300,0,800,"bu","09:44:48",1233500
18300,0,100,"sd","09:44:44",1232700
18300,0,4000,"sd","09:44:37",1232600
18300,0,1000,"sd","09:44:33",1228600
18300,0,10000,"sd","09:44:30",1227600
18300,0,200,"sd","09:44:25",1217600
18300,0,9000,"sd","09:44:03",1217400
18300,0,200,"sd","09:43:40",1208400
18300,0,10000,"sd","09:43:35",1208200
18300,0,200,"sd","09:43:33",1198200
18300,0,8900,"sd","09:43:31",1198000
18300,0,10000,"sd","09:43:06",1189100
18400,100,2400,"bu","09:42:56",1179100
18400,100,500,"bu","09:42:55",1176700
18300,0,5000,"sd","09:42:53",1176200
18400,100,100,"bu","09:42:28",1171200
18300,0,5000,"sd","09:42:27",1171100
18400,100,5100,"bu","09:42:22",1166100
18400,100,20000,"bu","09:42:03",1161000
18400,100,1000,"bu","09:41:54",1141000
18400,100,1000,"bu","09:41:08",1140000
18300,0,100,"sd","09:41:07",1139000
18400,100,4000,"bu","09:41:06",1138900
18400,100,1000,"bu","09:41:05",1134900
18400,100,50300,"bu","09:40:19",1133900
18400,100,2000,"bu","09:40:17",1083600
18400,100,300,"bu","09:39:25",1081600
18400,100,400,"bu","09:39:13",1081300
18400,100,300,"bu","09:39:10",1080900
18400,100,10000,"bu","09:39:09",1080600
18400,100,100,"bu","09:38:46",1070600
18400,100,100,"bu","09:38:32",1070500
18400,100,200,"bu","09:38:06",1070400
18400,100,500,"bu","09:37:55",1070200
18300,0,3000,"sd","09:37:30",1069700
18300,0,1400,"sd","09:37:00",1066700
18300,0,1000,"sd","09:36:56",1065300
18300,0,15100,"bu","09:36:37",1064300
18300,0,45700,"bu","09:36:36",1049200
18300,0,300,"bu","09:36:34",1003500
18300,0,1000,"bu","09:36:33",1003200
18300,0,300,"bu","09:36:14",1002200
18200,-100,200,"sd","09:35:57",1001900
18300,0,2000,"bu","09:35:52",1001700
18300,0,100,"bu","09:35:47",999700
18300,0,100,"bu","09:35:30",999600
18300,0,1000,"bu","09:34:49",999500
18200,-100,500,"sd","09:34:37",998500
18200,-100,36600,"bu","09:34:22",998000
18100,-200,10000,"sd","09:34:21",961400
18200,-100,500,"bu","09:32:57",951400
18100,-200,2700,"sd","09:32:53",950900
18100,-200,10000,"sd","09:32:49",948200
18100,-200,400,"sd","09:32:42",938200
18200,-100,1000,"bu","09:32:41",937800
18100,-200,8200,"sd","09:32:34",936800
18200,-100,300,"bu","09:32:32",928600
18200,-100,2000,"bu","09:32:19",928300
18200,-100,2200,"sd","09:32:14",926300
18200,-100,500,"sd","09:31:57",924100
18200,-100,3000,"sd","09:31:27",923600
18200,-100,500,"sd","09:31:16",920600
18100,-200,20000,"sd","09:30:14",920100
18100,-200,20000,"sd","09:30:07",900100
18200,-100,100,"sd","09:29:50",880100
18200,-100,1200,"sd","09:29:35",880000
18200,-100,1500,"sd","09:29:22",878800
18200,-100,20000,"sd","09:28:59",877300
18200,-100,500,"sd","09:28:47",857300
18200,-100,200,"sd","09:28:31",856800
18100,-200,10000,"sd","09:27:57",856600
18300,0,1500,"bu","09:27:47",846600
18300,0,5000,"bu","09:27:41",845100
18100,-200,10000,"sd","09:27:40",840100
18200,-100,500,"sd","09:27:28",830100
18300,0,50000,"bu","09:27:25",829600
18200,-100,2100,"sd","09:27:18",779600
18200,-100,10000,"sd","09:27:17",777500
18200,-100,33800,"sd","09:27:14",767500
18100,-200,400,"sd","09:27:09",733700
18200,-100,500,"bu","09:27:05",733300
18100,-200,13200,"sd","09:27:02",732800
18100,-200,5500,"sd","09:27:01",719600
18200,-100,2000,"bu","09:27:00",714100
18200,-100,1700,"bu","09:26:41",712100
18200,-100,100,"bu","09:26:33",710400
18200,-100,10000,"bu","09:26:26",710300
18100,-200,100,"sd","09:26:07",700300
18100,-200,5000,"sd","09:25:58",700200
18100,-200,18600,"sd","09:25:29",695200
18200,-100,2000,"bu","09:25:24",676600
18100,-200,1000,"sd","09:25:22",674600
18200,-100,500,"bu","09:25:20",673600
18200,-100,1000,"bu","09:25:17",673100
18200,-100,100,"bu","09:25:06",672100
18200,-100,1000,"bu","09:24:50",672000
18100,-200,2500,"sd","09:24:46",671000
18100,-200,1400,"sd","09:24:03",668500
18100,-200,1100,"sd","09:23:36",667100
18200,-100,20000,"bu","09:23:30",666000
18100,-200,2500,"sd","09:23:13",646000
18200,-100,500,"bu","09:23:08",643500
18200,-100,10000,"bu","09:22:50",643000
18200,-100,100,"bu","09:22:49",633000
18200,-100,4700,"bu","09:22:41",632900
18200,-100,3500,"sd","09:22:30",628200
18200,-100,15500,"sd","09:22:29",624700
18200,-100,200,"sd","09:22:27",609200
18200,-100,7900,"sd","09:22:24",609000
18200,-100,1200,"sd","09:22:23",601100
18200,-100,400,"sd","09:22:21",599900
18200,-100,100,"sd","09:22:20",599500
18200,-100,10000,"sd","09:22:11",599400
18200,-100,1000,"sd","09:22:09",589400
18200,-100,5300,"sd","09:22:06",588400
18200,-100,30000,"sd","09:21:59",583100
18200,-100,2100,"sd","09:21:55",553100
18200,-100,5000,"sd","09:21:40",551000
18200,-100,200,"sd","09:21:39",546000
18300,0,11900,"sd","09:21:34",545800
18300,0,1000,"sd","09:21:31",533900
18300,0,2000,"sd","09:21:29",532900
18300,0,1300,"sd","09:21:28",530900
18300,0,1000,"sd","09:21:26",529600
18300,0,100,"sd","09:21:25",528600
18300,0,4000,"sd","09:21:24",528500
18300,0,2000,"sd","09:21:23",524500
18300,0,1000,"sd","09:21:22",522500
18300,0,900,"sd","09:21:21",521500
18300,0,100,"sd","09:21:20",520600
18300,0,500,"sd","09:21:19",520500
18300,0,2000,"sd","09:21:14",520000
18300,0,200,"sd","09:21:12",518000
18300,0,1100,"sd","09:21:11",517800
18300,0,3200,"sd","09:21:07",516700
18300,0,1000,"sd","09:21:05",513500
18300,0,2900,"sd","09:21:02",512500
18300,0,10000,"sd","09:20:58",509600
18300,0,1600,"sd","09:20:55",499600
18300,0,500,"sd","09:20:53",498000
18300,0,1000,"sd","09:20:38",497500
18300,0,9000,"sd","09:20:27",496500
18300,0,2000,"sd","09:20:14",487500
18300,0,6100,"sd","09:20:02",485500
18400,100,200,"bu","09:19:56",479400
18400,100,300,"bu","09:19:53",479200
18400,100,2100,"bu","09:19:39",478900
18400,100,500,"bu","09:19:36",476800
18400,100,11000,"bu","09:18:59",476300
18400,100,500,"bu","09:18:54",465300
18400,100,200,"bu","09:18:39",464800
18400,100,2000,"bu","09:18:36",464600
18400,100,1000,"bu","09:18:30",462600
18400,100,100,"bu","09:18:12",461600
18400,100,800,"bu","09:18:00",461500
18400,100,200,"sd","09:17:58",460700
18400,100,100,"sd","09:17:56",460500
18400,100,100,"sd","09:17:51",460400
18400,100,2200,"sd","09:17:46",460300
18400,100,17300,"bu","09:17:43",458100
18400,100,100,"bu","09:17:32",440800
18300,0,2100,"sd","09:17:28",440700
18400,100,6300,"bu","09:17:27",438600
18400,100,100,"bu","09:17:24",432300
18400,100,50000,"bu","09:17:17",432200
18400,100,2000,"bu","09:17:15",382200
18400,100,1000,"bu","09:17:14",380200
18400,100,2000,"bu","09:17:09",379200
18400,100,400,"bu","09:17:05",377200
18400,100,200,"bu","09:16:56",376800
18400,100,200,"bu","09:16:55",376600
18400,100,500,"bu","09:16:47",376400
18400,100,100,"bu","09:16:42",375900
18400,100,700,"bu","09:16:39",375800
18400,100,300,"bu","09:16:34",375100
18400,100,1000,"bu","09:16:30",374800
18400,100,1100,"bu","09:16:22",373800
18300,0,1400,"bu","09:14:56",372700
18300,0,1200,"bu","09:14:52",371300
18300,0,5000,"bu","09:14:49",370100
18300,0,1000,"bu","09:14:39",365100
18300,0,4000,"bu","09:14:14",364100
18300,0,1000,"bu","09:14:07",360100
18300,0,1400,"bu","09:13:42",359100
18300,0,2000,"sd","09:13:37",357700
18300,0,500,"sd","09:13:31",355700
18300,0,1000,"sd","09:13:27",355200
18300,0,1000,"sd","09:13:14",354200
18300,0,10000,"sd","09:13:06",353200
18400,100,100,"bu","09:12:50",343200
18300,0,100,"sd","09:12:48",343100
18300,0,10000,"sd","09:12:44",343000
18300,0,800,"sd","09:12:24",333000
18300,0,300,"sd","09:12:18",332200
18300,0,2000,"sd","09:12:04",331900
18300,0,3000,"sd","09:11:31",329900
18300,0,600,"sd","09:11:14",326900
18400,100,200,"bu","09:11:08",326300
18400,100,5000,"bu","09:10:42",326100
18400,100,1000,"bu","09:10:16",321100
18300,0,100,"sd","09:10:00",320100
18300,0,300,"sd","09:09:58",320000
18300,0,100,"sd","09:09:53",319700
18300,0,2100,"sd","09:09:50",319600
18300,0,5000,"sd","09:09:21",317500
18300,0,33000,"sd","09:09:12",312500
18300,0,100,"sd","09:09:01",279500
18400,100,500,"bu","09:08:53",279400
18300,0,5000,"sd","09:08:44",278900
18300,0,1000,"sd","09:08:01",273900
18300,0,34600,"sd","09:08:00",272900
18300,0,3000,"bu","09:07:43",238300
18300,0,10500,"bu","09:07:39",235300
18300,0,2200,"bu","09:07:27",224800
18300,0,3000,"bu","09:07:10",222600
18200,-100,2000,"sd","09:07:07",219600
18300,0,3000,"bu","09:07:01",217600
18300,0,1000,"bu","09:06:59",214600
18200,-100,100,"sd","09:06:26",213600
18300,0,1000,"bu","09:05:55",213500
18300,0,900,"bu","09:05:48",212500
18300,0,300,"bu","09:05:27",211600
18200,-100,4500,"sd","09:05:10",211300
18200,-100,500,"sd","09:05:05",206800
18200,-100,1500,"sd","09:05:00",206300
18200,-100,5000,"sd","09:04:59",204800
18200,-100,100,"sd","09:04:30",199800
18200,-100,3500,"sd","09:04:25",199700
18200,-100,3000,"sd","09:04:10",196200
18200,-100,7300,"sd","09:03:45",193200
18200,-100,1000,"bu","09:03:44",185900
18200,-100,500,"bu","09:03:32",184900
18200,-100,1000,"bu","09:03:23",184400
18200,-100,4600,"bu","09:03:14",183400
18200,-100,2400,"bu","09:03:11",178800
18200,-100,1000,"bu","09:03:03",176400
18200,-100,400,"bu","09:03:02",175400
18200,-100,1000,"bu","09:02:59",175000
18200,-100,100,"bu","09:02:54",174000
18200,-100,2000,"bu","09:02:38",173900
18200,-100,1300,"bu","09:02:29",171900
18200,-100,2000,"bu","09:02:12",170600
18200,-100,7000,"bu","09:01:55",168600
18200,-100,200,"bu","09:01:53",161600
18200,-100,400,"bu","09:01:44",161400
18100,-200,1000,"sd","09:01:34",161000
18200,-100,2000,"bu","09:01:16",160000
18200,-100,100,"bu","09:01:13",158000
18200,-100,200,"bu","09:01:07",157900
18200,-100,200,"bu","09:01:00",157700
18100,-200,2000,"sd","09:00:52",157500
18300,0,100,"bu","09:00:31",155500
18300,0,50300,"bu","09:00:30",155400
18200,-100,2100,"bu","09:00:25",105100
18200,-100,100,"bu","09:00:23",103000
18200,-100,100,"bu","09:00:22",102900
18100,-200,300,"sd","09:00:18",102800
18100,-200,25400,"sd","09:00:14",102500
18600,300,6200,"bu","09:00:13",77100
18600,300,17100,"bu","09:00:11",70900
18600,300,1800,"bu","09:00:10",53800
18600,300,22300,"sd","09:00:09",52000
18500,200,29200,"sd","09:00:06",29700
18100,-200,100,"sd","09:00:05",500
18100,-200,400,"sd","09:00:04",400
