"price","change","match_qtty","side","time","total_vol"
10100,0,100,"bu","14:59:58",249100
10000,-100,2000,"sd","14:59:38",249000
10100,0,100,"bu","14:58:32",247000
10100,0,100,"bu","14:57:19",246900
10000,-100,3400,"sd","14:56:32",246800
10100,0,100,"bu","14:47:42",243400
10000,-100,10000,"sd","14:46:57",243300
10100,0,4000,"bu","14:42:05",233300
9900,-200,1300,"sd","14:29:06",229300
9900,-200,2500,"sd","14:28:48",228000
9900,-200,7800,"sd","14:24:32",225500
10000,-100,2200,"bu","14:22:14",217700
10000,-100,100,"bu","14:20:04",215500
10000,-100,2000,"bu","14:17:57",215400
10000,-100,7900,"bu","14:14:05",213400
10100,0,3000,"bu","14:12:20",205500
10100,0,100,"bu","14:10:58",202500
10000,-100,100,"bu","14:06:46",202400
10000,-100,1000,"bu","14:06:44",202300
9900,-200,30000,"sd","14:06:42",201300
10000,-100,100,"bu","14:05:06",171300
10000,-100,100,"bu","14:03:16",171200
10000,-100,1000,"bu","14:02:01",171100
9900,-200,30000,"sd","14:00:12",170100
9900,-200,100,"sd","13:59:10",140100
9900,-200,10000,"sd","13:56:59",140000
9900,-200,500,"sd","13:55:27",130000
9900,-200,10000,"sd","13:53:29",129500
10000,-100,500,"bu","13:51:47",119500
10000,-100,500,"bu","13:50:48",119000
10000,-100,100,"sd","13:47:06",118500
10000,-100,1000,"sd","13:46:56",118400
10000,-100,300,"sd","13:40:38",117400
10000,-100,100,"sd","13:29:38",117100
10000,-100,100,"sd","13:29:26",117000
10000,-100,500,"sd","13:23:36",116900
10000,-100,10000,"sd","13:08:00",116400
10000,-100,300,"sd","13:03:24",106400
10000,-100,100,"sd","13:02:33",106100
10000,-100,2500,"sd","13:00:02",106000
10000,-100,800,"sd","11:09:14",103500
10100,0,100,"bu","11:02:23",102700
10000,-100,10000,"sd","10:43:36",102600
10000,-100,100,"sd","10:29:02",92600
10000,-100,1100,"sd","10:07:09",92500
10100,0,600,"unknown","10:05:50",91400
10100,0,1700,"sd","10:03:56",90800
10200,100,15000,"bu","09:56:06",89100
10200,100,8000,"bu","09:55:48",74100
10200,100,5500,"bu","09:55:13",66100
10200,100,3000,"bu","09:55:03",60600
10100,0,1200,"sd","09:54:50",57600
10200,100,1500,"bu","09:54:42",56400
10200,100,3500,"bu","09:54:28",54900
10200,100,7500,"bu","09:54:18",51400
10200,100,8000,"bu","09:50:11",43900
10200,100,2000,"bu","09:45:36",35900
10200,100,5000,"bu","09:45:15",33900
10200,100,2500,"bu","09:44:57",28900
10100,0,6500,"bu","09:44:52",26400
10000,-100,2000,"sd","09:44:48",19900
10100,0,2500,"bu","09:44:35",17900
10000,-100,1200,"bu","09:44:27",15400
10000,-100,400,"sd","09:43:43",14200
10000,-100,4000,"sd","09:43:36",13800
10000,-100,800,"sd","09:42:17",9800
10000,-100,2000,"unknown","09:38:24",9000
10000,-100,600,"bu","09:32:19",7000
10000,-100,3600,"unknown","09:29:23",6400
10000,-100,1400,"sd","09:27:26",2800
10000,-100,600,"sd","09:23:59",1400
10000,-100,700,"sd","09:23:12",800
10000,-100,100,"sd","09:05:07",100
