"price","change","match_qtty","side","time","total_vol"
21200,300,68200,"bu","14:45:01",477400
20900,0,2500,"unknown","14:29:50",409200
20900,0,200,"bu","14:29:30",406700
20900,0,2000,"bu","14:29:28",406500
20900,0,500,"bu","14:29:22",404500
20900,0,1500,"bu","14:29:06",404000
20900,0,500,"sd","14:29:02",402500
20900,0,6000,"bu","14:28:54",402000
20900,0,100,"bu","14:28:38",396000
20900,0,2400,"bu","14:28:27",395900
20900,0,1000,"bu","14:27:43",393500
20800,-100,600,"sd","14:27:24",392500
20800,-100,200,"sd","14:27:03",391900
20900,0,100,"bu","14:25:59",391700
20800,-100,1700,"sd","14:25:22",391600
20800,-100,1000,"unknown","14:24:24",389900
20800,-100,900,"sd","14:24:12",388900
20800,-100,1000,"sd","14:24:06",388000
20800,-100,100,"bu","14:24:05",387000
20800,-100,1900,"sd","14:23:57",386900
20900,0,100,"bu","14:23:46",385000
20800,-100,100,"sd","14:23:35",384900
20900,0,100,"bu","14:22:24",384800
20800,-100,1000,"unknown","14:22:11",384700
20900,0,100,"bu","14:21:56",383700
20800,-100,100,"unknown","14:21:48",383600
20800,-100,900,"sd","14:21:47",383500
20800,-100,2300,"bu","14:21:38",382600
20800,-100,100,"bu","14:21:36",380300
20800,-100,1000,"bu","14:21:26",380200
20800,-100,1000,"bu","14:21:01",379200
20800,-100,100,"bu","14:20:45",378200
20800,-100,100,"bu","14:19:31",378100
20700,-200,900,"sd","14:19:22",378000
20600,-300,1000,"sd","14:18:58",377100
20600,-300,2100,"bu","14:18:56",376100
20600,-300,10200,"bu","14:17:31",374000
20500,-400,100,"sd","14:17:23",363800
20600,-300,1500,"bu","14:17:10",363700
20500,-400,200,"sd","14:16:58",362200
20600,-300,600,"bu","14:16:37",362000
20500,-400,1000,"sd","14:15:57",361400
20500,-400,1000,"sd","14:15:51",360400
20500,-400,200,"bu","14:15:50",359400
20500,-400,500,"bu","14:15:20",359200
20600,-300,2200,"bu","14:15:07",358700
20600,-300,2000,"sd","14:14:55",356500
20700,-200,200,"sd","14:14:42",354500
20700,-200,800,"unknown","14:14:30",354300
20700,-200,200,"sd","14:14:12",353500
20600,-300,2000,"sd","14:14:10",353300
20700,-200,200,"sd","14:13:55",351300
20700,-200,5000,"sd","14:13:50",351100
20700,-200,200,"sd","14:13:49",346100
20700,-200,200,"sd","14:13:48",345900
20700,-200,100,"sd","14:13:43",345700
20700,-200,200,"sd","14:13:37",345600
20700,-200,200,"sd","14:13:34",345400
20700,-200,100,"sd","14:13:00",345200
20700,-200,200,"unknown","14:12:43",345100
20900,0,1500,"bu","14:09:02",344900
20800,-100,500,"bu","14:09:01",343400
20900,0,100,"bu","14:08:54",342900
20900,0,1000,"bu","14:08:51",342800
20900,0,700,"bu","14:08:47",341800
20900,0,2800,"bu","14:08:32",341100
20900,0,500,"bu","14:08:31",338300
20900,0,100,"bu","14:08:03",337800
20800,-100,5000,"unknown","14:07:31",337700
20800,-100,400,"unknown","14:06:33",332700
20700,-200,100,"bu","14:05:05",332300
20600,-300,2000,"unknown","14:04:47",332200
20500,-400,500,"unknown","14:04:38",330200
20500,-400,1000,"bu","14:04:14",329700
20500,-400,100,"bu","14:03:41",328700
20500,-400,2000,"bu","14:03:40",328600
20400,-500,1300,"sd","14:03:25",326600
20400,-500,1300,"bu","14:03:22",325300
20400,-500,500,"bu","14:03:12",324000
20400,-500,2000,"bu","14:03:03",323500
20400,-500,100,"bu","14:03:02",321500
20300,-600,1500,"bu","14:02:42",321400
20300,-600,1000,"bu","14:02:30",319900
20300,-600,2300,"bu","14:02:15",318900
20300,-600,100,"bu","14:02:04",316600
20200,-700,300,"sd","13:59:34",316500
20200,-700,700,"sd","13:58:50",316200
20200,-700,900,"sd","13:58:27",315500
20200,-700,600,"sd","13:57:02",314600
20200,-700,400,"sd","13:56:01",314000
20200,-700,800,"bu","13:55:20",313600
20200,-700,1000,"bu","13:55:07",312800
20200,-700,3600,"bu","13:54:58",311800
20200,-700,500,"bu","13:54:36",308200
20200,-700,3100,"bu","13:54:35",307700
20200,-700,1900,"sd","13:54:02",304600
20300,-600,100,"sd","13:52:38",302700
20300,-600,400,"sd","13:52:18",302600
20300,-600,100,"unknown","13:51:32",302200
20200,-700,6600,"unknown","13:51:08",302100
20100,-800,700,"bu","13:50:30",295500
20100,-800,400,"bu","13:50:19",294800
20100,-800,1700,"bu","13:50:12",294400
20100,-800,5000,"bu","13:50:08",292700
20000,-900,1500,"unknown","13:49:18",287700
19900,-1000,100,"bu","13:48:25",286200
19900,-1000,2000,"bu","13:48:23",286100
19900,-1000,100,"bu","13:47:32",284100
19900,-1000,1800,"bu","13:47:25",284000
19900,-1000,100,"sd","13:47:05",282200
19900,-1000,3100,"sd","13:46:39",282100
19700,-1200,100,"bu","13:45:37",279000
19700,-1200,100,"bu","13:45:33",278900
19600,-1300,500,"sd","13:45:26",278800
19600,-1300,100,"sd","13:45:08",278300
19600,-1300,2000,"sd","13:45:06",278200
19700,-1200,100,"bu","13:44:44",276200
19700,-1200,200,"bu","13:44:33",276100
19700,-1200,2500,"sd","13:44:18",275900
19700,-1200,5000,"sd","13:44:08",273400
19800,-1100,4300,"sd","13:43:57",268400
19800,-1100,400,"sd","13:42:44",264100
19900,-1000,2100,"sd","13:42:21",263700
19900,-1000,6600,"sd","13:42:09",261600
19900,-1000,2000,"sd","13:41:59",255000
19900,-1000,1000,"sd","13:41:40",253000
19900,-1000,1700,"sd","13:41:08",252000
20000,-900,12100,"sd","13:40:33",250300
20000,-900,400,"sd","13:40:23",238200
20000,-900,1000,"sd","13:40:13",237800
20000,-900,1000,"sd","13:40:03",236800
20100,-800,2200,"sd","13:39:24",235800
20100,-800,5000,"sd","13:39:19",233600
20100,-800,2000,"sd","13:39:06",228600
20200,-700,100,"bu","13:38:10",226600
20300,-600,100,"bu","13:37:28",226500
20200,-700,600,"bu","13:36:42",226400
20200,-700,400,"sd","13:35:45",225800
20200,-700,1000,"sd","13:35:39",225400
20200,-700,700,"sd","13:35:22",224400
20200,-700,100,"sd","13:33:54",223700
20200,-700,1700,"sd","13:33:46",223600
20200,-700,700,"sd","13:33:37",221900
20200,-700,100,"sd","13:33:32",221200
20200,-700,600,"sd","13:33:13",221100
20200,-700,100,"bu","13:32:41",220500
20200,-700,3000,"bu","13:32:29",220400
20200,-700,500,"bu","13:32:24",217400
20200,-700,5000,"bu","13:31:56",216900
20200,-700,3300,"sd","13:30:47",211900
20200,-700,100,"sd","13:30:45",208600
20200,-700,400,"sd","13:30:22",208500
20200,-700,1000,"sd","13:30:13",208100
20200,-700,300,"sd","13:29:45",207100
20200,-700,100,"sd","13:29:23",206800
20200,-700,300,"sd","13:28:43",206700
20300,-600,700,"bu","13:27:53",206400
20200,-700,2000,"sd","13:27:23",205700
20300,-600,1100,"sd","13:26:02",203700
20300,-600,300,"bu","13:25:25",202600
20300,-600,500,"bu","13:25:02",202300
20300,-600,500,"bu","13:24:58",201800
20200,-700,100,"sd","13:24:37",201300
20300,-600,400,"sd","13:23:33",201200
20300,-600,100,"sd","13:23:13",200800
20300,-600,200,"sd","13:23:11",200700
20300,-600,300,"bu","13:22:20",200500
20300,-600,1200,"bu","13:20:58",200200
20200,-700,400,"sd","13:17:23",199000
20300,-600,100,"bu","13:17:16",198600
20300,-600,800,"bu","13:17:11",198500
20300,-600,400,"bu","13:17:02",197700
20200,-700,1200,"sd","13:16:59",197300
20300,-600,100,"bu","13:16:18",196100
20200,-700,100,"sd","13:16:08",196000
20300,-600,1000,"bu","13:15:46",195900
20300,-600,100,"bu","13:15:32",194900
20300,-600,300,"sd","13:15:31",194800
20300,-600,2700,"bu","13:15:19",194500
20200,-700,100,"sd","13:14:51",191800
20200,-700,1600,"sd","13:14:42",191700
20300,-600,100,"bu","13:13:34",190100
20200,-700,300,"sd","13:12:49",190000
20200,-700,400,"bu","13:12:07",189700
20200,-700,500,"bu","13:11:41",189300
20200,-700,100,"bu","13:10:15",188800
20100,-800,300,"sd","13:09:32",188700
20100,-800,400,"bu","13:08:40",188400
20000,-900,400,"sd","13:08:39",188000
20100,-800,1100,"sd","13:08:33",187600
20100,-800,100,"sd","13:08:08",186500
20100,-800,3800,"sd","13:08:02",186400
20100,-800,5000,"sd","13:07:52",182600
20100,-800,2500,"sd","13:07:37",177600
20200,-700,100,"sd","13:07:24",175100
20200,-700,300,"bu","13:07:18",175000
20200,-700,800,"sd","13:07:00",174700
20200,-700,3500,"sd","13:06:37",173900
20300,-600,500,"bu","13:05:49",170400
20200,-700,800,"sd","13:05:48",169900
20300,-600,7900,"bu","13:05:29",169100
20400,-500,200,"bu","13:05:24",161200
20400,-500,800,"bu","13:05:18",161000
20400,-500,300,"sd","13:04:56",160200
20400,-500,500,"sd","13:04:43",159900
20400,-500,1200,"bu","13:04:17",159400
20400,-500,500,"bu","13:04:16",158200
20400,-500,700,"bu","13:04:00",157700
20400,-500,600,"bu","13:03:56",157000
20300,-600,1000,"sd","13:03:54",156400
20400,-500,1500,"sd","13:03:34",155400
20500,-400,200,"unknown","13:02:57",153900
20500,-400,800,"bu","13:02:49",153700
20500,-400,200,"bu","13:02:38",152900
20500,-400,500,"bu","13:02:19",152700
20400,-500,1000,"sd","13:02:12",152200
20400,-500,300,"sd","13:01:09",151200
20400,-500,1000,"sd","13:00:40",150900
20400,-500,3100,"sd","13:00:37",149900
20500,-400,1000,"unknown","13:00:32",146800
20500,-400,400,"sd","13:00:16",145800
20500,-400,6800,"sd","13:00:03",145400
20600,-300,500,"bu","13:00:02",138600
20800,-100,400,"sd","11:21:44",138100
20800,-100,1500,"sd","11:21:41",137700
20800,-100,2100,"sd","11:19:11",136200
20700,-200,1000,"bu","11:16:59",134100
20700,-200,5000,"bu","11:16:29",133100
20600,-300,100,"bu","11:15:15",128100
20500,-400,500,"sd","11:14:53",128000
20600,-300,600,"bu","11:12:56",127500
20600,-300,100,"bu","11:11:40",126900
20600,-300,100,"bu","11:10:01",126800
20600,-300,100,"bu","11:04:04",126700
20600,-300,100,"bu","11:03:20",126600
20600,-300,100,"bu","11:02:41",126500
20600,-300,400,"bu","11:02:34",126400
20600,-300,3400,"bu","11:01:12",126000
20700,-200,700,"sd","10:48:27",122600
20700,-200,1000,"sd","10:48:21",121900
20700,-200,400,"sd","10:47:48",120900
20700,-200,300,"bu","10:45:53",120500
20700,-200,500,"bu","10:45:19",120200
20700,-200,100,"bu","10:42:52",119700
20700,-200,400,"sd","10:42:45",119600
20700,-200,1400,"sd","10:42:38",119200
20600,-300,500,"sd","10:41:17",117800
20600,-300,500,"sd","10:36:33",117300
20600,-300,100,"sd","10:36:02",116800
20800,-100,200,"unknown","10:34:41",116700
20800,-100,2000,"sd","10:34:18",116500
20900,0,500,"bu","10:32:50",114500
20900,0,2900,"sd","10:29:51",114000
21000,100,1000,"bu","10:29:41",111100
21000,100,200,"unknown","10:26:34",110100
21100,200,200,"bu","10:23:07",109900
21000,100,100,"sd","10:23:00",109700
21000,100,200,"sd","10:20:58",109600
21000,100,1100,"bu","10:20:37",109400
21000,100,900,"bu","10:18:49",108300
21000,100,100,"bu","10:18:40",107400
21000,100,800,"unknown","10:13:25",107300
21000,100,1000,"sd","10:13:03",106500
21000,100,1000,"sd","10:11:25",105500
21100,200,1000,"bu","10:11:14",104500
21000,100,100,"sd","10:09:24",103500
20900,0,800,"sd","10:08:31",103400
21100,200,600,"bu","10:05:02",102600
21200,300,200,"bu","10:03:35",102000
21200,300,100,"sd","10:03:13",101800
21200,300,100,"sd","10:03:09",101700
21200,300,1800,"sd","10:03:02",101600
21200,300,1200,"bu","10:02:39",99800
21200,300,2500,"bu","10:02:16",98600
21200,300,2000,"bu","10:01:49",96100
21100,200,600,"sd","10:01:32",94100
21100,200,1200,"bu","10:01:13",93500
20900,0,900,"sd","09:57:50",92300
20900,0,1100,"bu","09:56:58",91400
20900,0,100,"bu","09:54:44",90300
20800,-100,100,"unknown","09:53:27",90200
20800,-100,400,"bu","09:52:30",90100
20800,-100,500,"bu","09:50:17",89700
20800,-100,1000,"sd","09:48:27",89200
20800,-100,2000,"unknown","09:46:12",88200
20800,-100,200,"unknown","09:45:26",86200
20800,-100,3100,"bu","09:45:12",86000
21000,100,2700,"bu","09:44:56",82900
21200,300,100,"bu","09:44:45",80200
21000,100,6300,"sd","09:44:05",80100
20900,0,4000,"bu","09:43:49",73800
20900,0,2200,"bu","09:43:30",69800
20800,-100,300,"sd","09:43:25",67600
20800,-100,800,"bu","09:42:37",67300
20800,-100,1200,"bu","09:42:08",66500
20800,-100,300,"bu","09:41:43",65300
20800,-100,100,"bu","09:41:33",65000
20800,-100,300,"bu","09:40:33",64900
20800,-100,100,"bu","09:40:26",64600
20500,-400,500,"bu","09:38:56",64500
20500,-400,1000,"bu","09:38:49",64000
20500,-400,200,"bu","09:38:21",63000
20400,-500,300,"sd","09:36:29",62800
20400,-500,500,"bu","09:36:26",62500
20400,-500,100,"bu","09:36:11",62000
20400,-500,1500,"bu","09:35:35",61900
20400,-500,1000,"bu","09:35:25",60400
20400,-500,1000,"bu","09:34:57",59400
20400,-500,600,"bu","09:33:56",58400
20400,-500,700,"bu","09:32:18",57800
20300,-600,600,"sd","09:29:28",57100
20500,-400,5000,"bu","09:28:00",56500
20400,-500,500,"bu","09:27:26",51500
20400,-500,500,"bu","09:26:20",51000
20400,-500,2000,"sd","09:25:45",50500
20300,-600,100,"sd","09:25:32",48500
20500,-400,1500,"sd","09:25:01",48400
20500,-400,5000,"sd","09:24:58",46900
20500,-400,100,"sd","09:24:53",41900
20500,-400,1000,"sd","09:24:45",41800
20500,-400,1000,"sd","09:24:40",40800
20500,-400,1500,"sd","09:24:32",39800
20600,-300,100,"sd","09:23:37",38300
20600,-300,1500,"sd","09:23:33",38200
20600,-300,500,"sd","09:23:26",36700
20600,-300,5000,"sd","09:23:16",36200
20700,-200,4300,"sd","09:22:56",31200
20700,-200,2500,"sd","09:22:49",26900
20700,-200,2400,"sd","09:22:16",24400
20800,-100,600,"sd","09:20:03",22000
20800,-100,1300,"bu","09:17:08",21400
20800,-100,400,"sd","09:16:52",20100
20800,-100,100,"bu","09:15:56",19700
20800,-100,400,"sd","09:15:36",19600
20800,-100,600,"bu","09:13:04",19200
20800,-100,1400,"bu","09:12:39",18600
20800,-100,100,"sd","09:07:01",17200
20700,-200,3000,"sd","09:03:21",17100
20700,-200,800,"sd","09:02:59",14100
20900,0,1000,"bu","09:02:46",13300
20800,-100,4200,"sd","09:02:41",12300
20900,0,1000,"bu","09:02:35",8100
20800,-100,2000,"sd","09:02:31",7100
20900,0,200,"unknown","09:02:17",5100
20900,0,100,"bu","09:01:00",4900
20900,0,4700,"sd","09:00:47",4800
20900,0,100,"sd","09:00:18",100
