"price","change","match_qtty","side","time","total_vol"
4450,60,25500,"bu","14:45:01",1034900
4440,50,1000,"sd","14:29:41",1009400
4440,50,3000,"bu","14:28:58",1008400
4410,20,100,"sd","14:24:32",1005400
4410,20,4700,"sd","14:23:42",1005300
4410,20,300,"sd","14:23:42",1000600
4400,10,10800,"sd","14:23:14",1000300
4400,10,700,"sd","14:23:14",989500
4400,10,500,"bu","14:20:34",988800
4400,10,700,"bu","14:20:34",988300
4400,10,300,"bu","14:20:34",987600
4390,0,9500,"sd","14:20:04",987300
4400,10,100,"bu","14:15:28",977800
4350,-40,100,"sd","14:15:07",977700
4400,10,100,"bu","14:14:56",977600
4400,10,2900,"sd","14:14:39",977500
4460,70,100,"bu","14:14:36",974600
4400,10,10000,"sd","14:14:23",974500
4400,10,600,"sd","14:14:22",964500
4400,10,100,"sd","14:14:22",963900
4460,70,100,"bu","14:14:05",963800
4400,10,1400,"sd","14:14:03",963700
4400,10,5400,"sd","14:14:03",962300
4410,20,2000,"sd","14:14:03",956900
4410,20,300,"sd","14:13:58",954900
4460,70,100,"bu","14:13:53",954600
4410,20,2200,"sd","14:13:45",954500
4400,10,600,"sd","14:13:12",952300
4400,10,4000,"sd","14:13:12",951700
4400,10,1500,"sd","14:13:12",947700
4410,20,1000,"sd","14:12:56",946200
4420,30,100,"sd","14:12:41",945200
4460,70,100,"sd","14:12:12",945100
4460,70,300,"bu","14:11:01",945000
4460,70,100,"bu","14:10:52",944700
4460,70,500,"bu","14:10:50",944600
4450,60,10000,"bu","14:10:39",944100
4460,70,100,"bu","14:08:47",934100
4400,10,500,"sd","14:07:32",934000
4460,70,1800,"bu","14:07:09",933500
4450,60,6000,"bu","14:07:09",931700
4450,60,200,"bu","14:07:09",925700
4450,60,1000,"bu","14:07:09",925500
4410,20,1000,"bu","14:07:09",924500
4410,20,2000,"bu","14:07:09",923500
4400,10,18000,"bu","14:07:09",921500
4400,10,2000,"bu","14:06:52",903500
4400,10,20000,"bu","14:06:31",901500
4390,0,100,"bu","14:06:06",881500
4390,0,300,"bu","14:06:06",881400
4390,0,10000,"bu","14:06:06",881100
4390,0,4400,"bu","14:06:06",871100
4390,0,1800,"bu","14:05:54",866700
4380,-10,1300,"bu","14:05:54",864900
4380,-10,5400,"bu","14:05:54",863600
4370,-20,600,"bu","14:05:54",858200
4370,-20,5900,"bu","14:05:54",857600
4370,-20,4000,"bu","14:05:50",851700
4360,-30,100,"sd","14:05:45",847700
4350,-40,500,"sd","14:04:03",847600
4360,-30,10000,"bu","14:03:56",847100
4350,-40,5500,"bu","14:03:46",837100
4350,-40,4500,"bu","14:03:46",831600
4310,-80,100,"bu","14:02:42",827100
4310,-80,500,"bu","14:02:42",827000
4310,-80,500,"bu","14:02:41",826500
4310,-80,9500,"bu","14:02:41",826000
4310,-80,100,"bu","14:02:25",816500
4310,-80,400,"bu","14:02:21",816400
4310,-80,200,"bu","14:02:15",816000
4310,-80,400,"bu","14:02:10",815800
4310,-80,500,"bu","14:01:37",815400
4310,-80,5000,"bu","14:01:32",814900
4310,-80,100,"bu","14:00:49",809900
4310,-80,100,"bu","14:00:49",809800
4310,-80,100,"sd","14:00:48",809700
4310,-80,1000,"sd","14:00:48",809600
4310,-80,1200,"sd","14:00:48",808600
4310,-80,100,"sd","14:00:48",807400
4310,-80,300,"sd","14:00:48",807300
4310,-80,100,"sd","14:00:48",807000
4310,-80,200,"sd","14:00:48",806900
4310,-80,300,"sd","14:00:48",806700
4310,-80,400,"sd","14:00:48",806400
4310,-80,100,"sd","14:00:05",806000
4310,-80,600,"sd","13:59:06",805900
4330,-60,100,"sd","13:58:28",805300
4350,-40,8800,"bu","13:55:47",805200
4370,-20,100,"bu","13:52:42",796400
4360,-30,100,"bu","13:52:42",796300
4360,-30,200,"sd","13:52:27",796200
4360,-30,1600,"sd","13:52:14",796000
4360,-30,100,"sd","13:51:53",794400
4360,-30,4000,"sd","13:51:53",794300
4360,-30,500,"sd","13:51:53",790300
4360,-30,500,"sd","13:51:53",789800
4340,-50,1000,"sd","13:51:53",789300
4340,-50,6400,"sd","13:51:53",788300
4330,-60,200,"sd","13:51:53",781900
4330,-60,400,"sd","13:51:53",781700
4330,-60,300,"sd","13:51:53",781300
4330,-60,100,"bu","13:51:43",781000
4330,-60,8500,"bu","13:51:30",780900
4320,-70,1500,"bu","13:51:30",772400
4310,-80,500,"sd","13:50:32",770900
4320,-70,300,"bu","13:50:19",770400
4310,-80,8300,"bu","13:49:24",770100
4300,-90,5000,"sd","13:49:16",761800
4310,-80,100,"bu","13:49:09",756800
4310,-80,4000,"bu","13:49:04",756700
4300,-90,3900,"sd","13:49:02",752700
4300,-90,3100,"sd","13:49:02",748800
4300,-90,300,"sd","13:48:38",745700
4300,-90,500,"bu","13:48:00",745400
4300,-90,300,"bu","13:48:00",744900
4300,-90,800,"bu","13:48:00",744600
4300,-90,1000,"bu","13:47:20",743800
4300,-90,100,"sd","13:46:40",742800
4300,-90,200,"sd","13:46:40",742700
4300,-90,900,"sd","13:46:40",742500
4300,-90,6000,"sd","13:46:19",741600
4300,-90,200,"sd","13:45:30",735600
4300,-90,2900,"sd","13:44:37",735400
4300,-90,900,"sd","13:44:37",732500
4300,-90,100,"sd","13:44:37",731600
4300,-90,500,"sd","13:44:37",731500
4300,-90,5500,"sd","13:44:37",731000
4300,-90,200,"sd","13:44:37",725500
4300,-90,1000,"sd","13:44:37",725300
4300,-90,1000,"sd","13:44:37",724300
4300,-90,100,"sd","13:44:37",723300
4300,-90,7800,"sd","13:44:37",723200
4310,-80,11000,"bu","13:44:23",715400
4300,-90,2200,"sd","13:44:09",704400
4300,-90,500,"sd","13:44:09",702200
4300,-90,100,"sd","13:44:09",701700
4300,-90,200,"sd","13:44:09",701600
4310,-80,100,"sd","13:43:45",701400
4310,-80,1000,"sd","13:43:45",701300
4310,-80,100,"sd","13:43:45",700300
4310,-80,200,"sd","13:43:45",700200
4310,-80,10000,"sd","13:43:45",700000
4310,-80,200,"sd","13:43:45",690000
4310,-80,800,"sd","13:43:36",689800
4310,-80,100,"sd","13:43:36",689000
4310,-80,100,"sd","13:43:36",688900
4310,-80,5000,"sd","13:43:17",688800
4320,-70,100,"bu","13:43:09",683800
4320,-70,100,"bu","13:43:09",683700
4320,-70,1000,"bu","13:43:09",683600
4320,-70,7000,"bu","13:43:09",682600
4320,-70,1000,"sd","13:43:03",675600
4320,-70,2000,"sd","13:42:25",674600
4320,-70,2000,"sd","13:42:25",672600
4330,-60,800,"bu","13:42:24",670600
4330,-60,100,"sd","13:42:22",669800
4330,-60,100,"sd","13:42:22",669700
4330,-60,400,"sd","13:42:12",669600
4330,-60,500,"sd","13:41:50",669200
4330,-60,200,"sd","13:41:16",668700
4340,-50,100,"bu","13:40:26",668500
4330,-60,500,"sd","13:40:12",668400
4330,-60,4000,"sd","13:40:09",667900
4340,-50,100,"bu","13:39:40",663900
4330,-60,1000,"sd","13:39:27",663800
4340,-50,100,"bu","13:39:26",662800
4330,-60,3200,"sd","13:39:07",662700
4330,-60,1000,"sd","13:39:07",659500
4330,-60,1000,"sd","13:39:07",658500
4330,-60,3000,"sd","13:39:07",657500
4330,-60,1000,"sd","13:39:07",654500
4330,-60,100,"sd","13:39:07",653500
4330,-60,100,"sd","13:39:07",653400
4330,-60,100,"sd","13:39:07",653300
4330,-60,100,"sd","13:39:07",653200
4330,-60,100,"sd","13:39:07",653100
4330,-60,100,"sd","13:39:07",653000
4330,-60,100,"sd","13:39:07",652900
4330,-60,100,"sd","13:39:07",652800
4330,-60,100,"sd","13:39:07",652700
4330,-60,100,"sd","13:39:07",652600
4330,-60,100,"sd","13:39:07",652500
4330,-60,100,"sd","13:39:07",652400
4330,-60,100,"sd","13:39:07",652300
4330,-60,100,"sd","13:39:07",652200
4330,-60,9400,"sd","13:39:07",652100
4340,-50,100,"sd","13:38:30",642700
4340,-50,3200,"sd","13:38:30",642600
4340,-50,300,"sd","13:38:28",639400
4360,-30,100,"bu","13:37:48",639100
4340,-50,500,"sd","13:37:22",639000
4340,-50,100,"sd","13:37:22",638500
4340,-50,600,"sd","13:37:22",638400
4360,-30,100,"bu","13:35:48",637800
4340,-50,5400,"sd","13:35:28",637700
4340,-50,3600,"sd","13:35:28",632300
4360,-30,100,"bu","13:32:42",628700
4350,-40,400,"unknown","13:32:42",628600
4340,-50,1300,"sd","13:32:41",628200
4340,-50,1000,"sd","13:32:27",626900
4350,-40,300,"sd","13:30:43",625900
4350,-40,3200,"sd","13:30:43",625600
4360,-30,100,"sd","13:30:43",622400
4380,-10,100,"bu","13:30:05",622300
4370,-20,100,"bu","13:29:55",622200
4360,-30,500,"bu","13:29:45",622100
4360,-30,200,"sd","13:28:06",621600
4380,-10,100,"bu","13:26:38",621400
4350,-40,3000,"sd","13:26:06",621300
4360,-30,300,"sd","13:25:37",618300
4350,-40,5300,"sd","13:24:35",618000
4350,-40,2100,"sd","13:22:57",612700
4350,-40,800,"sd","13:22:57",610600
4350,-40,2000,"sd","13:22:04",609800
4350,-40,500,"sd","13:21:28",607800
4390,0,1400,"bu","13:21:23",607300
4390,0,10000,"bu","13:21:23",605900
4390,0,2800,"bu","13:21:23",595900
4390,0,16200,"bu","13:21:23",593100
4380,-10,200,"bu","13:21:23",576900
4380,-10,9000,"bu","13:21:23",576700
4380,-10,5300,"bu","13:21:23",567700
4370,-20,5000,"bu","13:21:23",562400
4370,-20,100,"bu","13:21:23",557400
4350,-40,1000,"sd","13:21:03",557300
4350,-40,200,"bu","13:16:57",556300
4350,-40,400,"bu","13:15:26",556100
4340,-50,2600,"sd","13:15:02",555700
4330,-60,1400,"sd","13:11:15",553100
4350,-40,19600,"bu","13:11:14",551700
4340,-50,4400,"bu","13:11:14",532100
4330,-60,9200,"sd","13:11:09",527700
4330,-60,200,"sd","13:11:09",518500
4330,-60,500,"sd","13:11:09",518300
4340,-50,100,"bu","13:10:00",517800
4340,-50,500,"sd","13:09:57",517700
4340,-50,600,"bu","13:09:49",517200
4340,-50,100,"sd","13:09:28",516600
4340,-50,200,"sd","13:09:28",516500
4340,-50,100,"sd","13:09:28",516300
4340,-50,100,"sd","13:07:29",516200
4340,-50,100,"sd","13:07:29",516100
4340,-50,100,"sd","13:07:29",516000
4340,-50,100,"sd","13:07:29",515900
4340,-50,100,"sd","13:07:25",515800
4340,-50,100,"sd","13:07:25",515700
4340,-50,100,"sd","13:07:25",515600
4340,-50,100,"sd","13:07:25",515500
4340,-50,100,"sd","13:07:25",515400
4340,-50,9500,"sd","13:07:25",515300
4340,-50,500,"sd","13:06:32",505800
4340,-50,100,"sd","13:06:32",505300
4340,-50,100,"sd","13:06:32",505200
4340,-50,100,"sd","13:06:32",505100
4340,-50,200,"sd","13:06:32",505000
4350,-40,100,"sd","13:06:27",504800
4350,-40,500,"sd","13:06:27",504700
4350,-40,1300,"sd","13:06:27",504200
4350,-40,5500,"sd","13:06:27",502900
4350,-40,100,"sd","13:06:27",497400
4350,-40,100,"sd","13:06:27",497300
4350,-40,100,"sd","13:06:27",497200
4350,-40,100,"sd","13:06:27",497100
4350,-40,100,"sd","13:06:27",497000
4350,-40,2000,"sd","13:06:27",496900
4350,-40,100,"sd","13:06:27",494900
4350,-40,800,"sd","13:06:27",494800
4360,-30,28700,"sd","13:04:51",494000
4360,-30,9900,"sd","13:03:16",465300
4360,-30,1100,"sd","13:02:15",455400
4380,-10,700,"bu","13:00:01",454300
4380,-10,100,"bu","11:27:11",453600
4350,-40,2400,"sd","11:27:02",453500
4360,-30,100,"unknown","11:27:02",451100
4360,-30,200,"unknown","11:27:02",451000
4360,-30,100,"unknown","11:27:02",450800
4360,-30,100,"unknown","11:27:02",450700
4380,-10,100,"bu","11:26:55",450600
4360,-30,500,"sd","11:23:53",450500
4360,-30,100,"sd","11:23:53",450000
4360,-30,6200,"sd","11:23:53",449900
4360,-30,400,"sd","11:23:53",443700
4370,-20,100,"sd","11:22:11",443300
4370,-20,100,"sd","11:22:11",443200
4370,-20,500,"sd","11:22:10",443100
4370,-20,2400,"sd","11:22:10",442600
4380,-10,3000,"bu","11:20:06",440200
4380,-10,300,"bu","11:20:03",437200
4380,-10,10000,"sd","11:18:46",436900
4380,-10,100,"sd","11:18:46",426900
4380,-10,500,"sd","11:18:46",426800
4380,-10,1000,"sd","11:18:46",426300
4380,-10,100,"sd","11:18:46",425300
4380,-10,6300,"sd","11:18:46",425200
4380,-10,100,"sd","11:16:54",418900
4390,0,200,"bu","11:16:47",418800
4390,0,1000,"bu","11:16:41",418600
4390,0,100,"bu","11:16:36",417600
4380,-10,1100,"sd","11:16:34",417500
4380,-10,1000,"bu","11:15:05",416400
4380,-10,500,"bu","11:15:05",415400
4380,-10,1000,"bu","11:15:05",414900
4360,-30,600,"sd","11:14:38",413900
4360,-30,100,"sd","11:14:38",413300
4360,-30,100,"sd","11:14:38",413200
4360,-30,200,"sd","11:14:38",413100
4380,-10,1000,"bu","11:13:40",412900
4380,-10,100,"bu","11:10:37",411900
4380,-10,10000,"bu","11:10:05",411800
4380,-10,100,"bu","11:09:48",401800
4380,-10,4500,"bu","11:04:59",401700
4380,-10,4300,"bu","11:03:19",397200
4380,-10,1300,"bu","11:03:19",392900
4370,-20,500,"bu","11:03:19",391600
4370,-20,10000,"bu","11:03:19",391100
4370,-20,15400,"bu","11:03:19",381100
4370,-20,2000,"bu","11:03:08",365700
4360,-30,2000,"sd","11:03:00",363700
4370,-20,100,"bu","11:00:48",361700
4370,-20,100,"bu","10:55:54",361600
4370,-20,100,"bu","10:55:04",361500
4350,-40,6800,"sd","10:54:50",361400
4350,-40,1000,"sd","10:54:50",354600
4350,-40,100,"sd","10:54:50",353600
4360,-30,300,"sd","10:54:50",353500
4360,-30,500,"sd","10:54:50",353200
4360,-30,100,"sd","10:54:50",352700
4360,-30,900,"sd","10:54:50",352600
4360,-30,300,"sd","10:54:50",351700
4360,-30,700,"sd","10:53:59",351400
4360,-30,300,"sd","10:53:59",350700
4370,-20,1000,"bu","10:53:47",350400
4370,-20,100,"bu","10:52:27",349400
4370,-20,100,"bu","10:52:07",349300
4360,-30,100,"sd","10:51:30",349200
4370,-20,10000,"bu","10:48:56",349100
4360,-30,100,"sd","10:48:14",339100
4360,-30,100,"sd","10:47:55",339000
4360,-30,100,"sd","10:47:44",338900
4360,-30,700,"bu","10:46:58",338800
4360,-30,100,"sd","10:46:27",338100
4360,-30,100,"sd","10:46:27",338000
4360,-30,3100,"sd","10:46:27",337900
4360,-30,700,"sd","10:44:23",334800
4360,-30,400,"sd","10:44:23",334100
4360,-30,100,"sd","10:44:23",333700
4360,-30,5000,"sd","10:44:23",333600
4360,-30,200,"sd","10:44:23",328600
4360,-30,2500,"sd","10:44:23",328400
4360,-30,500,"sd","10:44:21",325900
4370,-20,300,"bu","10:43:36",325400
4370,-20,100,"sd","10:42:03",325100
4370,-20,100,"sd","10:42:03",325000
4370,-20,600,"sd","10:42:03",324900
4370,-20,400,"sd","10:42:01",324300
4380,-10,100,"bu","10:36:44",323900
4360,-30,100,"sd","10:35:21",323800
4360,-30,1400,"sd","10:33:47",323700
4380,-10,2000,"bu","10:32:45",322300
4360,-30,400,"sd","10:31:32",320300
4360,-30,2400,"sd","10:30:50",319900
4370,-20,100,"sd","10:30:50",317500
4370,-20,100,"sd","10:30:50",317400
4380,-10,1600,"bu","10:30:10",317300
4380,-10,1900,"bu","10:30:10",315700
4370,-20,40000,"sd","10:29:38",313800
4380,-10,100,"bu","10:29:28",273800
4380,-10,3000,"sd","10:25:17",273700
4380,-10,2000,"sd","10:24:01",270700
4380,-10,5000,"bu","10:23:51",268700
4380,-10,100,"bu","10:21:05",263700
4380,-10,400,"bu","10:20:47",263600
4380,-10,100,"bu","10:20:47",263200
4370,-20,4900,"bu","10:20:25",263100
4370,-20,100,"bu","10:19:50",258200
4360,-30,2700,"sd","10:19:17",258100
4360,-30,100,"sd","10:19:17",255400
4370,-20,500,"bu","10:18:12",255300
4370,-20,100,"bu","10:16:53",254800
4370,-20,5000,"bu","10:16:46",254700
4370,-20,1100,"bu","10:16:46",249700
4370,-20,600,"bu","10:16:46",248600
4370,-20,400,"sd","10:16:46",248000
4380,-10,1000,"bu","10:16:38",247600
4380,-10,400,"sd","10:15:34",246600
4380,-10,100,"sd","10:15:34",246200
4380,-10,100,"sd","10:15:34",246100
4380,-10,3900,"sd","10:15:34",246000
4380,-10,3400,"sd","10:15:01",242100
4390,0,200,"bu","10:14:33",238700
4380,-10,1500,"sd","10:14:19",238500
4380,-10,2000,"sd","10:13:50",237000
4390,0,100,"bu","10:11:58",235000
4390,0,500,"bu","10:11:49",234900
4390,0,100,"bu","10:10:35",234400
4380,-10,10200,"sd","10:08:22",234300
4380,-10,1500,"sd","10:08:02",224100
4390,0,100,"bu","10:07:30",222600
4380,-10,3000,"sd","10:07:16",222500
4390,0,100,"bu","10:07:14",219500
4380,-10,1500,"sd","10:06:59",219400
4390,0,1400,"bu","10:05:52",217900
4390,0,1000,"bu","10:05:52",216500
4390,0,900,"bu","10:05:52",215500
4390,0,5000,"bu","10:05:52",214600
4390,0,100,"bu","10:05:52",209600
4390,0,1600,"bu","10:05:52",209500
4390,0,100,"bu","10:04:35",207900
4390,0,1000,"bu","10:04:12",207800
4390,0,1000,"bu","10:04:02",206800
4390,0,100,"bu","10:00:08",205800
4390,0,1000,"bu","09:59:31",205700
4390,0,300,"bu","09:59:29",204700
4390,0,1200,"bu","09:56:36",204400
4390,0,1500,"bu","09:55:49",203200
4390,0,1100,"bu","09:54:27",201700
4390,0,4000,"bu","09:53:22",200600
4390,0,1000,"bu","09:51:26",196600
4390,0,400,"bu","09:51:26",195600
4390,0,100,"sd","09:51:26",195200
4390,0,300,"sd","09:51:26",195100
4390,0,300,"sd","09:51:26",194800
4390,0,800,"sd","09:51:03",194500
4390,0,100,"sd","09:50:53",193700
4390,0,700,"sd","09:49:14",193600
4390,0,200,"bu","09:48:34",192900
4390,0,100,"sd","09:48:00",192700
4390,0,200,"sd","09:45:35",192600
4390,0,300,"sd","09:44:50",192400
4400,10,2900,"bu","09:44:07",192100
4400,10,300,"bu","09:44:07",189200
4400,10,1400,"bu","09:44:07",188900
4400,10,3000,"bu","09:43:37",187500
4390,0,200,"sd","09:43:31",184500
4390,0,17200,"sd","09:43:21",184300
4400,10,400,"bu","09:42:23",167100
4400,10,100,"bu","09:42:16",166700
4400,10,4100,"bu","09:41:25",166600
4400,10,1000,"bu","09:40:52",162500
4390,0,600,"bu","09:40:31",161500
4380,-10,2000,"bu","09:40:31",160900
4380,-10,800,"bu","09:40:30",158900
4380,-10,3000,"bu","09:40:24",158100
4380,-10,100,"bu","09:40:16",155100
4380,-10,600,"bu","09:40:05",155000
4380,-10,100,"bu","09:39:54",154400
4370,-20,2000,"bu","09:39:27",154300
4370,-20,2000,"bu","09:39:24",152300
4370,-20,1000,"bu","09:39:04",150300
4370,-20,30000,"bu","09:38:57",149300
4370,-20,100,"bu","09:38:55",119300
4370,-20,10000,"bu","09:38:24",119200
4370,-20,2000,"bu","09:38:20",109200
4370,-20,300,"bu","09:38:14",107200
4370,-20,3000,"bu","09:37:52",106900
4370,-20,200,"bu","09:37:48",103900
4370,-20,200,"bu","09:37:10",103700
4370,-20,100,"bu","09:36:20",103500
4330,-60,4500,"bu","09:35:52",103400
4330,-60,4000,"bu","09:35:41",98900
4330,-60,2000,"bu","09:35:32",94900
4330,-60,500,"bu","09:35:32",92900
4330,-60,4100,"bu","09:35:21",92400
4330,-60,300,"bu","09:35:13",88300
4330,-60,1000,"bu","09:35:02",88000
4330,-60,1000,"bu","09:35:02",87000
4330,-60,200,"bu","09:35:01",86000
4330,-60,1900,"bu","09:34:38",85800
4330,-60,200,"bu","09:34:14",83900
4350,-40,200,"sd","09:33:47",83700
4350,-40,100,"sd","09:33:47",83500
4370,-20,100,"bu","09:33:26",83400
4370,-20,900,"bu","09:32:45",83300
4370,-20,1000,"bu","09:32:42",82400
4370,-20,100,"bu","09:31:34",81400
4370,-20,300,"bu","09:31:22",81300
4370,-20,700,"bu","09:31:18",81000
4370,-20,300,"bu","09:31:18",80300
4370,-20,100,"bu","09:30:50",80000
4270,-120,700,"sd","09:28:47",79900
4270,-120,100,"sd","09:28:41",79200
4260,-130,100,"sd","09:27:50",79100
4220,-170,400,"sd","09:27:09",79000
4250,-140,600,"sd","09:27:09",78600
4350,-40,3900,"sd","09:23:38",78000
4210,-180,900,"sd","09:23:38",74100
4280,-110,1200,"sd","09:23:38",73200
4290,-100,200,"sd","09:23:38",72000
4290,-100,200,"sd","09:23:38",71800
4350,-40,500,"sd","09:23:38",71600
4350,-40,500,"sd","09:23:38",71100
4360,-30,5400,"sd","09:23:38",70600
4350,-40,1100,"sd","09:23:38",65200
4350,-40,10000,"sd","09:23:38",64100
4360,-30,600,"sd","09:23:38",54100
4390,0,100,"bu","09:23:00",53500
4390,0,1000,"sd","09:22:07",53400
4390,0,2000,"sd","09:22:07",52400
4390,0,500,"sd","09:22:07",50400
4390,0,300,"sd","09:22:07",49900
4390,0,100,"sd","09:22:07",49600
4390,0,5000,"sd","09:22:07",49500
4390,0,14000,"sd","09:22:07",44500
4390,0,16000,"sd","09:21:55",30500
4390,0,1000,"sd","09:21:55",14500
4400,10,1400,"sd","09:21:08",13500
4400,10,600,"sd","09:21:05",12100
4400,10,2000,"sd","09:21:05",11500
4400,10,1000,"sd","09:21:05",9500
4400,10,4400,"sd","09:21:05",8500
4410,20,100,"bu","09:20:38",4100
4400,10,100,"sd","09:20:32",4000
4410,20,500,"bu","09:20:19",3900
4410,20,100,"bu","09:20:00",3400
4400,10,500,"sd","09:19:49",3300
4410,20,300,"sd","09:19:39",2800
4390,0,500,"sd","09:17:26",2500
4400,10,1000,"sd","09:17:26",2000
4390,0,1000,"sd","09:15:00",1000
