"price","change","match_qtty","side","time","total_vol"
20.8,0.4,2900,"unknown","14:45:01",170900
20.8,0.4,5000,"bu","14:29:56",168000
20.8,0.4,1000,"bu","14:29:54",163000
20.8,0.4,1200,"bu","14:29:53",162000
20.75,0.35,3700,"bu","14:29:13",160800
20.75,0.35,100,"bu","14:29:05",157100
20.75,0.35,3000,"bu","14:28:43",157000
20.7,0.3,1500,"sd","14:27:13",154000
20.7,0.3,200,"sd","14:27:13",152500
20.7,0.3,400,"sd","14:27:13",152300
20.7,0.3,500,"sd","14:26:19",151900
20.7,0.3,100,"sd","14:23:05",151400
20.7,0.3,1000,"bu","14:22:15",151300
20.65,0.25,500,"sd","14:21:43",150300
20.65,0.25,100,"bu","14:21:39",149800
20.65,0.25,700,"sd","14:21:16",149700
20.65,0.25,100,"sd","14:21:06",149000
20.65,0.25,200,"sd","14:20:46",148900
20.6,0.2,700,"sd","14:20:02",148700
20.65,0.25,200,"bu","14:19:57",148000
20.65,0.25,100,"sd","14:19:34",147800
20.65,0.25,200,"sd","14:19:34",147700
20.65,0.25,100,"sd","14:19:34",147500
20.65,0.25,700,"sd","14:19:34",147400
20.65,0.25,100,"sd","14:19:34",146700
20.65,0.25,100,"sd","14:19:25",146600
20.65,0.25,300,"sd","14:16:37",146500
20.7,0.3,100,"sd","14:16:32",146200
20.7,0.3,100,"sd","14:16:32",146100
20.7,0.3,1800,"sd","14:16:32",146000
20.7,0.3,300,"sd","14:15:38",144200
20.7,0.3,200,"sd","14:15:38",143900
20.7,0.3,1000,"sd","14:15:37",143700
20.7,0.3,100,"sd","14:14:24",142700
20.7,0.3,900,"sd","14:13:57",142600
20.75,0.35,100,"sd","14:13:57",141700
20.7,0.3,100,"sd","14:11:09",141600
20.7,0.3,600,"sd","14:09:43",141500
20.7,0.3,100,"sd","14:09:43",140900
20.7,0.3,500,"sd","14:09:43",140800
20.75,0.35,400,"sd","14:07:49",140300
20.75,0.35,100,"sd","14:06:22",139900
20.7,0.3,100,"sd","14:04:28",139800
20.7,0.3,100,"sd","14:04:28",139700
20.7,0.3,400,"sd","14:04:24",139600
20.7,0.3,100,"sd","14:04:24",139200
20.75,0.35,500,"sd","14:03:35",139100
20.8,0.4,800,"bu","14:03:00",138600
20.8,0.4,400,"bu","14:00:02",137800
20.8,0.4,1500,"bu","13:59:44",137400
20.8,0.4,1200,"bu","13:59:32",135900
20.7,0.3,100,"sd","13:58:48",134700
20.7,0.3,500,"sd","13:58:48",134600
20.8,0.4,100,"bu","13:58:00",134100
20.8,0.4,400,"bu","13:57:41",134000
20.7,0.3,100,"sd","13:55:55",133600
20.75,0.35,400,"sd","13:55:55",133500
20.75,0.35,100,"bu","13:55:33",133100
20.75,0.35,100,"bu","13:54:18",133000
20.75,0.35,100,"bu","13:52:50",132900
20.75,0.35,100,"bu","13:52:42",132800
20.75,0.35,100,"bu","13:52:06",132700
20.75,0.35,500,"sd","13:50:20",132600
20.75,0.35,100,"sd","13:50:20",132100
20.8,0.4,200,"bu","13:47:55",132000
20.8,0.4,200,"bu","13:47:24",131800
20.8,0.4,3100,"bu","13:46:41",131600
20.8,0.4,700,"bu","13:46:41",128500
20.75,0.35,200,"sd","13:45:49",127800
20.75,0.35,300,"sd","13:45:49",127600
20.75,0.35,700,"sd","13:44:17",127300
20.75,0.35,500,"sd","13:44:17",126600
20.75,0.35,1000,"sd","13:44:17",126100
20.75,0.35,700,"sd","13:44:17",125100
20.75,0.35,300,"sd","13:44:14",124400
20.75,0.35,200,"sd","13:44:14",124100
20.75,0.35,800,"bu","13:35:57",123900
20.75,0.35,200,"bu","13:34:13",123100
20.75,0.35,100,"sd","13:28:26",122900
20.75,0.35,900,"sd","13:27:49",122800
20.75,0.35,100,"sd","13:27:49",121900
20.75,0.35,100,"sd","13:24:26",121800
20.75,0.35,100,"bu","13:20:48",121700
20.75,0.35,200,"bu","13:20:23",121600
20.75,0.35,300,"bu","13:20:23",121400
20.7,0.3,400,"bu","13:16:25",121100
20.7,0.3,100,"bu","13:16:20",120700
20.7,0.3,100,"bu","13:16:20",120600
20.7,0.3,500,"sd","13:14:36",120500
20.7,0.3,200,"sd","13:14:36",120000
20.7,0.3,100,"sd","13:14:16",119800
20.7,0.3,200,"sd","13:14:09",119700
20.7,0.3,500,"sd","13:13:52",119500
20.7,0.3,500,"sd","13:13:52",119000
20.75,0.35,1000,"bu","13:12:33",118500
20.8,0.4,300,"bu","13:10:39",117500
20.8,0.4,500,"bu","13:10:15",117200
20.8,0.4,1000,"bu","13:09:54",116700
20.8,0.4,1000,"bu","13:09:26",115700
20.7,0.3,300,"sd","13:08:55",114700
20.7,0.3,2300,"sd","13:07:17",114400
20.7,0.3,400,"sd","13:07:06",112100
20.7,0.3,500,"sd","13:06:41",111700
20.7,0.3,500,"sd","13:05:01",111200
20.7,0.3,400,"sd","13:04:34",110700
20.7,0.3,500,"sd","13:04:16",110300
20.7,0.3,100,"sd","13:04:12",109800
20.7,0.3,100,"sd","13:04:12",109700
20.75,0.35,100,"sd","13:03:03",109600
20.8,0.4,500,"sd","13:02:13",109500
20.8,0.4,1000,"sd","13:01:57",109000
20.8,0.4,2000,"sd","13:01:48",108000
20.85,0.45,100,"bu","13:01:43",106000
20.8,0.4,100,"sd","13:01:00",105900
20.8,0.4,100,"sd","13:00:56",105800
20.8,0.4,100,"sd","13:00:28",105700
20.8,0.4,1000,"sd","13:00:25",105600
20.8,0.4,500,"sd","13:00:13",104600
20.8,0.4,500,"sd","13:00:13",104100
20.8,0.4,5000,"sd","13:00:09",103600
20.8,0.4,100,"sd","13:00:06",98600
20.8,0.4,500,"sd","13:00:05",98500
20.8,0.4,500,"sd","13:00:04",98000
20.8,0.4,400,"sd","13:00:04",97500
20.8,0.4,100,"sd","13:00:03",97100
20.85,0.45,200,"bu","11:25:49",97000
20.85,0.45,400,"bu","11:20:10",96800
20.8,0.4,500,"sd","11:16:54",96400
20.8,0.4,100,"sd","11:16:30",95900
20.8,0.4,600,"sd","11:16:03",95800
20.8,0.4,100,"sd","11:15:24",95200
20.8,0.4,100,"sd","11:15:24",95100
20.8,0.4,400,"sd","11:15:24",95000
20.8,0.4,100,"sd","11:07:17",94600
20.8,0.4,100,"sd","11:00:52",94500
20.8,0.4,100,"sd","11:00:00",94400
20.85,0.45,100,"sd","10:55:41",94300
20.85,0.45,300,"sd","10:55:41",94200
20.85,0.45,500,"sd","10:55:41",93900
20.85,0.45,400,"sd","10:55:41",93400
20.85,0.45,100,"sd","10:54:59",93000
20.85,0.45,300,"sd","10:54:59",92900
20.9,0.5,200,"sd","10:50:49",92600
20.9,0.5,300,"sd","10:50:49",92400
20.9,0.5,300,"sd","10:50:49",92100
20.9,0.5,200,"sd","10:48:55",91800
20.9,0.5,100,"sd","10:48:55",91600
20.9,0.5,200,"sd","10:48:55",91500
20.9,0.5,500,"sd","10:48:55",91300
20.95,0.55,100,"bu","10:47:08",90800
20.95,0.55,100,"bu","10:45:34",90700
20.95,0.55,300,"sd","10:42:38",90600
20.95,0.55,200,"sd","10:42:38",90300
20.95,0.55,1000,"sd","10:42:27",90100
20.95,0.55,1000,"sd","10:41:46",89100
20.95,0.55,500,"sd","10:40:45",88100
20.95,0.55,1000,"sd","10:40:15",87600
21,0.6,4600,"sd","10:38:42",86600
21,0.6,100,"sd","10:38:20",82000
21,0.6,300,"sd","10:38:19",81900
21,0.6,200,"sd","10:38:19",81600
21.1,0.7,100,"bu","10:36:56",81400
21,0.6,300,"sd","10:35:50",81300
21,0.6,100,"sd","10:35:50",81000
21,0.6,200,"sd","10:35:50",80900
21,0.6,400,"sd","10:35:50",80700
21,0.6,1000,"sd","10:35:50",80300
21,0.6,200,"sd","10:35:48",79300
21,0.6,200,"sd","10:34:47",79100
21,0.6,1600,"sd","10:32:59",78900
21,0.6,200,"sd","10:32:59",77300
21.05,0.65,100,"sd","10:32:59",77100
21.05,0.65,100,"sd","10:32:18",77000
21.05,0.65,100,"sd","10:31:52",76900
21.1,0.7,100,"sd","10:31:28",76800
21.1,0.7,500,"sd","10:31:28",76700
21.1,0.7,1000,"sd","10:31:28",76200
21.15,0.75,300,"sd","10:30:34",75200
21.15,0.75,100,"sd","10:30:34",74900
21.15,0.75,300,"sd","10:30:20",74800
21.15,0.75,2000,"sd","10:30:20",74500
21.15,0.75,100,"sd","10:30:18",72500
21.2,0.8,500,"bu","10:28:46",72400
21.2,0.8,100,"bu","10:28:46",71900
21.2,0.8,500,"bu","10:28:46",71800
21.2,0.8,200,"bu","10:28:46",71300
21.2,0.8,300,"sd","10:24:00",71100
21.2,0.8,500,"sd","10:23:43",70800
21.2,0.8,100,"sd","10:23:04",70300
21.2,0.8,200,"bu","10:23:00",70200
21.2,0.8,700,"bu","10:22:59",70000
21.2,0.8,100,"bu","10:22:46",69300
21.2,0.8,200,"sd","10:21:36",69200
21.2,0.8,100,"bu","10:21:28",69000
21.2,0.8,100,"bu","10:21:28",68900
21.2,0.8,2100,"bu","10:21:27",68800
21.2,0.8,900,"bu","10:20:49",66700
21.2,0.8,100,"bu","10:20:49",65800
21.2,0.8,200,"bu","10:20:20",65700
21.2,0.8,100,"sd","10:20:13",65500
21.2,0.8,600,"sd","10:20:13",65400
21.3,0.9,100,"bu","10:14:14",64800
21.3,0.9,1100,"bu","10:14:14",64700
21.3,0.9,100,"bu","10:14:14",63600
21.3,0.9,200,"bu","10:14:14",63500
21.3,0.9,100,"bu","10:14:14",63300
21.3,0.9,100,"bu","10:14:14",63200
21.3,0.9,500,"bu","10:14:14",63100
21.3,0.9,300,"bu","10:13:31",62600
21.2,0.8,300,"sd","10:13:23",62300
21.2,0.8,100,"sd","10:13:23",62000
21.2,0.8,100,"sd","10:13:23",61900
21.2,0.8,500,"sd","10:13:23",61800
21.2,0.8,500,"bu","10:11:18",61300
21.2,0.8,100,"bu","10:11:16",60800
21.2,0.8,100,"sd","10:10:51",60700
21.2,0.8,100,"sd","10:10:51",60600
21.2,0.8,1000,"sd","10:10:51",60500
21.2,0.8,200,"sd","10:10:51",59500
21.2,0.8,500,"sd","10:10:13",59300
21.2,0.8,200,"sd","10:10:13",58800
21.25,0.85,300,"sd","10:10:13",58600
21.25,0.85,500,"bu","10:10:12",58300
21.25,0.85,200,"bu","10:10:12",57800
21.2,0.8,800,"bu","10:09:24",57600
21.2,0.8,1000,"bu","10:09:24",56800
21.2,0.8,100,"bu","10:09:24",55800
21.2,0.8,500,"bu","10:09:24",55700
21.2,0.8,200,"bu","10:09:24",55200
21.2,0.8,500,"bu","10:09:24",55000
21.2,0.8,200,"bu","10:09:24",54500
21.2,0.8,500,"bu","10:08:57",54300
21.2,0.8,300,"bu","10:08:40",53800
21.2,0.8,100,"bu","10:08:40",53500
21.2,0.8,100,"bu","10:08:40",53400
21.15,0.75,200,"sd","10:07:53",53300
21.1,0.7,300,"sd","10:06:20",53100
21.1,0.7,200,"sd","10:06:08",52800
21.1,0.7,900,"bu","10:05:36",52600
21.05,0.65,400,"sd","10:03:25",51700
21.05,0.65,600,"sd","10:02:18",51300
21.05,0.65,100,"sd","10:02:04",50700
21.05,0.65,600,"sd","10:01:48",50600
21.1,0.7,1400,"sd","10:00:03",50000
21.1,0.7,600,"bu","09:59:36",48600
21.15,0.75,200,"bu","09:58:21",48000
21.2,0.8,400,"bu","09:53:43",47800
21.2,0.8,100,"bu","09:53:43",47400
21.2,0.8,100,"bu","09:52:34",47300
21.3,0.9,200,"bu","09:49:45",47200
21.3,0.9,100,"sd","09:48:48",47000
21.4,1,1000,"sd","09:48:33",46900
21.4,1,800,"sd","09:48:33",45900
21.45,1.05,500,"bu","09:48:27",45100
21.45,1.05,500,"bu","09:48:11",44600
21.45,1.05,1400,"bu","09:47:49",44100
21.45,1.05,200,"bu","09:47:49",42700
21.45,1.05,900,"bu","09:47:49",42500
21.4,1,200,"sd","09:47:30",41600
21.4,1,100,"sd","09:47:30",41400
21.4,1,100,"sd","09:47:12",41300
21.45,1.05,500,"bu","09:47:00",41200
21.45,1.05,100,"bu","09:46:48",40700
21.45,1.05,500,"bu","09:46:43",40600
21.4,1,100,"bu","09:46:30",40100
21.4,1,100,"bu","09:46:30",40000
21.4,1,200,"bu","09:46:30",39900
21.4,1,200,"bu","09:46:30",39700
21.4,1,500,"bu","09:46:30",39500
21.4,1,200,"bu","09:45:49",39000
21.4,1,200,"bu","09:45:49",38800
21.3,0.9,100,"unknown","09:45:14",38600
21.2,0.8,100,"sd","09:44:54",38500
21.2,0.8,100,"bu","09:44:22",38400
21.2,0.8,500,"bu","09:44:22",38300
21.2,0.8,100,"bu","09:44:22",37800
21.2,0.8,300,"bu","09:44:22",37700
21.2,0.8,100,"bu","09:44:22",37400
21.2,0.8,1000,"bu","09:44:22",37300
21.2,0.8,200,"bu","09:44:22",36300
21.2,0.8,100,"bu","09:44:14",36100
21.2,0.8,300,"bu","09:44:08",36000
21.2,0.8,200,"bu","09:44:08",35700
21.2,0.8,500,"bu","09:44:08",35500
21.2,0.8,500,"bu","09:43:50",35000
21.1,0.7,100,"sd","09:43:17",34500
21.1,0.7,500,"bu","09:43:07",34400
21.1,0.7,100,"bu","09:43:07",33900
21.1,0.7,1000,"bu","09:43:07",33800
21.1,0.7,100,"bu","09:43:07",32800
21.1,0.7,100,"bu","09:43:07",32700
21.1,0.7,100,"bu","09:43:06",32600
21,0.6,100,"sd","09:42:39",32500
21,0.6,100,"bu","09:42:35",32400
21,0.6,200,"bu","09:42:35",32300
21,0.6,100,"bu","09:42:35",32100
21,0.6,100,"bu","09:42:35",32000
21,0.6,200,"bu","09:42:35",31900
21,0.6,200,"bu","09:42:35",31700
21,0.6,100,"bu","09:42:35",31500
20.95,0.55,500,"bu","09:41:55",31400
20.95,0.55,800,"bu","09:41:55",30900
20.9,0.5,100,"sd","09:41:49",30100
20.95,0.55,100,"bu","09:41:48",30000
20.95,0.55,100,"bu","09:41:48",29900
20.95,0.55,100,"bu","09:41:36",29800
20.9,0.5,300,"sd","09:40:43",29700
20.9,0.5,100,"bu","09:40:31",29400
20.9,0.5,200,"bu","09:40:31",29300
20.9,0.5,500,"bu","09:40:31",29100
20.85,0.45,1100,"unknown","09:40:11",28600
20.85,0.45,1000,"bu","09:39:45",27500
20.8,0.4,100,"bu","09:39:20",26500
20.8,0.4,100,"bu","09:39:10",26400
20.8,0.4,600,"bu","09:39:10",26300
20.8,0.4,500,"bu","09:39:10",25700
20.8,0.4,100,"bu","09:39:10",25200
20.8,0.4,400,"bu","09:39:10",25100
20.8,0.4,300,"bu","09:39:10",24700
20.75,0.35,300,"sd","09:38:58",24400
20.75,0.35,700,"sd","09:38:58",24100
20.75,0.35,100,"bu","09:38:23",23400
20.7,0.3,100,"sd","09:37:38",23300
20.6,0.2,200,"sd","09:33:46",23200
20.55,0.15,500,"bu","09:30:24",23000
20.55,0.15,2900,"bu","09:29:31",22500
20.5,0.1,100,"sd","09:29:16",19600
20.5,0.1,100,"sd","09:27:01",19500
20.5,0.1,1000,"sd","09:26:32",19400
20.55,0.15,100,"bu","09:25:59",18400
20.55,0.15,100,"bu","09:25:58",18300
20.55,0.15,100,"bu","09:25:28",18200
20.55,0.15,300,"bu","09:25:05",18100
20.5,0.1,3800,"bu","09:24:29",17800
20.5,0.1,1000,"bu","09:24:17",14000
20.5,0.1,200,"bu","09:23:35",13000
20.4,0,100,"sd","09:23:16",12800
20.4,0,500,"sd","09:19:34",12700
20.4,0,500,"sd","09:19:07",12200
20.4,0,700,"sd","09:17:32",11700
20.4,0,500,"sd","09:17:04",11000
20.4,0,2500,"sd","09:17:04",10500
20.4,0,1000,"sd","09:16:42",8000
20.4,0,1000,"sd","09:16:30",7000
20.4,0,5500,"sd","09:15:53",6000
20.5,0.1,100,"sd","09:15:53",500
20.6,0.2,400,"bu","09:15:00",400
