"price","change","match_qtty","side","time","total_vol"
21.1,-0.1,9100,"unknown","14:45:02",93500
20.9,-0.3,200,"sd","14:29:16",84400
21,-0.2,500,"bu","14:25:16",84200
21,-0.2,100,"bu","14:23:22",83700
20.9,-0.3,600,"sd","14:23:08",83600
20.9,-0.3,500,"bu","14:21:36",83000
20.9,-0.3,200,"bu","14:21:33",82500
20.9,-0.3,200,"bu","14:21:02",82300
20.8,-0.4,500,"sd","14:21:01",82100
20.9,-0.3,100,"bu","14:20:17",81600
20.9,-0.3,11900,"unknown","14:17:33",81500
21,-0.2,400,"sd","14:16:38",69600
21,-0.2,100,"sd","14:14:32",69200
21,-0.2,500,"sd","14:13:07",69100
21.1,-0.1,500,"bu","14:10:45",68600
21.1,-0.1,100,"bu","14:09:04",68100
21,-0.2,100,"sd","14:06:34",68000
21,-0.2,200,"sd","14:04:04",67900
21.1,-0.1,1300,"bu","14:01:32",67700
21,-0.2,2100,"bu","13:58:00",66400
21,-0.2,100,"bu","13:57:03",64300
21,-0.2,100,"bu","13:53:47",64200
21,-0.2,400,"bu","13:45:18",64100
21,-0.2,500,"bu","13:44:27",63700
20.9,-0.3,500,"sd","13:32:48",63200
20.9,-0.3,100,"sd","13:32:44",62700
20.9,-0.3,1000,"sd","13:31:50",62600
20.9,-0.3,5000,"sd","13:31:10",61600
20.9,-0.3,6000,"sd","13:30:13",56600
20.9,-0.3,500,"sd","13:27:45",50600
20.9,-0.3,300,"bu","13:23:46",50100
20.9,-0.3,100,"bu","13:22:36",49800
20.8,-0.4,100,"sd","13:22:22",49700
20.8,-0.4,200,"sd","13:17:13",49600
20.8,-0.4,500,"sd","13:16:21",49400
20.8,-0.4,500,"sd","13:15:13",48900
20.9,-0.3,100,"bu","13:07:25",48400
20.7,-0.5,500,"sd","13:05:18",48300
20.7,-0.5,2000,"sd","13:00:11",47800
20.7,-0.5,100,"sd","13:00:04",45800
20.7,-0.5,8000,"sd","11:26:49",45700
21.1,-0.1,100,"bu","11:16:33",37700
20.8,-0.4,200,"bu","11:15:43",37600
20.8,-0.4,200,"bu","11:15:19",37400
20.8,-0.4,500,"bu","11:14:50",37200
20.8,-0.4,500,"bu","11:13:57",36700
20.8,-0.4,200,"bu","11:13:21",36200
20.8,-0.4,1900,"sd","11:06:38",36000
20.8,-0.4,1000,"bu","11:06:26",34100
20.8,-0.4,500,"bu","11:05:37",33100
20.8,-0.4,2600,"sd","11:04:09",32600
20.8,-0.4,100,"sd","10:55:46",30000
20.8,-0.4,500,"sd","10:51:54",29900
20.8,-0.4,100,"sd","10:51:47",29400
20.9,-0.3,200,"sd","10:36:00",29300
20.9,-0.3,1000,"bu","10:35:00",29100
20.9,-0.3,1000,"bu","10:34:08",28100
20.9,-0.3,100,"bu","10:32:20",27100
20.9,-0.3,1000,"sd","10:31:04",27000
21,-0.2,400,"sd","10:29:45",26000
21,-0.2,500,"sd","10:29:40",25600
21,-0.2,1000,"sd","10:29:26",25100
21,-0.2,100,"bu","10:28:39",24100
21,-0.2,900,"bu","10:26:04",24000
21,-0.2,1000,"sd","10:17:07",23100
21,-0.2,1000,"sd","10:09:48",22100
21,-0.2,100,"sd","10:05:38",21100
21,-0.2,1500,"sd","10:02:50",21000
21,-0.2,5000,"sd","10:02:40",19500
21,-0.2,300,"sd","09:59:09",14500
21,-0.2,1000,"sd","09:58:48",14200
21,-0.2,3000,"sd","09:58:08",13200
21,-0.2,1500,"sd","09:57:43",10200
21,-0.2,200,"sd","09:55:52",8700
21.1,-0.1,100,"bu","09:53:32",8500
21.1,-0.1,1700,"sd","09:53:13",8400
21.1,-0.1,400,"sd","09:50:55",6700
21.1,-0.1,1000,"sd","09:50:12",6300
21.1,-0.1,500,"sd","09:48:42",5300
21.1,-0.1,1000,"sd","09:48:26",4800
21.2,0,500,"bu","09:48:14",3800
21.2,0,100,"bu","09:48:12",3300
21.2,0,1000,"bu","09:48:04",3200
21.3,0.1,100,"bu","09:45:04",2200
21.2,0,100,"bu","09:44:42",2100
21.5,0.3,100,"bu","09:28:13",2000
21.2,0,1200,"unknown","09:25:14",1900
21.2,0,200,"sd","09:24:00",700
21.2,0,100,"sd","09:17:40",500
21.2,0,300,"bu","09:16:04",400
21.2,0,100,"bu","09:15:35",100
