"price","change","match_qtty","side","time","total_vol"
112.9,0.7,13900,"unknown","14:45:03",267800
112.6,0.4,500,"bu","14:29:42",253900
112.6,0.4,500,"bu","14:29:34",253400
111,-1.2,300,"sd","14:29:30",252900
111.1,-1.1,100,"sd","14:29:30",252600
112.6,0.4,600,"bu","14:29:30",252500
111.1,-1.1,200,"sd","14:29:30",251900
111.1,-1.1,100,"sd","14:29:30",251700
112.6,0.4,400,"bu","14:29:30",251600
112.5,0.3,100,"bu","14:29:30",251200
112.5,0.3,500,"bu","14:29:29",251100
111.1,-1.1,500,"sd","14:29:15",250600
111.1,-1.1,100,"sd","14:29:15",250100
111.1,-1.1,100,"sd","14:29:15",250000
111.1,-1.1,100,"sd","14:29:15",249900
111.2,-1,500,"sd","14:28:23",249800
111.2,-1,100,"sd","14:28:23",249300
111.5,-0.7,200,"sd","14:28:22",249200
112.7,0.5,500,"bu","14:28:20",249000
112.7,0.5,100,"bu","14:28:20",248500
112.6,0.4,400,"bu","14:28:20",248400
111.1,-1.1,600,"sd","14:27:54",248000
111.1,-1.1,100,"sd","14:27:54",247400
112.6,0.4,500,"bu","14:27:51",247300
112.6,0.4,500,"bu","14:27:46",246800
112.6,0.4,500,"bu","14:27:46",246300
112.6,0.4,100,"bu","14:27:46",245800
112.5,0.3,100,"bu","14:27:46",245700
112.5,0.3,200,"bu","14:27:46",245600
112.5,0.3,100,"bu","14:27:46",245400
111,-1.2,100,"sd","14:26:05",245300
111.1,-1.1,500,"sd","14:26:05",245200
111.1,-1.1,100,"sd","14:26:05",244700
112.5,0.3,200,"bu","14:25:18",244600
112.5,0.3,100,"bu","14:25:18",244400
110.9,-1.3,200,"sd","14:24:49",244300
111,-1.2,700,"sd","14:24:49",244100
111,-1.2,800,"sd","14:24:40",243400
110.9,-1.3,800,"sd","14:24:26",242600
110.8,-1.4,800,"sd","14:24:15",241800
110.8,-1.4,700,"sd","14:23:58",241000
110.7,-1.5,300,"sd","14:23:49",240300
110.7,-1.5,200,"sd","14:23:49",240000
110.7,-1.5,100,"sd","14:23:49",239800
110.8,-1.4,100,"sd","14:23:49",239700
110.8,-1.4,100,"sd","14:23:49",239600
112.2,0,100,"sd","14:23:49",239500
112.5,0.3,500,"bu","14:23:36",239400
112.5,0.3,500,"bu","14:23:35",238900
112.5,0.3,500,"bu","14:23:33",238400
112.5,0.3,500,"sd","14:23:33",237900
112.7,0.5,400,"bu","14:23:28",237400
112.7,0.5,200,"bu","14:23:12",237000
112.7,0.5,400,"bu","14:23:10",236800
112.7,0.5,100,"bu","14:23:10",236400
112.6,0.4,1000,"bu","14:23:10",236300
112.6,0.4,500,"sd","14:23:09",235300
112.6,0.4,500,"sd","14:23:09",234800
112.7,0.5,500,"bu","14:23:00",234300
112.7,0.5,100,"bu","14:22:59",233800
112.7,0.5,100,"bu","14:22:59",233700
112.7,0.5,300,"bu","14:22:59",233600
112.7,0.5,300,"bu","14:22:58",233300
112.6,0.4,200,"bu","14:22:48",233000
112.6,0.4,200,"bu","14:22:48",232800
112.6,0.4,100,"bu","14:22:48",232600
112.6,0.4,1500,"bu","14:22:35",232500
112.6,0.4,100,"bu","14:22:34",231000
112.5,0.3,800,"sd","14:22:17",230900
112.5,0.3,700,"sd","14:22:06",230100
112.4,0.2,200,"sd","14:21:54",229400
112.4,0.2,100,"sd","14:21:54",229200
112.5,0.3,500,"sd","14:21:54",229100
112.5,0.3,200,"sd","14:21:38",228600
112.4,0.2,500,"sd","14:21:38",228400
112.6,0.4,300,"bu","14:21:38",227900
112.5,0.3,300,"sd","14:21:35",227600
112.5,0.3,500,"sd","14:21:17",227300
112.5,0.3,1500,"sd","14:21:17",226800
112.6,0.4,400,"bu","14:21:03",225300
112.6,0.4,100,"bu","14:21:03",224900
112.4,0.2,200,"sd","14:20:29",224800
112.5,0.3,500,"sd","14:20:29",224600
112.5,0.3,100,"sd","14:20:29",224100
112.6,0.4,1500,"bu","14:20:22",224000
112.5,0.3,100,"sd","14:20:19",222500
112.6,0.4,500,"bu","14:20:18",222400
112.5,0.3,300,"sd","14:20:12",221900
112.5,0.3,500,"sd","14:20:12",221600
112.6,0.4,1500,"bu","14:20:10",221100
112.6,0.4,300,"bu","14:20:08",219600
112.6,0.4,300,"bu","14:19:55",219300
112.5,0.3,200,"bu","14:19:45",219000
112.5,0.3,500,"sd","14:19:38",218800
112.5,0.3,300,"sd","14:19:38",218300
112.5,0.3,200,"sd","14:19:37",218000
112.5,0.3,100,"sd","14:19:37",217800
112.5,0.3,400,"sd","14:19:37",217700
112.5,0.3,500,"sd","14:19:21",217300
112.5,0.3,100,"sd","14:19:21",216800
112.5,0.3,200,"sd","14:19:21",216700
112.5,0.3,300,"sd","14:19:10",216500
112.5,0.3,500,"sd","14:19:10",216200
112.4,0.2,700,"sd","14:18:58",215700
112.3,0.1,400,"sd","14:18:42",215000
112.3,0.1,400,"sd","14:18:42",214600
112.7,0.5,100,"bu","14:18:38",214200
112.6,0.4,100,"bu","14:18:38",214100
112.6,0.4,1100,"bu","14:18:38",214000
112.5,0.3,200,"bu","14:18:38",212900
112.6,0.4,400,"bu","14:18:22",212700
112.6,0.4,100,"bu","14:18:22",212300
112.6,0.4,1000,"bu","14:18:22",212200
112.6,0.4,300,"bu","14:18:13",211200
112.3,0.1,800,"sd","14:18:09",210900
112.4,0.2,600,"sd","14:18:09",210100
112.6,0.4,700,"bu","14:18:06",209500
112.6,0.4,100,"bu","14:18:06",208800
112.6,0.4,500,"bu","14:18:06",208700
112.5,0.3,100,"bu","14:18:06",208200
112.5,0.3,100,"bu","14:18:06",208100
112.5,0.3,1500,"bu","14:17:52",208000
112.4,0.2,700,"sd","14:17:36",206500
112.4,0.2,200,"bu","14:17:31",205800
112.3,0.1,300,"bu","14:17:12",205600
112.2,0,200,"sd","14:17:07",205300
112.2,0,500,"sd","14:17:02",205100
112.2,0,700,"sd","14:16:56",204600
112.2,0,100,"sd","14:16:56",203900
112.2,0,700,"sd","14:16:43",203800
112.2,0,200,"sd","14:16:40",203100
112.2,0,100,"bu","14:16:36",202900
112.2,0,100,"bu","14:16:36",202800
112.1,-0.1,300,"bu","14:16:36",202700
110.6,-1.6,300,"sd","14:16:35",202400
110.7,-1.5,500,"sd","14:16:35",202100
112.1,-0.1,200,"bu","14:16:25",201600
110.6,-1.6,300,"sd","14:16:22",201400
111.4,-0.8,500,"sd","14:16:22",201100
110.5,-1.7,100,"sd","14:16:08",200600
110.5,-1.7,300,"sd","14:16:08",200500
110.5,-1.7,200,"sd","14:16:08",200200
110.6,-1.6,200,"unknown","14:16:08",200000
110.5,-1.7,300,"sd","14:15:54",199800
110.5,-1.7,500,"sd","14:15:54",199500
110.5,-1.7,300,"sd","14:15:43",199000
110.6,-1.6,100,"sd","14:15:43",198700
110.6,-1.6,200,"sd","14:15:43",198600
110.6,-1.6,100,"sd","14:15:43",198400
110.6,-1.6,100,"sd","14:15:43",198300
110.6,-1.6,100,"sd","14:15:43",198200
110.6,-1.6,400,"sd","14:15:30",198100
110.6,-1.6,100,"sd","14:15:30",197700
110.6,-1.6,100,"sd","14:15:30",197600
110.7,-1.5,200,"sd","14:15:30",197500
110.7,-1.5,800,"unknown","14:15:21",197300
110.7,-1.5,200,"sd","14:15:04",196500
110.7,-1.5,100,"sd","14:15:04",196300
110.7,-1.5,100,"sd","14:15:04",196200
110.7,-1.5,100,"sd","14:15:04",196100
110.7,-1.5,100,"sd","14:15:04",196000
110.8,-1.4,200,"sd","14:15:04",195900
110.8,-1.4,300,"sd","14:14:54",195700
110.9,-1.3,100,"sd","14:14:54",195400
110.9,-1.3,100,"sd","14:14:54",195300
112,-0.2,300,"sd","14:14:54",195200
112.5,0.3,200,"bu","14:14:44",194900
112.5,0.3,1300,"bu","14:14:07",194700
112.5,0.3,100,"bu","14:14:07",193400
112.5,0.3,200,"bu","14:14:07",193300
112.5,0.3,100,"bu","14:13:49",193100
112.5,0.3,200,"bu","14:13:38",193000
112.4,0.2,100,"bu","14:13:38",192800
112.3,0.1,100,"bu","14:13:38",192700
112.3,0.1,100,"bu","14:13:38",192600
112.3,0.1,200,"bu","14:13:38",192500
112.2,0,100,"bu","14:13:38",192300
112.1,-0.1,200,"bu","14:13:38",192200
112,-0.2,400,"bu","14:13:32",192000
112,-0.2,300,"bu","14:13:26",191600
112,-0.2,400,"bu","14:13:26",191300
112,-0.2,200,"bu","14:13:01",190900
112.1,-0.1,100,"bu","14:11:15",190700
112.1,-0.1,300,"bu","14:09:25",190600
112.1,-0.1,100,"bu","14:08:08",190300
112.1,-0.1,200,"bu","14:07:44",190200
112.2,0,200,"bu","14:06:04",190000
112.2,0,500,"bu","14:05:05",189800
112.2,0,500,"bu","14:04:20",189300
112.1,-0.1,200,"bu","14:04:18",188800
110.6,-1.6,100,"sd","14:02:59",188600
112.4,0.2,100,"bu","14:02:47",188500
110.6,-1.6,800,"sd","14:02:44",188400
112.5,0.3,100,"bu","14:02:31",187600
112.5,0.3,100,"bu","14:02:31",187500
110.5,-1.7,200,"sd","14:02:27",187400
110.5,-1.7,100,"sd","14:02:27",187200
110.6,-1.6,100,"sd","14:02:27",187100
110.9,-1.3,100,"sd","14:02:27",187000
111,-1.2,100,"sd","14:02:27",186900
111,-1.2,200,"sd","14:02:27",186800
111.1,-1.1,100,"bu","14:02:21",186600
111,-1.2,100,"sd","14:02:15",186500
111,-1.2,600,"sd","14:02:15",186400
111.1,-1.1,100,"sd","14:02:06",185800
111.2,-1,100,"bu","14:02:05",185700
111.1,-1.1,100,"sd","14:02:03",185600
111.1,-1.1,200,"sd","14:02:03",185000
111.1,-1.1,500,"sd","14:02:03",185500
111.2,-1,200,"sd","14:01:59",184800
111.2,-1,100,"sd","14:01:49",184600
111.2,-1,200,"sd","14:01:49",184500
111.2,-1,100,"sd","14:01:49",184300
111.3,-0.9,100,"sd","14:01:49",184200
111.3,-0.9,300,"sd","14:01:49",184100
111.2,-1,100,"sd","14:01:11",183800
111.2,-1,100,"sd","14:01:11",183700
111.3,-0.9,200,"sd","14:01:11",183600
111.4,-0.8,100,"sd","14:01:11",183400
111.5,-0.7,200,"sd","14:01:11",183300
111.5,-0.7,100,"sd","14:01:11",183100
112.6,0.4,100,"bu","14:00:48",183000
111.5,-0.7,800,"sd","14:00:39",182900
111.5,-0.7,200,"sd","14:00:36",182100
111.5,-0.7,100,"sd","14:00:35",181900
111.6,-0.6,100,"sd","14:00:35",181800
111.6,-0.6,100,"sd","14:00:35",181700
111.8,-0.4,100,"sd","14:00:35",181600
112,-0.2,100,"sd","14:00:35",181500
112,-0.2,100,"sd","14:00:35",181400
112.6,0.4,900,"bu","14:00:22",181300
112.6,0.4,100,"bu","14:00:22",180400
112.6,0.4,100,"bu","13:59:03",180300
112.6,0.4,700,"bu","13:57:29",180200
112.5,0.3,100,"bu","13:57:29",179500
112.5,0.3,100,"bu","13:57:13",179400
112.5,0.3,200,"bu","13:55:26",179300
112.5,0.3,100,"bu","13:54:53",179100
112.6,0.4,200,"bu","13:54:18",179000
112.6,0.4,100,"bu","13:54:18",178800
112.6,0.4,100,"bu","13:54:18",178700
112.5,0.3,200,"bu","13:54:18",178600
112.5,0.3,200,"bu","13:54:18",178400
112.5,0.3,100,"bu","13:53:39",178200
112.5,0.3,500,"bu","13:53:17",178100
112.5,0.3,500,"bu","13:52:48",177600
112.5,0.3,200,"bu","13:51:54",177100
112.5,0.3,200,"bu","13:50:13",176900
112.5,0.3,200,"bu","13:48:29",176700
112.5,0.3,200,"bu","13:46:45",176500
112.6,0.4,200,"bu","13:44:56",176300
112.6,0.4,200,"bu","13:43:12",176100
112.5,0.3,100,"sd","13:42:10",175900
112.6,0.4,200,"bu","13:41:33",175800
112.6,0.4,600,"bu","13:41:33",175600
112.5,0.3,100,"bu","13:41:25",175000
112.6,0.4,100,"bu","13:40:53",174900
112.6,0.4,600,"bu","13:40:53",174800
112.6,0.4,100,"bu","13:40:34",174200
112.6,0.4,100,"bu","13:40:34",174100
112.6,0.4,700,"bu","13:40:34",174000
112.6,0.4,200,"bu","13:40:34",173300
112.5,0.3,400,"bu","13:40:34",173100
112.5,0.3,600,"bu","13:40:28",172700
112.5,0.3,100,"bu","13:40:28",172100
112.5,0.3,100,"bu","13:40:28",172000
112.5,0.3,800,"bu","13:40:16",171900
112.5,0.3,600,"bu","13:39:57",171100
112.5,0.3,100,"bu","13:39:57",170500
112.5,0.3,100,"bu","13:39:38",170400
112.5,0.3,100,"bu","13:39:38",170300
112.5,0.3,100,"bu","13:37:54",170200
112.5,0.3,100,"bu","13:37:54",170100
112.5,0.3,100,"bu","13:37:54",170000
112,-0.2,200,"sd","13:36:16",169900
112,-0.2,700,"sd","13:36:16",169700
112,-0.2,100,"sd","13:36:16",169000
112.5,0.3,200,"bu","13:36:06",168900
112.5,0.3,300,"bu","13:34:17",168700
112.5,0.3,200,"bu","13:32:30",168400
112.5,0.3,1800,"bu","13:31:44",168200
112.4,0.2,100,"bu","13:31:44",166400
112.4,0.2,100,"bu","13:31:44",166300
112.4,0.2,100,"bu","13:30:44",166200
112.4,0.2,100,"bu","13:30:44",166100
112.4,0.2,200,"bu","13:29:01",166000
112.4,0.2,200,"bu","13:27:18",165800
112.4,0.2,200,"bu","13:26:31",165600
112.4,0.2,800,"bu","13:26:31",165400
112.4,0.2,200,"bu","13:25:29",164600
112.4,0.2,100,"bu","13:25:29",164400
112.5,0.3,300,"bu","13:23:40",164300
112.5,0.3,200,"bu","13:21:52",164000
112.5,0.3,200,"bu","13:20:47",163800
112.5,0.3,300,"bu","13:20:47",163600
112.5,0.3,100,"bu","13:20:40",163300
112.4,0.2,400,"bu","13:20:40",163200
112.4,0.2,900,"bu","13:20:39",162800
112.4,0.2,200,"bu","13:20:09",161900
112.4,0.2,500,"bu","13:19:51",161700
112.4,0.2,100,"bu","13:19:36",161200
112.4,0.2,400,"bu","13:19:36",161100
112.4,0.2,600,"bu","13:19:26",160700
112.3,0.1,200,"bu","13:19:26",160100
112.4,0.2,200,"bu","13:18:23",159900
112.4,0.2,800,"bu","13:16:57",159700
112.4,0.2,700,"bu","13:16:39",158900
112.4,0.2,100,"bu","13:16:37",158200
112.4,0.2,200,"bu","13:16:02",158100
112.4,0.2,100,"bu","13:16:02",157900
112.3,0.1,200,"bu","13:16:02",157800
112.4,0.2,500,"bu","13:15:23",157600
112.4,0.2,500,"bu","13:15:02",157100
112.4,0.2,500,"bu","13:14:53",156600
112.4,0.2,200,"bu","13:14:50",156100
112,-0.2,300,"sd","13:13:26",155900
112.4,0.2,200,"bu","13:13:08",155600
112.5,0.3,500,"bu","13:12:48",155400
112.5,0.3,200,"bu","13:11:25",154900
112.5,0.3,100,"bu","13:09:42",154700
112.5,0.3,300,"bu","13:08:08",154600
112.5,0.3,400,"bu","13:08:08",154300
112.5,0.3,200,"bu","13:07:54",153900
112.5,0.3,900,"bu","13:07:42",153700
112.5,0.3,100,"bu","13:07:12",152800
112.4,0.2,100,"bu","13:07:12",152700
112.4,0.2,100,"bu","13:07:12",152600
112.4,0.2,200,"bu","13:07:12",152500
112.4,0.2,300,"bu","13:07:03",152300
112.4,0.2,100,"bu","13:07:03",152000
112.4,0.2,100,"bu","13:07:03",151900
112.4,0.2,500,"bu","13:06:53",151800
112.4,0.2,100,"bu","13:06:45",151300
112.4,0.2,400,"bu","13:06:45",151200
112.4,0.2,500,"bu","13:06:18",150800
112.4,0.2,500,"bu","13:06:11",150300
112.4,0.2,100,"bu","13:06:05",149800
112.4,0.2,100,"bu","13:06:05",149700
112.4,0.2,100,"bu","13:05:59",149600
112.3,0.1,400,"bu","13:05:59",149500
112.3,0.1,500,"bu","13:05:51",149100
112.3,0.1,100,"bu","13:05:41",148600
112.3,0.1,400,"bu","13:05:41",148500
112,-0.2,200,"sd","13:04:52",148100
112,-0.2,100,"sd","13:04:46",147900
112.3,0.1,200,"bu","13:04:20",147800
112.3,0.1,700,"bu","13:03:55",147600
112.3,0.1,100,"bu","13:02:36",146900
112,-0.2,100,"sd","13:02:34",146800
112.3,0.1,500,"bu","13:01:46",146700
112.3,0.1,500,"bu","13:01:27",146200
112,-0.2,100,"sd","13:01:21",145700
112.4,0.2,500,"bu","13:01:16",145600
112.3,0.1,100,"bu","13:01:09",145100
112.3,0.1,200,"bu","13:01:09",145000
112.3,0.1,200,"bu","13:01:09",144800
112.3,0.1,1300,"bu","13:00:59",144600
112.3,0.1,1700,"bu","13:00:59",143300
112.3,0.1,100,"bu","13:00:57",141600
112.2,0,400,"bu","13:00:57",141500
112,-0.2,100,"sd","13:00:56",141100
112.2,0,200,"bu","13:00:48",141000
112.2,0,100,"sd","13:00:43",140800
112.2,0,300,"sd","13:00:43",140700
112.2,0,100,"sd","13:00:25",140400
112.2,0,300,"sd","13:00:25",140300
112.2,0,700,"bu","13:00:21",140000
112.3,0.1,100,"bu","11:27:25",139300
112.3,0.1,100,"bu","11:25:43",139200
112.3,0.1,100,"bu","11:23:54",139100
112.4,0.2,100,"bu","11:22:13",139000
112.4,0.2,100,"bu","11:20:33",138900
112.3,0.1,100,"sd","11:20:10",138800
112.4,0.2,500,"bu","11:19:08",138700
112.4,0.2,100,"bu","11:18:59",138200
112.4,0.2,400,"bu","11:18:59",138100
112.4,0.2,300,"bu","11:18:56",137700
112.4,0.2,200,"bu","11:18:56",137400
112.3,0.1,100,"bu","11:18:48",137200
112.3,0.1,100,"bu","11:18:48",137100
112.3,0.1,200,"bu","11:18:48",137000
112.3,0.1,100,"bu","11:18:46",136800
112.3,0.1,400,"bu","11:18:42",136700
112.3,0.1,300,"bu","11:18:42",136300
112.3,0.1,500,"bu","11:18:29",136000
112.3,0.1,200,"bu","11:17:33",135500
112.3,0.1,300,"bu","11:17:33",135300
112.3,0.1,200,"bu","11:17:06",135000
112.3,0.1,500,"bu","11:16:16",134800
112.3,0.1,200,"bu","11:15:19",134300
112.3,0.1,200,"bu","11:13:34",134100
112.3,0.1,200,"bu","11:12:35",133900
112.2,0,100,"bu","11:12:35",133700
112.2,0,200,"bu","11:12:35",133600
112.2,0,500,"bu","11:12:30",133400
112.2,0,300,"bu","11:12:30",132900
112.2,0,100,"bu","11:11:46",132600
112.2,0,200,"bu","11:10:21",132500
112.2,0,100,"bu","11:09:57",132300
112.3,0.1,100,"bu","11:08:12",132200
112.3,0.1,100,"bu","11:06:26",132100
112.3,0.1,200,"bu","11:04:37",132000
112.4,0.2,100,"bu","11:02:53",131800
112.4,0.2,100,"bu","11:01:09",131700
111.2,-1,200,"bu","11:00:32",131600
111.2,-1,200,"sd","10:59:55",131400
112.2,0,300,"sd","10:59:55",131200
112.4,0.2,100,"bu","10:59:26",130900
112.3,0.1,100,"sd","10:59:00",130800
112.4,0.2,500,"bu","10:58:24",130700
112.3,0.1,100,"bu","10:58:00",130200
112.3,0.1,100,"bu","10:58:00",130100
112.3,0.1,200,"bu","10:58:00",130000
112.3,0.1,300,"bu","10:57:46",129800
112.3,0.1,200,"bu","10:57:46",129500
112.3,0.1,100,"bu","10:57:41",129300
112.3,0.1,500,"bu","10:57:20",129200
112.3,0.1,500,"bu","10:56:55",128700
112.3,0.1,200,"bu","10:56:29",128200
112.3,0.1,100,"bu","10:56:29",128000
112.3,0.1,200,"bu","10:56:28",127900
112.3,0.1,100,"bu","10:55:53",127700
112.3,0.1,500,"bu","10:55:44",127600
112.2,0,200,"bu","10:55:25",127100
112.2,0,500,"bu","10:54:58",126900
111.2,-1,200,"bu","10:54:40",126400
111.2,-1,100,"bu","10:54:40",126200
111.2,-1,100,"bu","10:54:24",126100
111.2,-1,100,"bu","10:54:12",126000
111.2,-1,500,"bu","10:54:00",125900
111.2,-1,500,"bu","10:53:50",125400
111.2,-1,100,"bu","10:53:43",124900
111.2,-1,100,"bu","10:53:02",124800
111.2,-1,100,"bu","10:53:02",124700
111.2,-1,300,"bu","10:53:02",124600
111.2,-1,100,"bu","10:52:22",124300
111.2,-1,300,"bu","10:51:56",124200
111.2,-1,200,"bu","10:51:56",123900
111.2,-1,500,"bu","10:51:16",123700
111.2,-1,100,"bu","10:50:49",123200
111.2,-1,500,"bu","10:50:38",123100
111.2,-1,100,"bu","10:50:33",122600
111.2,-1,100,"bu","10:49:23",122500
111,-1.2,100,"sd","10:49:02",122400
111.1,-1.1,100,"sd","10:49:02",122300
111.1,-1.1,100,"sd","10:49:02",122200
111.1,-1.1,300,"sd","10:49:02",122100
111.1,-1.1,200,"sd","10:49:02",121800
111.5,-0.7,200,"bu","10:48:52",121600
111.2,-1,100,"sd","10:48:52",121400
112.3,0.1,200,"bu","10:48:51",121300
112.3,0.1,200,"sd","10:48:46",121100
112.4,0.2,500,"bu","10:47:36",120900
112.4,0.2,100,"bu","10:47:07",120400
112.4,0.2,100,"bu","10:47:07",120300
112.4,0.2,500,"bu","10:46:49",120200
112.3,0.1,100,"bu","10:46:17",119700
112.3,0.1,200,"bu","10:46:17",119600
112.3,0.1,500,"bu","10:45:58",119400
112.3,0.1,200,"bu","10:45:19",118900
112.3,0.1,500,"bu","10:45:16",118700
112.3,0.1,100,"bu","10:45:11",118200
112.3,0.1,700,"bu","10:45:11",118100
112.3,0.1,200,"bu","10:45:11",117400
112.3,0.1,300,"bu","10:44:45",117200
112.3,0.1,200,"bu","10:44:45",116900
112.3,0.1,500,"bu","10:44:29",116700
112.3,0.1,500,"bu","10:44:07",116200
112.3,0.1,500,"bu","10:43:34",115700
112.3,0.1,200,"bu","10:43:32",115200
112.3,0.1,200,"bu","10:43:08",115000
112.3,0.1,300,"bu","10:43:08",114800
112.3,0.1,400,"bu","10:42:53",114500
112.3,0.1,100,"bu","10:42:53",114100
112.4,0.2,100,"bu","10:42:09",114000
112.4,0.2,400,"bu","10:42:09",113900
112.4,0.2,200,"bu","10:41:46",113500
112.5,0.3,100,"sd","10:41:29",113300
112.5,0.3,100,"bu","10:41:12",113200
112.5,0.3,300,"bu","10:41:12",113100
112.5,0.3,400,"bu","10:40:38",112800
112.5,0.3,100,"bu","10:40:38",112400
112.5,0.3,100,"sd","10:40:20",112300
112.6,0.4,100,"bu","10:40:06",112200
112.5,0.3,400,"bu","10:39:54",112100
112.5,0.3,600,"bu","10:39:52",111700
112.5,0.3,100,"bu","10:39:52",111100
111.6,-0.6,100,"bu","10:39:52",111000
111.5,-0.7,300,"bu","10:39:20",110900
111.5,-0.7,200,"bu","10:38:42",110600
111.5,-0.7,300,"bu","10:38:42",110400
111.5,-0.7,500,"bu","10:38:31",110100
111.5,-0.7,100,"bu","10:38:25",109600
111.5,-0.7,100,"bu","10:38:23",109500
111,-1.2,300,"sd","10:38:20",109400
111.2,-1,500,"sd","10:38:20",109100
111.2,-1,500,"sd","10:38:20",108600
111.4,-0.8,100,"sd","10:38:20",108100
111.5,-0.7,500,"bu","10:38:19",108000
111.5,-0.7,500,"sd","10:37:44",107500
111.6,-0.6,100,"sd","10:37:34",107000
112.6,0.4,100,"bu","10:36:38",106900
112.6,0.4,300,"bu","10:36:36",106800
112.6,0.4,100,"bu","10:36:36",106500
112.6,0.4,100,"bu","10:36:36",106400
112.6,0.4,500,"bu","10:36:13",106300
112.6,0.4,100,"bu","10:35:59",105800
112.6,0.4,400,"bu","10:35:59",105700
112.6,0.4,300,"bu","10:35:29",105300
112.6,0.4,100,"bu","10:35:29",105000
112.6,0.4,100,"bu","10:35:29",104900
112.6,0.4,500,"bu","10:35:18",104800
112.6,0.4,100,"bu","10:35:06",104300
112.6,0.4,400,"bu","10:35:06",104200
112.6,0.4,200,"bu","10:34:52",103800
112.6,0.4,100,"bu","10:34:45",103600
112.6,0.4,400,"bu","10:34:45",103500
112.6,0.4,500,"bu","10:33:51",103100
112.6,0.4,100,"bu","10:33:07",102600
112.6,0.4,500,"bu","10:32:33",102500
112.7,0.5,100,"bu","10:31:40",102000
112.7,0.5,400,"bu","10:31:40",101900
112.8,0.6,200,"bu","10:31:23",101500
111.2,-1,100,"sd","10:31:20",101300
111.6,-0.6,100,"sd","10:31:20",101200
111.6,-0.6,100,"sd","10:31:20",101100
111.7,-0.5,300,"sd","10:31:20",101000
112.2,0,100,"sd","10:31:20",100700
112.8,0.6,300,"bu","10:31:09",100600
112.8,0.6,100,"bu","10:31:09",100300
112.1,-0.1,100,"bu","10:31:09",100200
112.1,-0.1,200,"sd","10:31:09",100100
112.1,-0.1,500,"sd","10:30:50",99900
112.1,-0.1,100,"sd","10:30:42",99400
112.7,0.5,400,"sd","10:30:42",99300
112.7,0.5,100,"bu","10:30:37",98900
112.7,0.5,100,"bu","10:30:35",98800
112.1,-0.1,500,"sd","10:30:02",98700
112.7,0.5,500,"bu","10:29:51",98200
112.1,-0.1,100,"sd","10:29:50",97700
112.1,-0.1,100,"sd","10:29:47",97600
112.1,-0.1,600,"sd","10:29:47",97500
112.1,-0.1,500,"sd","10:29:40",96900
112.8,0.6,200,"bu","10:29:37",96400
112.2,0,200,"sd","10:29:33",96200
112.2,0,100,"sd","10:29:33",96000
112.1,-0.1,200,"sd","10:29:33",95900
112.2,0,500,"sd","10:29:25",95700
112.2,0,100,"sd","10:29:23",95200
112.2,0,400,"sd","10:29:20",95100
112.2,0,300,"sd","10:29:20",94700
112.2,0,500,"sd","10:29:18",94400
112.2,0,500,"sd","10:29:12",93900
112.6,0.4,300,"sd","10:28:57",93400
112.7,0.5,200,"sd","10:28:57",93100
112.8,0.6,500,"bu","10:28:49",92900
112.8,0.6,100,"bu","10:27:55",92400
112.8,0.6,800,"bu","10:27:28",92300
112.8,0.6,700,"bu","10:27:28",91500
112.8,0.6,1300,"bu","10:27:03",90800
112.8,0.6,200,"bu","10:27:03",89500
112.8,0.6,1400,"bu","10:26:49",89300
112.8,0.6,100,"bu","10:26:49",87900
112.7,0.5,300,"sd","10:26:31",87800
112.7,0.5,1000,"bu","10:26:23",87500
112.7,0.5,1000,"sd","10:26:20",86500
112.8,0.6,100,"bu","10:26:14",85500
112.7,0.5,500,"bu","10:26:09",85400
112.7,0.5,1000,"bu","10:25:54",84900
112.7,0.5,500,"bu","10:25:54",83900
112.7,0.5,1000,"bu","10:25:42",83400
112.7,0.5,500,"bu","10:25:33",82400
112.7,0.5,500,"bu","10:25:33",81900
112.7,0.5,600,"bu","10:25:23",81400
112.7,0.5,400,"bu","10:25:23",80800
112.7,0.5,1000,"bu","10:25:05",80400
112.6,0.4,700,"bu","10:24:49",79400
112.6,0.4,1000,"bu","10:24:34",78700
112.6,0.4,100,"bu","10:24:27",77700
112.6,0.4,200,"sd","10:24:06",77600
112.7,0.5,100,"bu","10:24:01",77400
112.7,0.5,700,"bu","10:24:01",77300
112.7,0.5,100,"bu","10:24:01",76600
112.7,0.5,100,"bu","10:24:01",76500
112.6,0.4,100,"sd","10:23:56",76400
112.7,0.5,500,"bu","10:23:51",76300
112.7,0.5,500,"bu","10:23:51",75800
112.6,0.4,500,"sd","10:23:38",75300
112.6,0.4,200,"bu","10:23:33",74800
112.6,0.4,100,"bu","10:23:27",74600
112.6,0.4,200,"bu","10:23:15",74500
112.6,0.4,800,"bu","10:23:15",74300
112.6,0.4,1000,"bu","10:22:48",73500
112.6,0.4,100,"bu","10:22:46",72500
112.2,0,200,"sd","10:22:35",72400
112.2,0,1400,"sd","10:22:35",72200
112.3,0.1,1000,"sd","10:22:35",70800
112.5,0.3,1000,"sd","10:22:35",69800
112.6,0.4,100,"sd","10:22:33",68800
112.7,0.5,500,"bu","10:22:16",68700
112.7,0.5,500,"bu","10:21:52",68200
112.7,0.5,100,"bu","10:21:18",67700
112.7,0.5,100,"bu","10:21:18",67600
112.7,0.5,300,"bu","10:21:18",67500
112.7,0.5,100,"bu","10:21:02",67200
112.7,0.5,500,"bu","10:20:50",67100
112.7,0.5,500,"bu","10:20:25",66600
112.6,0.4,400,"bu","10:19:37",66100
112.6,0.4,100,"bu","10:19:14",65700
112.7,0.5,500,"bu","10:18:33",65600
112.7,0.5,100,"bu","10:18:24",65100
112.7,0.5,400,"bu","10:18:11",65000
112.7,0.5,500,"bu","10:17:53",64600
112.7,0.5,100,"bu","10:17:32",64100
112.7,0.5,500,"bu","10:17:23",64000
112.7,0.5,500,"bu","10:17:11",63500
112.7,0.5,100,"bu","10:17:09",63000
112.7,0.5,500,"bu","10:16:57",62900
112.7,0.5,400,"bu","10:16:53",62400
112.7,0.5,100,"bu","10:16:46",62000
112.7,0.5,500,"bu","10:16:28",61900
112.7,0.5,500,"bu","10:16:03",61400
112.7,0.5,100,"bu","10:16:02",60900
112.7,0.5,100,"bu","10:16:02",60800
112.7,0.5,500,"bu","10:15:42",60700
112.7,0.5,300,"bu","10:15:17",60200
112.7,0.5,200,"bu","10:15:17",59900
112.7,0.5,500,"bu","10:15:01",59700
112.7,0.5,500,"bu","10:14:40",59200
112.7,0.5,800,"bu","10:14:30",58700
112.7,0.5,900,"bu","10:14:29",57900
112.6,0.4,100,"sd","10:14:13",57000
112.6,0.4,500,"bu","10:14:13",56900
112.5,0.3,100,"sd","10:13:42",56400
112.6,0.4,200,"bu","10:13:30",56300
112.6,0.4,500,"bu","10:13:27",56100
112.5,0.3,600,"sd","10:13:17",55600
112.6,0.4,1200,"sd","10:12:59",55000
112.7,0.5,500,"bu","10:12:53",53800
112.7,0.5,100,"bu","10:12:31",53300
112.6,0.4,100,"sd","10:12:31",53200
112.6,0.4,200,"sd","10:11:41",53100
112.6,0.4,400,"sd","10:11:41",52900
112.6,0.4,1100,"bu","10:11:16",52500
112.6,0.4,1000,"sd","10:11:00",51400
112.7,0.5,100,"bu","10:10:46",50400
112.6,0.4,500,"bu","10:10:39",50300
112.6,0.4,1500,"bu","10:10:07",49800
112.5,0.3,100,"bu","10:09:50",48300
112.5,0.3,100,"sd","10:09:45",48200
112.6,0.4,100,"sd","10:09:45",48100
112.6,0.4,1400,"bu","10:09:40",48000
112.5,0.3,100,"sd","10:09:35",46600
112.6,0.4,700,"bu","10:09:30",46500
112.6,0.4,800,"bu","10:09:30",45800
112.6,0.4,100,"bu","10:09:06",45000
112.5,0.3,100,"sd","10:09:03",44900
112.6,0.4,600,"sd","10:09:00",44800
112.6,0.4,100,"bu","10:09:00",44200
112.6,0.4,800,"bu","10:09:00",44100
112.6,0.4,700,"bu","10:08:44",43300
112.6,0.4,800,"bu","10:08:44",42600
112.6,0.4,100,"bu","10:08:21",41800
112.6,0.4,200,"bu","10:08:21",41700
112.6,0.4,300,"bu","10:08:21",41500
112.6,0.4,100,"bu","10:08:21",41200
112.5,0.3,100,"bu","10:08:17",41100
112.5,0.3,1000,"bu","10:08:17",41000
112.5,0.3,200,"bu","10:08:17",40000
112.5,0.3,1500,"bu","10:07:56",39800
112.5,0.3,1500,"bu","10:07:33",38300
112.4,0.2,100,"sd","10:07:23",36800
112.5,0.3,100,"bu","10:07:19",36700
112.5,0.3,200,"bu","10:07:01",36600
112.5,0.3,300,"bu","10:07:01",36400
112.5,0.3,200,"bu","10:06:37",36100
112.5,0.3,100,"bu","10:06:37",35900
112.5,0.3,700,"bu","10:06:37",35800
112.4,0.2,100,"sd","10:06:25",35100
112.4,0.2,100,"bu","10:05:43",35000
112.3,0.1,100,"bu","10:05:38",34900
112.4,0.2,100,"unknown","10:04:37",34800
112.4,0.2,400,"bu","10:04:19",34700
112.4,0.2,100,"bu","10:03:53",34300
112.4,0.2,1500,"bu","10:03:25",34200
112.5,0.3,300,"bu","10:02:53",32700
112.4,0.2,100,"bu","10:02:53",32400
112.4,0.2,100,"bu","10:02:53",32300
112.4,0.2,500,"bu","10:02:16",32200
112.4,0.2,400,"bu","10:02:10",31700
112.4,0.2,100,"bu","10:02:10",31300
112.4,0.2,200,"bu","10:02:10",31200
112.4,0.2,100,"bu","10:02:10",31000
112.2,0,100,"sd","10:02:04",30900
112.2,0,400,"sd","10:02:04",30800
112.4,0.2,900,"bu","10:01:43",30400
112.4,0.2,700,"bu","10:01:24",29500
112.4,0.2,100,"bu","10:00:41",28800
112.4,0.2,100,"bu","10:00:41",28700
112.2,0,100,"sd","10:00:14",28600
112.4,0.2,100,"bu","10:00:11",28500
112.4,0.2,500,"bu","10:00:11",28400
112.4,0.2,900,"bu","10:00:11",27900
112.4,0.2,700,"bu","10:00:00",27000
112.4,0.2,100,"bu","10:00:00",26300
112.4,0.2,600,"bu","09:59:45",26200
112.4,0.2,200,"bu","09:59:45",25600
112.3,0.1,300,"sd","09:59:44",25400
112.3,0.1,1200,"bu","09:59:40",25100
112.2,0,100,"sd","09:59:28",23900
112.2,0,900,"bu","09:58:58",23800
112.2,0,100,"bu","09:58:53",22900
112.2,0,1500,"bu","09:58:42",22800
112.1,-0.1,200,"bu","09:58:04",21300
112.1,-0.1,100,"bu","09:57:14",21100
112.2,0,500,"bu","09:56:46",21000
112.2,0,100,"bu","09:55:33",20500
112.3,0.1,100,"bu","09:53:46",20400
112.2,0,100,"sd","09:53:30",20300
112.3,0.1,100,"bu","09:51:57",20200
112.3,0.1,600,"sd","09:51:34",20100
112.4,0.2,300,"bu","09:51:21",19500
112.4,0.2,200,"bu","09:51:21",19200
112.4,0.2,100,"bu","09:50:13",19000
112.4,0.2,100,"bu","09:48:55",18900
112.4,0.2,100,"bu","09:48:24",18800
112.3,0.1,600,"sd","09:47:10",18700
112.4,0.2,500,"bu","09:46:58",18100
112.4,0.2,100,"bu","09:46:36",17600
112.4,0.2,100,"bu","09:44:47",17500
112.3,0.1,300,"bu","09:44:13",17400
112.3,0.1,400,"bu","09:43:56",17100
112.3,0.1,1000,"bu","09:43:56",16700
112.3,0.1,100,"bu","09:43:56",15700
112.3,0.1,500,"bu","09:43:06",15600
112.3,0.1,500,"bu","09:43:06",15100
112.3,0.1,100,"bu","09:42:57",14600
112.3,0.1,100,"bu","09:41:16",14500
112.3,0.1,100,"bu","09:40:33",14400
112.3,0.1,1000,"bu","09:40:13",14300
112.3,0.1,700,"sd","09:40:10",13300
112.4,0.2,100,"bu","09:39:34",12600
112.4,0.2,100,"bu","09:38:52",12500
112.4,0.2,400,"bu","09:38:37",12400
112.4,0.2,100,"bu","09:38:37",12000
112.3,0.1,300,"bu","09:38:13",11900
112.3,0.1,100,"bu","09:38:01",11600
112.3,0.1,100,"bu","09:38:01",11500
112.3,0.1,1500,"bu","09:38:01",11400
112.3,0.1,300,"bu","09:38:01",9900
112.3,0.1,100,"bu","09:37:45",9600
112.2,0,700,"bu","09:37:09",9500
112.2,0,100,"bu","09:37:09",8800
112.2,0,100,"bu","09:37:09",8700
112.2,0,900,"bu","09:37:09",8600
112.2,0,500,"bu","09:37:03",7700
112,-0.2,100,"bu","09:36:40",7200
112,-0.2,100,"bu","09:36:37",7100
112,-0.2,500,"bu","09:36:34",7000
112,-0.2,100,"bu","09:36:31",6500
112,-0.2,700,"bu","09:36:31",6400
112,-0.2,100,"bu","09:36:31",5700
112,-0.2,100,"bu","09:35:57",5600
112,-0.2,100,"bu","09:35:44",5500
112,-0.2,500,"bu","09:35:08",5400
112,-0.2,100,"bu","09:34:25",4900
112,-0.2,100,"bu","09:34:25",4800
111.9,-0.3,100,"bu","09:34:25",4700
111.9,-0.3,200,"bu","09:34:25",4600
111.9,-0.3,100,"bu","09:34:12",4400
111.9,-0.3,100,"bu","09:32:25",4300
111.9,-0.3,300,"bu","09:32:19",4200
111.9,-0.3,200,"bu","09:32:19",3900
111.2,-1,100,"sd","09:31:49",3700
111.9,-0.3,100,"bu","09:30:42",3600
111.9,-0.3,200,"bu","09:30:29",3500
111.9,-0.3,100,"bu","09:28:59",3300
111.9,-0.3,100,"bu","09:27:15",3200
111.9,-0.3,100,"bu","09:25:32",3100
112,-0.2,100,"bu","09:23:47",3000
112,-0.2,400,"bu","09:22:46",2900
111.2,-1,100,"sd","09:22:37",2500
112,-0.2,100,"bu","09:21:57",2400
112.2,0,100,"sd","09:20:31",2300
112.2,0,100,"bu","09:20:09",2200
112.3,0.1,100,"bu","09:18:26",2100
112.2,0,200,"bu","09:17:53",2000
112.2,0,200,"bu","09:17:53",1800
112.2,0,100,"bu","09:17:53",1600
112.2,0,100,"bu","09:17:53",1500
112.2,0,100,"bu","09:17:53",1400
112.2,0,100,"bu","09:16:46",1300
112.2,0,200,"bu","09:15:06",1200
112.1,-0.1,1000,"unknown","09:15:02",1000
