"price","change","match_qtty","side","time","total_vol"
9.6,-0.2,400,"bu","14:50:46",48200
9.6,-0.2,500,"bu","14:47:43",47800
9.6,-0.2,200,"bu","14:33:23",47300
9.6,-0.2,900,"sd","14:31:05",47100
9.6,-0.2,1100,"bu","14:31:01",46200
9.6,-0.2,500,"bu","14:30:56",45100
9.6,-0.2,200,"bu","14:27:13",44600
9.6,-0.2,600,"bu","14:21:43",44400
9.6,-0.2,2600,"sd","14:16:00",43800
9.6,-0.2,1000,"sd","14:15:49",41200
9.6,-0.2,1000,"sd","14:15:09",40200
9.6,-0.2,300,"sd","14:11:35",39200
9.6,-0.2,1500,"sd","14:10:46",38900
9.6,-0.2,1700,"sd","14:09:13",37400
9.6,-0.2,700,"bu","13:58:18",35700
9.6,-0.2,100,"bu","13:58:11",35000
9.6,-0.2,500,"sd","13:57:56",34900
9.5,-0.3,800,"sd","13:56:14",34400
9.6,-0.2,9800,"bu","13:53:09",33600
9.7,-0.1,100,"bu","13:52:36",23800
9.7,-0.1,100,"bu","13:28:24",23700
9.7,-0.1,100,"bu","13:24:27",23600
9.7,-0.1,100,"bu","13:22:14",23500
9.7,-0.1,100,"bu","13:21:15",23400
9.7,-0.1,500,"bu","13:11:49",23300
9.8,0,100,"bu","13:00:09",22800
9.7,-0.1,300,"bu","11:20:00",22700
9.7,-0.1,700,"sd","11:15:14",22400
9.7,-0.1,500,"sd","11:14:06",21700
9.8,0,100,"bu","11:13:33",21200
9.7,-0.1,300,"sd","11:07:35",21100
9.7,-0.1,1000,"bu","10:50:08",20800
9.7,-0.1,3000,"bu","10:49:01",19800
9.7,-0.1,500,"bu","10:48:57",16800
9.7,-0.1,100,"bu","10:48:51",16300
9.7,-0.1,1800,"bu","10:41:50",16200
9.7,-0.1,100,"bu","10:39:02",14400
9.7,-0.1,100,"bu","10:26:18",14300
9.7,-0.1,100,"bu","10:24:30",14200
9.6,-0.2,200,"sd","10:22:10",14100
9.7,-0.1,400,"bu","10:18:45",13900
9.7,-0.1,200,"sd","10:05:13",13500
9.7,-0.1,400,"bu","10:02:21",13300
9.7,-0.1,1600,"bu","10:01:45",12900
9.7,-0.1,1000,"unknown","09:54:36",11300
9.7,-0.1,100,"bu","09:52:43",10300
9.7,-0.1,100,"bu","09:52:27",10200
9.7,-0.1,2800,"sd","09:51:59",10100
9.7,-0.1,800,"sd","09:49:00",7300
9.8,0,100,"bu","09:48:58",6500
9.7,-0.1,700,"unknown","09:44:26",6400
9.7,-0.1,200,"bu","09:42:56",5700
9.7,-0.1,700,"bu","09:38:40",5500
9.8,0,1000,"bu","09:29:35",4800
9.8,0,100,"bu","09:19:23",3800
9.9,0.1,1700,"bu","09:07:45",3700
9.9,0.1,1900,"sd","09:05:45",2000
9.9,0.1,100,"bu","09:01:08",100
