"price","change","match_qtty","side","time","total_vol"
26050,50,37000,"bu","14:45:00",594600
25950,-50,1800,"sd","14:29:11",557600
26000,0,700,"bu","14:28:52",555800
26000,0,100,"bu","14:28:52",555100
26000,0,700,"bu","14:28:52",555000
26000,0,1000,"sd","14:27:37",554300
26000,0,400,"sd","14:27:37",553300
26000,0,600,"sd","14:27:08",552900
26000,0,500,"sd","14:27:08",552300
26000,0,300,"sd","14:26:47",551800
26050,50,100,"bu","14:26:00",551500
26000,0,1200,"sd","14:24:02",551400
26000,0,300,"sd","14:24:02",550200
26000,0,500,"sd","14:24:02",549900
26000,0,1500,"bu","14:23:23",549400
26000,0,100,"bu","14:22:43",547900
26000,0,400,"bu","14:22:03",547800
26000,0,100,"bu","14:22:03",547400
26000,0,100,"bu","14:21:58",547300
26000,0,1000,"bu","14:21:58",547200
26000,0,200,"bu","14:21:58",546200
26000,0,200,"bu","14:21:58",546000
26000,0,1000,"bu","14:20:40",545800
26000,0,3200,"bu","14:20:13",544800
26000,0,200,"bu","14:20:13",541600
26000,0,600,"bu","14:20:13",541400
26000,0,500,"bu","14:20:13",540800
26000,0,100,"bu","14:20:13",540300
26000,0,1000,"bu","14:20:13",540200
26000,0,200,"bu","14:20:13",539200
26000,0,500,"bu","14:20:13",539000
26000,0,400,"bu","14:20:13",538500
26000,0,1100,"bu","14:20:13",538100
26000,0,500,"bu","14:20:13",537000
26000,0,600,"bu","14:20:13",536500
26000,0,1100,"bu","14:20:13",535900
26000,0,400,"bu","14:20:08",534800
26000,0,200,"bu","14:20:08",534400
26000,0,600,"bu","14:20:03",534200
25950,-50,1000,"bu","14:19:38",533600
25950,-50,100,"bu","14:19:38",532600
25900,-100,200,"unknown","14:17:41",532500
25850,-150,200,"sd","14:15:08",532300
25850,-150,100,"sd","14:12:28",532100
25850,-150,400,"sd","14:12:28",532000
25850,-150,100,"sd","14:11:31",531600
25850,-150,100,"bu","14:10:33",531500
25850,-150,100,"bu","14:06:46",531400
25850,-150,800,"sd","14:06:32",531300
25850,-150,200,"sd","14:05:29",530500
25850,-150,500,"sd","14:05:26",530300
25850,-150,500,"sd","14:05:26",529800
25900,-100,2000,"sd","14:04:59",529300
25900,-100,100,"sd","14:03:09",527300
25900,-100,900,"sd","14:01:14",527200
25900,-100,100,"sd","14:01:14",526300
25900,-100,1000,"sd","14:01:14",526200
25950,-50,500,"bu","14:00:58",525200
25950,-50,3700,"sd","14:00:22",524700
25950,-50,3000,"sd","14:00:22",521000
25950,-50,800,"sd","14:00:22",518000
25950,-50,200,"bu","13:58:18",517200
25950,-50,2000,"bu","13:57:58",517000
25950,-50,6700,"bu","13:56:25",515000
25950,-50,500,"bu","13:55:56",508300
25950,-50,200,"bu","13:55:34",507800
25950,-50,1000,"bu","13:55:11",507600
25950,-50,200,"bu","13:55:07",506600
25950,-50,9200,"sd","13:50:58",506400
26000,0,2000,"bu","13:50:54",497200
26000,0,300,"bu","13:50:45",495200
26000,0,1000,"bu","13:50:28",494900
26000,0,1700,"bu","13:48:17",493900
26000,0,10000,"sd","13:47:57",492200
26000,0,4200,"sd","13:47:57",482200
26000,0,800,"sd","13:47:55",478000
26000,0,1200,"sd","13:47:55",477200
26000,0,1000,"bu","13:47:19",476000
26000,0,300,"bu","13:47:19",475000
26000,0,200,"bu","13:47:11",474700
26000,0,800,"bu","13:47:11",474500
26000,0,100,"bu","13:47:10",473700
26000,0,4000,"bu","13:47:03",473600
26000,0,11500,"bu","13:46:10",469600
25950,-50,800,"bu","13:45:53",458100
25950,-50,500,"sd","13:45:29",457300
25950,-50,500,"sd","13:45:29",456800
25950,-50,4600,"bu","13:45:00",456300
25950,-50,2100,"bu","13:44:54",451700
25950,-50,1100,"bu","13:44:47",449600
25750,-250,800,"sd","13:43:04",448500
25900,-100,100,"sd","13:43:04",447700
25900,-100,2000,"sd","13:43:04",447600
25900,-100,100,"sd","13:43:04",445600
25900,-100,17000,"sd","13:43:04",445500
25950,-50,900,"bu","13:41:51",428500
25950,-50,700,"bu","13:41:37",427600
25950,-50,10000,"bu","13:41:26",426900
25900,-100,700,"sd","13:41:10",416900
25950,-50,200,"bu","13:41:03",416200
25950,-50,200,"sd","13:40:38",416000
25950,-50,200,"sd","13:40:38",415800
26000,0,100,"sd","13:40:33",415600
26000,0,2900,"sd","13:40:33",415500
26000,0,600,"sd","13:40:33",412600
26000,0,200,"sd","13:40:13",412000
26000,0,1000,"sd","13:39:15",411800
26000,0,1000,"sd","13:39:15",410800
26000,0,3000,"sd","13:38:26",409800
26000,0,2000,"sd","13:38:26",406800
26000,0,200,"sd","13:38:18",404800
26000,0,800,"bu","13:38:10",404600
26000,0,100,"bu","13:37:45",403800
26000,0,100,"sd","13:37:42",403700
26000,0,100,"sd","13:37:34",403600
26000,0,500,"sd","13:37:34",403500
26000,0,800,"sd","13:37:34",403000
26000,0,600,"sd","13:37:34",402200
26050,50,1000,"bu","13:37:22",401600
26050,50,800,"bu","13:37:22",400600
26000,0,400,"sd","13:37:17",399800
26000,0,200,"sd","13:36:48",399400
26000,0,800,"sd","13:36:30",399200
26000,0,200,"sd","13:36:30",398400
26000,0,100,"bu","13:35:49",398200
26000,0,100,"bu","13:35:49",398100
26000,0,1000,"bu","13:35:22",398000
26000,0,1000,"bu","13:35:16",397000
26000,0,1500,"bu","13:35:15",396000
26000,0,500,"bu","13:35:09",394500
26000,0,900,"bu","13:35:05",394000
26000,0,100,"bu","13:35:05",393100
26000,0,200,"bu","13:34:50",393000
26000,0,100,"bu","13:34:39",392800
26000,0,100,"bu","13:34:29",392700
26000,0,2600,"bu","13:34:29",392600
26000,0,100,"bu","13:34:29",390000
26000,0,300,"bu","13:34:29",389900
26000,0,500,"bu","13:34:29",389600
26000,0,600,"bu","13:34:29",389100
26000,0,300,"bu","13:34:29",388500
26000,0,500,"bu","13:34:29",388200
26000,0,500,"bu","13:34:11",387700
26000,0,2500,"bu","13:34:11",387200
26000,0,800,"bu","13:34:10",384700
26000,0,500,"bu","13:34:03",383900
26000,0,1200,"bu","13:33:33",383400
26000,0,100,"bu","13:33:33",382200
26000,0,300,"bu","13:33:33",382100
26000,0,10800,"bu","13:33:33",381800
26000,0,100,"bu","13:33:33",371000
26000,0,500,"bu","13:33:33",370900
26000,0,100,"bu","13:33:33",370400
26000,0,100,"bu","13:33:33",370300
26000,0,200,"bu","13:33:33",370200
26000,0,1500,"bu","13:33:33",370000
26000,0,200,"bu","13:33:33",368500
26000,0,1500,"bu","13:33:33",368300
26000,0,200,"bu","13:33:33",366800
26000,0,200,"bu","13:33:33",366600
26000,0,400,"bu","13:33:33",366400
26000,0,100,"bu","13:33:33",366000
26000,0,2000,"bu","13:33:33",365900
26000,0,200,"bu","13:33:33",363900
26000,0,100,"bu","13:33:33",363700
26000,0,200,"bu","13:33:33",363600
25900,-100,500,"bu","13:33:28",363400
25850,-150,1000,"bu","13:33:28",362900
25800,-200,800,"bu","13:33:28",361900
25800,-200,20000,"bu","13:33:24",361100
25750,-250,400,"sd","13:32:18",341100
25750,-250,1500,"bu","13:32:00",340700
25750,-250,10000,"bu","13:31:57",339200
25750,-250,3400,"bu","13:31:52",329200
25700,-300,4400,"bu","13:30:54",325800
25700,-300,5000,"bu","13:30:54",321400
25700,-300,100,"bu","13:30:45",316400
25700,-300,5000,"bu","13:30:40",316300
25700,-300,2000,"bu","13:30:34",311300
25700,-300,100,"bu","13:30:28",309300
25700,-300,500,"bu","13:30:24",309200
25700,-300,300,"bu","13:30:12",308700
25650,-350,2000,"sd","13:29:47",308400
25700,-300,300,"sd","13:28:53",306400
25700,-300,2300,"sd","13:28:53",306100
25750,-250,100,"sd","13:28:48",303800
25750,-250,1300,"sd","13:28:48",303700
25750,-250,1400,"sd","13:28:48",302400
25750,-250,1700,"sd","13:28:48",301000
25750,-250,300,"sd","13:28:48",299300
25750,-250,300,"sd","13:28:48",299000
25750,-250,400,"sd","13:27:26",298700
25850,-150,200,"bu","13:26:56",298300
25850,-150,1000,"bu","13:25:26",298100
25950,-50,600,"sd","13:24:11",297100
25950,-50,400,"bu","13:24:10",296500
25950,-50,100,"sd","13:24:01",296100
25950,-50,1000,"sd","13:24:01",296000
25950,-50,200,"sd","13:24:01",295000
25950,-50,2800,"bu","13:21:58",294800
25900,-100,300,"unknown","13:21:09",292000
25900,-100,500,"unknown","13:21:09",291700
25900,-100,200,"unknown","13:21:09",291200
25900,-100,200,"bu","13:21:09",291000
25900,-100,200,"bu","13:21:09",290800
25900,-100,11400,"bu","13:21:09",290600
25850,-150,200,"bu","13:21:09",279200
25950,-50,5900,"bu","13:21:09",279000
25950,-50,1000,"bu","13:21:09",273100
25950,-50,100,"bu","13:21:09",272100
25850,-150,100,"bu","13:21:09",272000
25750,-250,4300,"bu","13:20:16",271900
25750,-250,3500,"bu","13:19:30",267600
25700,-300,500,"sd","13:18:32",264100
25700,-300,500,"bu","13:17:42",263600
25700,-300,1000,"bu","13:17:42",263100
25700,-300,500,"bu","13:17:42",262100
25700,-300,200,"bu","13:17:42",261600
25700,-300,100,"bu","13:17:34",261400
25700,-300,2000,"bu","13:17:30",261300
25700,-300,5000,"bu","13:17:10",259300
25700,-300,100,"bu","13:16:38",254300
25650,-350,3000,"sd","13:15:24",254200
25650,-350,200,"sd","13:13:27",251200
25650,-350,1000,"bu","13:10:07",251000
25650,-350,100,"bu","13:10:07",250000
25650,-350,300,"bu","13:10:07",249900
25600,-400,1000,"sd","13:08:19",249600
25600,-400,1700,"sd","13:04:25",248600
25600,-400,100,"sd","13:04:25",246900
25600,-400,1200,"sd","13:04:25",246800
25600,-400,100,"sd","13:03:28",245600
25600,-400,500,"sd","13:02:56",245500
25600,-400,500,"sd","13:02:32",245000
25600,-400,500,"sd","13:02:16",244500
25650,-350,100,"bu","13:01:54",244000
25600,-400,200,"sd","13:01:51",243900
25600,-400,500,"sd","13:01:51",243700
25600,-400,2000,"sd","13:01:51",243200
25600,-400,2300,"sd","13:01:51",241200
25650,-350,100,"bu","13:01:30",238900
25600,-400,100,"sd","13:00:21",238800
25600,-400,600,"sd","13:00:02",238700
25600,-400,400,"sd","13:00:02",238100
25600,-400,100,"sd","13:00:00",237700
25600,-400,1500,"sd","11:26:53",237600
25600,-400,1000,"sd","11:26:53",236100
25600,-400,10000,"sd","11:26:53",235100
25600,-400,2500,"sd","11:26:53",225100
25600,-400,300,"sd","11:25:23",222600
25600,-400,200,"bu","11:23:15",222300
25600,-400,3000,"bu","11:23:08",222100
25600,-400,100,"bu","11:20:13",219100
25600,-400,3600,"bu","11:19:22",219000
25600,-400,2000,"bu","11:18:48",215400
25600,-400,100,"bu","11:18:30",213400
25600,-400,200,"bu","11:18:30",213300
25600,-400,1000,"bu","11:18:30",213100
25600,-400,300,"bu","11:18:30",212100
25600,-400,100,"bu","11:18:30",211800
25600,-400,1000,"bu","11:18:30",211700
25600,-400,100,"bu","11:18:30",210700
25600,-400,3000,"bu","11:18:30",210600
25650,-350,100,"bu","11:18:30",207600
25650,-350,100,"bu","11:18:30",207500
25650,-350,100,"unknown","11:18:30",207400
25700,-300,100,"sd","11:16:32",207300
25700,-300,2400,"sd","11:16:32",207200
25750,-250,100,"sd","11:16:32",204800
25850,-150,200,"bu","11:10:13",204700
25850,-150,500,"bu","11:10:13",204500
25800,-200,300,"bu","11:10:13",204000
25800,-200,100,"bu","11:10:02",203700
25800,-200,100,"bu","11:06:13",203600
25800,-200,5000,"bu","11:00:01",203500
25800,-200,200,"sd","10:59:44",198500
25800,-200,4500,"sd","10:59:44",198300
25800,-200,10000,"sd","10:59:44",193800
25800,-200,300,"sd","10:59:44",183800
25850,-150,500,"sd","10:55:01",183500
25850,-150,2000,"sd","10:55:01",183000
25850,-150,600,"sd","10:53:37",181000
25850,-150,2400,"sd","10:53:27",180400
25850,-150,800,"sd","10:53:27",178000
25850,-150,1000,"sd","10:53:14",177200
25850,-150,3300,"sd","10:52:03",176200
25900,-100,1600,"sd","10:52:03",172900
25950,-50,100,"bu","10:51:45",171300
25950,-50,100,"bu","10:51:45",171200
25950,-50,900,"bu","10:51:20",171100
25950,-50,100,"bu","10:51:20",170200
25950,-50,400,"bu","10:51:20",170100
25900,-100,100,"bu","10:51:03",169700
25900,-100,1900,"bu","10:51:03",169600
25900,-100,100,"bu","10:51:03",167700
25900,-100,11300,"bu","10:51:03",167600
25850,-150,1000,"sd","10:50:12",156300
25850,-150,1000,"sd","10:48:00",155300
25900,-100,2000,"bu","10:47:39",154300
25850,-150,200,"sd","10:46:20",152300
25850,-150,200,"sd","10:45:41",152100
25900,-100,600,"sd","10:43:34",151900
25900,-100,3900,"sd","10:43:34",151300
25900,-100,200,"sd","10:42:50",147400
25950,-50,100,"bu","10:41:30",147200
25900,-100,100,"bu","10:39:15",147100
25900,-100,500,"bu","10:35:34",147000
25900,-100,5000,"bu","10:35:34",146500
25900,-100,400,"bu","10:35:34",141500
25900,-100,200,"bu","10:35:34",141100
25900,-100,100,"bu","10:35:34",140900
25900,-100,300,"bu","10:35:34",140800
25900,-100,100,"bu","10:35:34",140500
25850,-150,100,"sd","10:34:18",140400
25850,-150,100,"sd","10:33:06",140300
25850,-150,800,"sd","10:32:47",140200
25900,-100,100,"sd","10:28:12",139400
25900,-100,200,"sd","10:28:12",139300
25900,-100,300,"sd","10:28:03",139100
25900,-100,100,"sd","10:28:03",138800
25900,-100,100,"sd","10:27:17",138700
25900,-100,900,"bu","10:27:16",138600
25900,-100,5100,"bu","10:26:57",137700
25900,-100,200,"bu","10:26:57",132600
25900,-100,1200,"bu","10:26:57",132400
25850,-150,1000,"sd","10:26:47",131200
25900,-100,800,"bu","10:26:10",130200
25900,-100,1000,"bu","10:25:42",129400
25900,-100,400,"sd","10:25:41",128400
25900,-100,1000,"sd","10:25:41",128000
25900,-100,100,"sd","10:25:41",127000
25900,-100,500,"sd","10:25:41",126900
25900,-100,100,"sd","10:21:51",126400
25900,-100,200,"bu","10:19:11",126300
25900,-100,100,"bu","10:18:45",126100
25900,-100,100,"bu","10:18:34",126000
25900,-100,300,"bu","10:18:34",125900
25850,-150,9200,"bu","10:18:34",125600
25850,-150,400,"bu","10:18:34",116400
25800,-200,200,"sd","10:15:54",116000
25800,-200,100,"sd","10:15:31",115800
25850,-150,100,"bu","10:14:37",115700
25800,-200,8900,"bu","10:14:25",115600
25800,-200,500,"bu","10:14:25",106700
25700,-300,200,"bu","10:14:20",106200
25700,-300,6800,"bu","10:14:20",106000
25700,-300,600,"bu","10:14:20",99200
25600,-400,300,"sd","10:14:06",98600
25600,-400,100,"sd","10:13:54",98300
25600,-400,1600,"sd","10:13:27",98200
25600,-400,5700,"sd","10:13:27",96600
25600,-400,100,"sd","10:12:19",90900
25600,-400,1000,"sd","10:08:29",90800
25600,-400,100,"sd","10:07:19",89800
25700,-300,1000,"bu","10:04:59",89700
25700,-300,8400,"bu","10:04:44",88700
25700,-300,500,"bu","10:04:44",80300
25700,-300,500,"bu","10:04:44",79800
25700,-300,500,"bu","10:04:44",79300
25650,-350,100,"bu","10:04:44",78800
25600,-400,1200,"bu","10:04:38",78700
25550,-450,1900,"bu","10:04:38",77500
25550,-450,1000,"sd","10:04:38",75600
25550,-450,1000,"sd","10:04:38",74600
25550,-450,200,"sd","10:04:38",73600
25600,-400,700,"sd","10:04:20",73400
25600,-400,200,"bu","10:02:39",72700
25600,-400,500,"bu","10:02:39",72500
25600,-400,2000,"bu","10:02:03",72000
25600,-400,1500,"bu","10:01:43",70000
25550,-450,500,"sd","10:01:39",68500
25600,-400,100,"bu","10:01:33",68000
25600,-400,100,"bu","10:01:22",67900
25600,-400,1300,"bu","10:01:05",67800
25600,-400,3700,"bu","10:01:05",66500
25550,-450,100,"bu","09:59:07",62800
25550,-450,1000,"bu","09:59:05",62700
25550,-450,100,"bu","09:58:52",61700
25550,-450,1000,"bu","09:55:52",61600
25550,-450,200,"sd","09:53:49",60600
25550,-450,100,"sd","09:53:23",60400
25550,-450,200,"sd","09:53:19",60300
25550,-450,500,"sd","09:53:01",60100
25600,-400,100,"bu","09:51:15",59600
25600,-400,2000,"sd","09:50:55",59500
25600,-400,4200,"sd","09:50:55",57500
25600,-400,800,"sd","09:49:17",53300
25650,-350,200,"sd","09:49:17",52500
25650,-350,800,"sd","09:48:26",52300
25650,-350,100,"sd","09:48:26",51500
25650,-350,1000,"sd","09:48:26",51400
25650,-350,100,"sd","09:48:26",50400
25650,-350,1000,"sd","09:47:54",50300
25650,-350,1000,"sd","09:46:30",49300
25650,-350,1000,"sd","09:46:06",48300
25650,-350,1000,"sd","09:45:22",47300
25650,-350,1000,"bu","09:45:22",46300
25700,-300,1000,"bu","09:43:24",45300
25700,-300,1000,"sd","09:43:04",44300
25700,-300,700,"sd","09:42:55",43300
25700,-300,1000,"sd","09:41:42",42600
25700,-300,300,"sd","09:40:40",41600
25800,-200,900,"sd","09:39:52",41300
25800,-200,1000,"sd","09:39:49",40400
25800,-200,100,"sd","09:39:23",39400
25800,-200,300,"sd","09:39:23",39300
25800,-200,200,"sd","09:37:24",39000
25800,-200,100,"sd","09:37:22",38800
25800,-200,100,"sd","09:36:53",38300
25800,-200,400,"sd","09:36:53",38700
25900,-100,800,"sd","09:35:42",38200
25900,-100,100,"sd","09:35:24",37400
25900,-100,200,"sd","09:35:16",37300
25900,-100,600,"sd","09:35:04",37100
26000,0,200,"sd","09:32:17",36500
26000,0,1000,"sd","09:32:17",36300
26000,0,600,"sd","09:32:17",35300
26000,0,400,"sd","09:31:35",34700
26000,0,100,"sd","09:31:35",34300
26050,50,700,"bu","09:28:23",34200
26050,50,300,"bu","09:28:13",33500
26050,50,200,"sd","09:27:25",33200
26050,50,5900,"sd","09:27:25",33000
26100,100,500,"sd","09:27:25",27100
26100,100,3900,"sd","09:27:25",26600
26100,100,500,"sd","09:26:59",22700
26100,100,200,"sd","09:26:59",22200
26100,100,300,"sd","09:26:59",22000
26100,100,100,"bu","09:26:59",21700
26050,50,100,"sd","09:26:36",21600
26050,50,100,"sd","09:26:20",21500
26050,50,900,"sd","09:25:20",21400
26050,50,200,"sd","09:25:20",20500
26050,50,100,"sd","09:23:03",20300
26100,100,1000,"bu","09:22:57",20200
26100,100,300,"bu","09:22:50",19200
26100,100,400,"bu","09:22:14",18900
26100,100,100,"bu","09:22:14",18500
26100,100,500,"bu","09:22:14",18400
26100,100,700,"bu","09:22:14",17900
26100,100,500,"bu","09:22:14",17200
26050,50,100,"bu","09:22:14",16700
26050,50,200,"bu","09:22:14",16600
26050,50,100,"bu","09:22:14",16400
26050,50,900,"bu","09:21:46",16300
26000,0,300,"sd","09:21:19",15400
26000,0,100,"sd","09:21:04",15100
26000,0,900,"sd","09:21:04",15000
26000,0,3500,"sd","09:21:02",14100
26000,0,600,"sd","09:19:41",10600
26000,0,100,"sd","09:19:41",10000
26000,0,100,"sd","09:19:41",9900
26000,0,600,"sd","09:19:41",9800
26000,0,100,"sd","09:19:41",9200
26100,100,500,"bu","09:19:18",9100
26100,100,400,"bu","09:19:18",8600
26100,100,100,"bu","09:19:18",8200
26100,100,2400,"bu","09:19:18",8100
26050,50,200,"bu","09:19:01",5700
26000,0,100,"sd","09:18:26",5500
26100,100,1000,"bu","09:18:08",5400
26100,100,1600,"sd","09:16:01",4400
26100,100,500,"sd","09:15:40",2800
26100,100,2300,"sd","09:15:00",2300
