"price","change","match_qtty","side","time","total_vol"
30050,0,14500,"bu","14:44:59",369700
30050,0,1600,"bu","14:24:58",355200
30000,-50,1500,"bu","14:24:58",353600
30000,-50,1000,"bu","14:24:58",352100
30000,-50,5000,"bu","14:24:58",351100
30000,-50,900,"bu","14:24:58",346100
30000,-50,1100,"bu","14:22:39",345200
30000,-50,3900,"bu","14:22:39",344100
30000,-50,100,"bu","14:18:15",340200
30000,-50,3000,"sd","14:13:37",340100
30000,-50,3000,"sd","14:13:16",337100
30000,-50,4000,"sd","14:12:48",334100
30000,-50,1000,"sd","14:12:48",330100
30000,-50,10000,"sd","14:12:02",329100
30050,0,700,"bu","14:10:11",319100
30000,-50,1000,"bu","14:09:50",318400
30000,-50,9000,"bu","14:09:38",317400
29950,-100,3000,"sd","14:09:07",308400
29950,-100,500,"sd","14:08:45",305400
29950,-100,2500,"sd","14:08:45",304900
29950,-100,1300,"sd","14:08:29",302400
30000,-50,3500,"sd","14:05:27",301100
30050,0,4400,"bu","14:04:29",297600
30000,-50,5600,"bu","14:04:29",293200
30000,-50,4400,"sd","14:03:29",287600
30000,-50,1400,"bu","14:02:58",283200
30000,-50,3500,"bu","14:02:58",281800
30000,-50,700,"bu","14:02:58",278300
30000,-50,300,"sd","14:00:40",277600
30050,0,2000,"bu","14:00:38",277300
30000,-50,9400,"sd","14:00:00",275300
30000,-50,600,"sd","14:00:00",265900
30000,-50,10000,"sd","13:58:50",265300
30000,-50,10000,"sd","13:58:32",255300
30000,-50,2500,"sd","13:58:31",245300
30000,-50,1900,"sd","13:58:07",242800
30000,-50,400,"sd","13:58:07",240900
30000,-50,2000,"sd","13:57:55",240500
30000,-50,2600,"sd","13:57:47",238500
30000,-50,400,"sd","13:57:47",235900
30000,-50,800,"bu","13:56:11",235500
30000,-50,5000,"bu","13:56:11",234700
30000,-50,3800,"bu","13:56:11",229700
29950,-100,5000,"sd","13:55:59",225900
29950,-100,2100,"sd","13:55:50",220900
29950,-100,500,"sd","13:55:50",218800
29950,-100,2400,"sd","13:55:50",218300
30000,-50,1200,"bu","13:54:42",215900
30000,-50,2800,"bu","13:54:42",214700
30000,-50,3800,"bu","13:54:33",211900
29950,-100,3500,"sd","13:54:15",208100
29950,-100,2500,"sd","13:54:03",204600
30000,-50,3400,"bu","13:51:52",202100
30000,-50,400,"bu","13:51:52",198700
30000,-50,300,"bu","13:51:52",198300
30000,-50,900,"bu","13:51:52",198000
30000,-50,3100,"bu","13:51:31",197100
30000,-50,200,"bu","13:51:31",194000
30000,-50,400,"bu","13:51:31",193800
30000,-50,1300,"bu","13:51:31",193400
29950,-100,1600,"sd","13:51:20",192100
29950,-100,1400,"sd","13:51:20",190500
29950,-100,900,"sd","13:49:58",189100
30000,-50,8700,"bu","13:48:32",188200
30000,-50,1000,"bu","13:48:32",179500
30000,-50,300,"bu","13:48:32",178500
29950,-100,2800,"sd","13:48:02",178200
29950,-100,200,"sd","13:48:02",175400
29950,-100,3000,"sd","13:43:16",175200
29950,-100,500,"sd","13:43:00",172200
29950,-100,2900,"sd","13:42:47",171700
29950,-100,2000,"sd","13:42:46",168800
29950,-100,1000,"sd","13:41:48",166800
29950,-100,800,"sd","13:41:39",165800
29950,-100,1400,"sd","13:40:59",165000
29950,-100,2000,"sd","13:40:32",163600
29950,-100,1200,"sd","13:39:55",161600
29950,-100,100,"sd","13:39:55",160400
29950,-100,300,"sd","13:39:55",160300
29950,-100,200,"sd","13:39:55",160000
29950,-100,500,"sd","13:39:37",159800
29950,-100,2000,"sd","13:38:54",159300
29950,-100,1500,"sd","13:38:41",157300
29950,-100,2200,"sd","13:36:41",155800
29950,-100,2300,"sd","13:35:54",153600
29950,-100,1500,"sd","13:35:06",151300
29950,-100,100,"sd","13:35:06",149800
29950,-100,2000,"sd","13:34:48",149700
29950,-100,1200,"sd","13:34:13",147700
29950,-100,2000,"sd","13:34:00",146500
30000,-50,2000,"bu","13:25:25",144500
29950,-100,3600,"sd","13:25:01",142500
29950,-100,1400,"sd","13:24:05",138900
30000,-50,1600,"bu","13:24:02",137500
30000,-50,1100,"bu","13:23:21",135900
30000,-50,400,"bu","13:23:21",134800
30000,-50,2000,"bu","13:22:15",134400
29950,-100,800,"sd","13:22:02",132400
30000,-50,1700,"bu","13:21:03",131600
30000,-50,1300,"bu","13:19:28",129900
29950,-100,3000,"sd","13:18:10",128600
29950,-100,1000,"sd","13:16:34",125600
29950,-100,300,"sd","13:15:49",124600
30000,-50,600,"bu","13:13:28",124300
30000,-50,300,"bu","13:13:28",123700
29950,-100,1000,"sd","13:10:30",123400
30000,-50,1500,"bu","13:10:19",122400
29950,-100,1000,"sd","13:09:27",120900
30000,-50,2000,"bu","13:02:33",119900
29950,-100,200,"sd","13:00:21",117900
29950,-100,400,"sd","12:59:59",117700
29950,-100,100,"sd","12:59:59",117300
29950,-100,1000,"sd","11:22:58",117200
30000,-50,2500,"bu","11:22:48",116200
30000,-50,3700,"bu","11:12:58",113700
30000,-50,100,"bu","11:12:58",110000
30000,-50,1200,"bu","11:12:58",109900
29950,-100,1000,"sd","11:10:04",108700
30000,-50,1000,"bu","10:59:40",107700
29950,-100,5900,"sd","10:58:16",106700
30000,-50,1000,"bu","10:54:19",100800
29950,-100,1000,"sd","10:52:03",99800
30000,-50,1000,"bu","10:51:17",98800
30000,-50,2000,"bu","10:48:24",97800
30000,-50,2000,"bu","10:46:12",95800
30000,-50,1000,"bu","10:43:49",93800
30000,-50,800,"bu","10:42:40",92800
30000,-50,300,"bu","10:42:40",92000
30000,-50,900,"bu","10:42:40",91700
29950,-100,3000,"sd","10:40:20",90800
29950,-100,100,"sd","10:38:26",87800
29950,-100,500,"sd","10:38:26",87700
29950,-100,5000,"sd","10:38:26",87200
29950,-100,100,"sd","10:38:26",82200
29950,-100,100,"sd","10:38:26",82100
29950,-100,200,"sd","10:38:26",82000
29950,-100,100,"sd","10:38:26",81800
29950,-100,12300,"sd","10:38:26",81700
29950,-100,1000,"sd","10:37:58",69400
29950,-100,1500,"sd","10:36:04",68400
29950,-100,2400,"sd","10:34:10",66900
29950,-100,1200,"sd","10:32:11",64500
30000,-50,7900,"bu","10:31:28",63300
30000,-50,100,"bu","10:31:28",55400
29950,-100,1000,"sd","10:28:11",55300
30000,-50,1000,"bu","10:26:44",54300
29950,-100,600,"sd","10:25:57",53300
29950,-100,2400,"sd","10:25:57",52700
29950,-100,1000,"sd","10:23:41",50300
29950,-100,1000,"sd","10:21:31",49300
29950,-100,1000,"sd","10:20:04",48300
29950,-100,3000,"sd","10:15:45",47300
30000,-50,1000,"bu","10:13:51",44300
29950,-100,1500,"sd","10:11:31",43300
30000,-50,2500,"bu","10:09:31",41800
30000,-50,2900,"bu","10:03:40",39300
30000,-50,100,"bu","10:03:40",36400
30000,-50,2000,"bu","09:59:04",36300
30000,-50,1500,"bu","09:56:56",34300
30000,-50,1000,"bu","09:51:49",32800
30000,-50,200,"bu","09:50:53",31800
30000,-50,300,"bu","09:49:35",31600
30000,-50,1500,"bu","09:48:31",31300
30000,-50,2200,"bu","09:45:44",29800
30000,-50,1200,"bu","09:40:45",27600
29950,-100,100,"sd","09:40:02",26400
30000,-50,3300,"bu","09:38:24",26300
30000,-50,1500,"bu","09:37:52",23000
30000,-50,100,"bu","09:35:02",21500
30000,-50,500,"sd","09:32:59",21400
30000,-50,100,"sd","09:32:59",20900
30000,-50,500,"sd","09:32:59",20800
30000,-50,2500,"sd","09:32:49",20300
30000,-50,1000,"sd","09:32:42",17800
30000,-50,1500,"sd","09:32:32",16800
30000,-50,2000,"sd","09:31:22",15300
30000,-50,2500,"sd","09:30:54",13300
30000,-50,100,"sd","09:26:11",10800
30000,-50,400,"sd","09:25:51",10700
30000,-50,300,"sd","09:25:51",10300
30000,-50,300,"sd","09:25:51",10000
30050,0,300,"sd","09:16:13",9700
30050,0,300,"sd","09:16:12",9400
30150,100,9100,"bu","09:15:00",9100
