"price","change","match_qtty","side","time","total_vol"
9430,-50,105300,"unknown","14:45:01",1435000
9430,-50,200,"bu","14:29:45",1329700
9430,-50,400,"bu","14:29:42",1329500
9420,-60,300,"sd","14:29:41",1329100
9420,-60,200,"sd","14:29:41",1328800
9420,-60,200,"sd","14:29:41",1328600
9420,-60,1000,"sd","14:29:41",1328400
9420,-60,1300,"sd","14:29:41",1327400
9430,-50,200,"bu","14:29:23",1326100
9430,-50,1500,"bu","14:29:23",1325900
9430,-50,1000,"bu","14:29:23",1324400
9430,-50,2300,"bu","14:29:23",1323400
9420,-60,100,"sd","14:29:17",1321100
9420,-60,900,"sd","14:29:17",1321000
9430,-50,100,"bu","14:29:10",1320100
9430,-50,100,"bu","14:29:04",1320000
9420,-60,1000,"sd","14:29:00",1319900
9430,-50,2000,"bu","14:28:47",1318900
9420,-60,200,"sd","14:28:42",1316900
9430,-50,400,"sd","14:28:41",1316700
9430,-50,100,"sd","14:28:41",1316300
9430,-50,100,"sd","14:28:34",1316200
9430,-50,4000,"sd","14:28:25",1316100
9430,-50,2000,"sd","14:28:16",1312100
9430,-50,500,"sd","14:28:10",1310100
9430,-50,2000,"bu","14:27:57",1309600
9430,-50,4000,"bu","14:27:57",1307600
9430,-50,500,"bu","14:27:57",1303600
9430,-50,10000,"bu","14:27:57",1303100
9430,-50,500,"bu","14:27:57",1293100
9430,-50,2200,"bu","14:27:57",1292600
9430,-50,1000,"bu","14:27:57",1290400
9430,-50,400,"bu","14:27:57",1289400
9420,-60,2700,"bu","14:27:57",1289000
9420,-60,1000,"sd","14:27:53",1286300
9420,-60,100,"sd","14:27:53",1285300
9420,-60,200,"sd","14:27:53",1285200
9420,-60,200,"sd","14:27:50",1285000
9420,-60,300,"sd","14:27:50",1284800
9420,-60,3000,"sd","14:27:23",1284500
9420,-60,3000,"sd","14:27:19",1281500
9420,-60,2000,"bu","14:26:59",1278500
9420,-60,800,"bu","14:26:59",1276500
9420,-60,200,"bu","14:26:51",1275700
9420,-60,800,"bu","14:26:51",1275500
9420,-60,500,"bu","14:26:24",1274700
9420,-60,300,"bu","14:26:22",1274200
9420,-60,800,"bu","14:26:01",1273900
9420,-60,1700,"bu","14:25:55",1273100
9420,-60,100,"bu","14:25:51",1271400
9420,-60,1800,"sd","14:25:45",1271300
9420,-60,1000,"sd","14:25:45",1269500
9420,-60,100,"sd","14:25:45",1268500
9420,-60,1000,"sd","14:25:45",1268400
9420,-60,1900,"sd","14:25:45",1267400
9420,-60,500,"sd","14:25:45",1265500
9420,-60,2000,"sd","14:24:59",1265000
9420,-60,2400,"sd","14:24:56",1263000
9420,-60,100,"sd","14:24:43",1260600
9420,-60,200,"sd","14:24:43",1260500
9430,-50,500,"bu","14:24:40",1260300
9420,-60,400,"sd","14:24:28",1259800
9430,-50,100,"bu","14:24:25",1259400
9420,-60,100,"sd","14:24:22",1259300
9420,-60,500,"sd","14:24:22",1259200
9420,-60,100,"sd","14:24:19",1258700
9420,-60,400,"bu","14:24:16",1258600
9420,-60,500,"bu","14:24:14",1258200
9420,-60,2000,"bu","14:24:12",1257700
9420,-60,300,"bu","14:24:07",1255700
9420,-60,900,"bu","14:23:56",1255400
9420,-60,500,"bu","14:23:56",1254500
9410,-70,700,"bu","14:23:42",1254000
9410,-70,200,"bu","14:23:42",1253300
9410,-70,2800,"bu","14:23:36",1253100
9410,-70,100,"bu","14:23:36",1250300
9410,-70,100,"bu","14:23:36",1250200
9410,-70,500,"bu","14:23:35",1250100
9410,-70,100,"bu","14:23:25",1249600
9410,-70,300,"bu","14:23:15",1249500
9410,-70,200,"bu","14:23:15",1249200
9410,-70,3000,"bu","14:22:58",1249000
9410,-70,100,"bu","14:22:52",1246000
9410,-70,900,"bu","14:22:42",1245900
9400,-80,2400,"bu","14:22:24",1245000
9400,-80,5000,"bu","14:22:23",1242600
9400,-80,800,"bu","14:22:21",1237600
9400,-80,100,"bu","14:22:20",1236800
9400,-80,3000,"bu","14:22:18",1236700
9400,-80,1000,"bu","14:22:18",1233700
9400,-80,600,"bu","14:22:18",1232700
9400,-80,1000,"bu","14:22:18",1232100
9400,-80,500,"bu","14:22:18",1231100
9400,-80,1600,"bu","14:22:18",1230600
9400,-80,3000,"bu","14:22:18",1229000
9400,-80,3900,"bu","14:22:18",1226000
9400,-80,1000,"bu","14:22:16",1222100
9400,-80,300,"bu","14:22:15",1221100
9400,-80,5000,"bu","14:22:13",1220800
9400,-80,2000,"bu","14:22:11",1215800
9400,-80,15000,"bu","14:22:11",1213800
9400,-80,1000,"bu","14:22:05",1198800
9400,-80,100,"bu","14:22:03",1197800
9400,-80,300,"bu","14:21:59",1197700
9400,-80,100,"bu","14:21:58",1197400
9400,-80,300,"bu","14:21:56",1197300
9400,-80,200,"bu","14:21:55",1197000
9400,-80,100,"bu","14:21:54",1196800
9400,-80,200,"bu","14:21:52",1196700
9400,-80,500,"bu","14:21:49",1196500
9400,-80,200,"bu","14:21:47",1196000
9400,-80,1000,"bu","14:21:41",1195800
9400,-80,5000,"bu","14:21:40",1194800
9400,-80,500,"bu","14:21:36",1189800
9400,-80,10000,"bu","14:21:35",1189300
9400,-80,20000,"bu","14:21:34",1179300
9400,-80,200,"bu","14:21:28",1159300
9400,-80,900,"bu","14:21:28",1159100
9400,-80,1000,"bu","14:21:25",1158200
9400,-80,500,"bu","14:21:21",1157200
9400,-80,3000,"bu","14:21:18",1156700
9400,-80,1000,"bu","14:21:14",1153700
9400,-80,1100,"bu","14:21:12",1152700
9400,-80,100,"bu","14:21:04",1151600
9400,-80,1000,"bu","14:21:02",1151500
9400,-80,2100,"bu","14:20:46",1150500
9400,-80,200,"bu","14:20:23",1148400
9390,-90,200,"sd","14:20:17",1148200
9400,-80,200,"bu","14:20:02",1148000
9400,-80,1000,"bu","14:20:02",1147800
9390,-90,10000,"sd","14:19:55",1146800
9400,-80,7900,"bu","14:19:54",1136800
9390,-90,3000,"bu","14:19:41",1128900
9390,-90,900,"bu","14:19:41",1125900
9390,-90,2100,"bu","14:19:40",1125000
9390,-90,1000,"bu","14:19:40",1122900
9390,-90,500,"bu","14:19:40",1121900
9390,-90,1400,"bu","14:19:40",1121400
9390,-90,500,"bu","14:19:36",1120000
9390,-90,100,"bu","14:19:33",1119500
9390,-90,3000,"bu","14:19:21",1119400
9380,-100,1900,"sd","14:19:20",1116400
9380,-100,2000,"sd","14:19:20",1114500
9380,-100,100,"sd","14:19:20",1112500
9390,-90,1000,"bu","14:19:06",1112400
9390,-90,2000,"bu","14:19:03",1111400
9380,-100,1000,"sd","14:18:56",1109400
9380,-100,600,"sd","14:18:52",1108400
9380,-100,200,"sd","14:18:33",1107800
9380,-100,500,"sd","14:18:33",1107600
9380,-100,500,"bu","14:18:26",1107100
9380,-100,1000,"bu","14:18:20",1106600
9380,-100,300,"bu","14:18:18",1105600
9380,-100,100,"bu","14:18:13",1105300
9380,-100,1000,"bu","14:18:12",1105200
9380,-100,100,"sd","14:18:12",1104200
9380,-100,100,"sd","14:18:11",1104100
9380,-100,200,"sd","14:18:11",1104000
9390,-90,300,"bu","14:18:10",1103800
9380,-100,1000,"sd","14:18:10",1103500
9380,-100,100,"sd","14:18:10",1102500
9380,-100,100,"sd","14:18:10",1102400
9380,-100,1000,"sd","14:18:10",1102300
9380,-100,500,"sd","14:18:10",1101300
9380,-100,1300,"sd","14:18:10",1100800
9380,-100,300,"sd","14:18:04",1099500
9380,-100,500,"sd","14:18:01",1099200
9380,-100,100,"sd","14:17:57",1098700
9380,-100,100,"sd","14:17:57",1098600
9390,-90,300,"bu","14:17:56",1098500
9390,-90,1500,"bu","14:17:52",1098200
9390,-90,400,"bu","14:17:23",1096700
9390,-90,1500,"bu","14:17:23",1096300
9390,-90,1000,"bu","14:17:23",1094800
9390,-90,2900,"bu","14:17:23",1093800
9390,-90,800,"bu","14:17:23",1090900
9390,-90,13400,"bu","14:17:23",1090100
9390,-90,10000,"bu","14:17:20",1076700
9390,-90,200,"bu","14:17:14",1066700
9390,-90,1000,"bu","14:17:12",1066500
9390,-90,100,"bu","14:17:02",1065500
9380,-100,500,"sd","14:16:55",1065400
9380,-100,600,"sd","14:16:55",1064900
9380,-100,100,"sd","14:16:55",1064300
9380,-100,300,"sd","14:16:55",1064200
9390,-90,100,"bu","14:16:43",1063900
9390,-90,100,"bu","14:16:25",1063800
9390,-90,200,"bu","14:16:16",1063700
9380,-100,700,"bu","14:15:48",1063500
9380,-100,100,"bu","14:15:42",1062800
9380,-100,100,"bu","14:15:37",1062700
9380,-100,1000,"bu","14:15:37",1062600
9380,-100,1000,"bu","14:15:37",1061600
9380,-100,1000,"bu","14:15:37",1060600
9380,-100,200,"bu","14:15:37",1059600
9380,-100,5900,"bu","14:15:37",1059400
9380,-100,900,"sd","14:15:36",1053500
9380,-100,3200,"sd","14:15:34",1052600
9380,-100,1800,"sd","14:15:34",1049400
9380,-100,200,"sd","14:15:27",1047600
9380,-100,500,"sd","14:15:27",1047400
9380,-100,100,"sd","14:15:27",1046900
9380,-100,200,"sd","14:15:27",1046800
9380,-100,800,"sd","14:15:16",1046600
9380,-100,1000,"sd","14:15:16",1045800
9380,-100,500,"sd","14:15:16",1044800
9380,-100,2000,"sd","14:15:16",1044300
9380,-100,100,"sd","14:15:16",1042300
9380,-100,1000,"sd","14:15:16",1042200
9380,-100,1000,"sd","14:15:16",1041200
9390,-90,4400,"bu","14:15:15",1040200
9390,-90,100,"bu","14:15:10",1035800
9390,-90,400,"sd","14:14:54",1035700
9390,-90,600,"sd","14:14:47",1035300
9390,-90,100,"sd","14:14:47",1034700
9390,-90,200,"sd","14:14:47",1034600
9390,-90,1000,"sd","14:14:47",1034400
9390,-90,100,"sd","14:14:47",1033400
9390,-90,400,"sd","14:14:33",1033300
9390,-90,100,"sd","14:14:33",1032900
9390,-90,1000,"sd","14:14:33",1032800
9390,-90,200,"sd","14:14:33",1031800
9390,-90,1000,"sd","14:14:33",1031600
9390,-90,100,"sd","14:14:33",1030600
9390,-90,500,"sd","14:14:33",1030500
9390,-90,2000,"sd","14:14:33",1030000
9390,-90,4700,"sd","14:14:33",1028000
9400,-80,1000,"bu","14:14:27",1023300
9390,-90,1000,"sd","14:14:24",1022300
9390,-90,200,"sd","14:14:21",1021300
9390,-90,500,"sd","14:14:21",1021100
9390,-90,100,"sd","14:14:21",1020600
9390,-90,600,"sd","14:14:21",1020500
9390,-90,100,"sd","14:14:21",1019900
9390,-90,4300,"sd","14:14:21",1019800
9390,-90,200,"sd","14:14:21",1015500
9400,-80,1000,"bu","14:14:11",1015300
9400,-80,200,"sd","14:14:04",1014300
9400,-80,10600,"sd","14:14:04",1014100
9400,-80,3300,"sd","14:14:04",1003500
9400,-80,100,"sd","14:14:04",1000200
9400,-80,100,"sd","14:14:04",1000100
9400,-80,100,"sd","14:14:04",1000000
9400,-80,100,"sd","14:14:04",999900
9400,-80,100,"sd","14:14:04",999800
9400,-80,700,"sd","14:14:04",999700
9400,-80,300,"sd","14:14:01",999000
9400,-80,200,"sd","14:14:01",998700
9400,-80,1000,"sd","14:14:01",998500
9400,-80,5000,"sd","14:14:01",997500
9400,-80,100,"sd","14:14:01",992500
9400,-80,2000,"sd","14:14:01",992400
9400,-80,400,"sd","14:14:01",990400
9400,-80,1000,"sd","14:14:01",990000
9400,-80,200,"sd","14:13:44",989000
9400,-80,200,"sd","14:13:44",988800
9400,-80,600,"sd","14:13:44",988600
9410,-70,1000,"bu","14:13:01",988000
9400,-80,100,"sd","14:12:58",987000
9410,-70,600,"bu","14:12:43",986900
9410,-70,100,"bu","14:12:41",986300
9410,-70,100,"bu","14:12:33",986200
9400,-80,200,"sd","14:12:07",986100
9400,-80,2300,"sd","14:12:03",985900
9400,-80,200,"sd","14:12:03",983600
9400,-80,500,"sd","14:12:03",983400
9400,-80,300,"sd","14:10:50",982900
9400,-80,300,"sd","14:10:50",982600
9400,-80,100,"sd","14:10:50",982300
9400,-80,300,"sd","14:10:50",982200
9420,-60,1000,"bu","14:10:48",981900
9420,-60,100,"bu","14:10:36",980900
9400,-80,500,"sd","14:10:33",980800
9400,-80,2000,"sd","14:10:33",980300
9400,-80,1000,"sd","14:10:33",978300
9400,-80,100,"sd","14:10:33",977300
9400,-80,1400,"sd","14:10:33",977200
9400,-80,100,"sd","14:10:13",975800
9400,-80,100,"bu","14:10:03",975700
9400,-80,100,"bu","14:09:54",975600
9400,-80,1000,"bu","14:09:53",975500
9400,-80,200,"bu","14:09:51",974500
9400,-80,500,"bu","14:09:43",974300
9400,-80,10000,"bu","14:09:34",973800
9400,-80,500,"sd","14:09:31",963800
9400,-80,500,"sd","14:09:31",963300
9400,-80,2500,"sd","14:09:31",962800
9400,-80,1000,"sd","14:09:30",960300
9400,-80,500,"sd","14:09:30",959300
9400,-80,8500,"sd","14:09:30",958800
9400,-80,1200,"sd","14:09:30",950300
9400,-80,5000,"sd","14:09:30",949100
9400,-80,700,"sd","14:09:30",944100
9400,-80,1000,"sd","14:09:30",943400
9400,-80,5000,"sd","14:09:30",942400
9400,-80,200,"sd","14:09:30",937400
9400,-80,100,"sd","14:09:30",937200
9400,-80,3500,"sd","14:09:30",937100
9400,-80,100,"sd","14:09:30",933600
9400,-80,100,"sd","14:09:30",933500
9400,-80,200,"sd","14:09:30",933400
9400,-80,400,"sd","14:09:30",933200
9400,-80,300,"sd","14:09:30",932800
9400,-80,100,"sd","14:09:30",932500
9400,-80,100,"sd","14:09:30",932400
9400,-80,300,"sd","14:09:30",932300
9400,-80,300,"sd","14:09:30",932000
9400,-80,500,"sd","14:09:30",931700
9400,-80,10000,"sd","14:09:30",931200
9400,-80,1500,"sd","14:09:30",921200
9400,-80,500,"sd","14:09:30",919700
9400,-80,200,"sd","14:09:30",919200
9400,-80,2000,"sd","14:09:30",919000
9400,-80,2900,"sd","14:09:30",917000
9400,-80,700,"sd","14:09:30",914100
9400,-80,4500,"sd","14:09:30",913400
9410,-70,1000,"sd","14:09:30",908900
9400,-80,200,"sd","14:09:30",907900
9410,-70,5000,"sd","14:09:30",907700
9410,-70,2700,"sd","14:09:30",902700
9410,-70,5000,"sd","14:09:30",900000
9400,-80,800,"sd","14:09:30",895000
9410,-70,1000,"sd","14:09:30",894200
9410,-70,2000,"sd","14:09:30",893200
9410,-70,300,"sd","14:09:30",891200
9410,-70,200,"sd","14:09:30",890900
9410,-70,1000,"sd","14:09:30",890700
9410,-70,2000,"sd","14:09:30",889700
9410,-70,300,"sd","14:09:30",887700
9410,-70,100,"sd","14:09:30",887400
9410,-70,200,"sd","14:09:30",887300
9410,-70,100,"sd","14:09:30",887100
9410,-70,100,"sd","14:09:30",887000
9410,-70,300,"sd","14:09:30",886900
9410,-70,32300,"sd","14:09:30",886600
9410,-70,100,"sd","14:09:30",854300
9410,-70,4200,"sd","14:09:30",854200
9410,-70,100,"sd","14:09:30",850000
9410,-70,7000,"sd","14:09:30",849900
9420,-60,300,"sd","14:09:30",842900
9420,-60,12100,"sd","14:09:30",842600
9420,-60,500,"sd","14:09:30",830500
9410,-70,1000,"sd","14:09:30",830000
9420,-60,500,"sd","14:09:30",829000
9420,-60,100,"sd","14:09:30",828500
9420,-60,300,"sd","14:09:30",828400
9420,-60,500,"sd","14:09:30",828100
9420,-60,1900,"sd","14:09:30",827600
9420,-60,8100,"sd","14:08:42",825700
9420,-60,400,"sd","14:08:42",817600
9420,-60,300,"sd","14:08:40",817200
9420,-60,1000,"sd","14:07:48",816900
9420,-60,3300,"sd","14:07:32",815900
9420,-60,200,"sd","14:07:32",812600
9420,-60,800,"sd","14:07:31",812400
9420,-60,200,"sd","14:07:31",811600
9420,-60,100,"sd","14:06:59",811400
9420,-60,100,"bu","14:06:56",811300
9420,-60,300,"bu","14:06:52",811200
9420,-60,2000,"sd","14:06:30",810900
9420,-60,400,"sd","14:06:30",808900
9420,-60,200,"sd","14:06:30",808500
9420,-60,1000,"sd","14:06:07",808300
9420,-60,200,"sd","14:06:07",807300
9420,-60,800,"sd","14:06:07",807100
9420,-60,1000,"sd","14:05:50",806300
9430,-50,100,"sd","14:05:50",805300
9420,-60,2600,"sd","14:05:29",805200
9420,-60,1000,"sd","14:05:29",802600
9420,-60,400,"sd","14:05:29",801600
9420,-60,100,"sd","14:05:21",801200
9420,-60,200,"sd","14:05:21",801100
9420,-60,100,"sd","14:05:21",800900
9420,-60,500,"sd","14:05:21",800800
9430,-50,100,"sd","14:05:21",800300
9420,-60,1500,"sd","14:04:21",800200
9420,-60,200,"sd","14:04:21",798700
9420,-60,100,"sd","14:04:21",798500
9430,-50,200,"sd","14:04:21",798400
9440,-40,100,"bu","14:03:58",798200
9420,-60,16400,"sd","14:03:48",798100
9430,-50,500,"sd","14:03:48",781700
9430,-50,500,"sd","14:03:48",781200
9430,-50,2000,"sd","14:03:48",780700
9430,-50,600,"sd","14:03:48",778700
9430,-50,200,"unknown","14:03:32",778100
9430,-50,100,"sd","14:03:28",777900
9430,-50,100,"sd","14:03:28",777800
9430,-50,1000,"sd","14:03:28",777700
9430,-50,300,"sd","14:03:28",776700
9430,-50,300,"sd","14:03:28",776400
9430,-50,200,"sd","14:03:14",776100
9450,-30,1000,"bu","14:03:06",775900
9450,-30,5000,"bu","14:03:06",774900
9450,-30,200,"bu","14:03:06",769900
9450,-30,3800,"bu","14:03:06",769700
9430,-50,1800,"sd","14:02:50",765900
9430,-50,200,"sd","14:02:50",764100
9430,-50,100,"sd","14:02:50",763900
9430,-50,2900,"sd","14:02:50",763800
9430,-50,500,"sd","14:02:48",760900
9450,-30,100,"bu","14:02:44",760400
9450,-30,1900,"bu","14:02:39",760300
9450,-30,500,"bu","14:02:18",758400
9450,-30,3700,"sd","14:02:02",757900
9450,-30,300,"bu","14:01:49",754200
9450,-30,700,"bu","14:01:49",753900
9450,-30,500,"bu","14:01:49",753200
9440,-40,200,"bu","14:01:35",752700
9430,-50,1400,"sd","14:01:15",752500
9430,-50,200,"sd","14:00:56",751100
9440,-40,1000,"bu","14:00:35",750900
9440,-40,500,"bu","14:00:35",749900
9440,-40,100,"sd","14:00:35",749400
9450,-30,200,"bu","14:00:06",749300
9450,-30,200,"bu","14:00:01",749100
9450,-30,100,"bu","13:59:56",748900
9450,-30,500,"bu","13:59:53",748800
9450,-30,1000,"bu","13:59:53",748300
9450,-30,200,"bu","13:59:53",747300
9450,-30,500,"bu","13:59:53",747100
9450,-30,500,"bu","13:59:53",746600
9450,-30,200,"bu","13:59:53",746100
9450,-30,500,"bu","13:59:53",745900
9450,-30,200,"bu","13:59:53",745400
9450,-30,900,"bu","13:59:53",745200
9460,-20,100,"bu","13:59:37",744300
9450,-30,4100,"sd","13:59:35",744200
9450,-30,2000,"sd","13:58:42",740100
9460,-20,1000,"bu","13:58:27",738100
9450,-30,1000,"sd","13:58:16",737100
9460,-20,200,"bu","13:58:08",736100
9460,-20,300,"bu","13:58:05",735900
9450,-30,1000,"sd","13:58:02",735600
9460,-20,500,"bu","13:57:53",734600
9460,-20,500,"bu","13:57:53",734100
9450,-30,1000,"bu","13:57:42",733600
9450,-30,100,"bu","13:57:42",732600
9450,-30,10000,"bu","13:57:42",732500
9450,-30,900,"bu","13:57:42",722500
9450,-30,2700,"bu","13:57:42",721600
9450,-30,100,"bu","13:57:36",718900
9450,-30,500,"bu","13:57:35",718800
9450,-30,9200,"bu","13:57:34",718300
9450,-30,2500,"bu","13:57:20",709100
9450,-30,300,"bu","13:57:20",706600
9450,-30,500,"bu","13:57:20",706300
9450,-30,1700,"bu","13:57:20",705800
9440,-40,300,"bu","13:57:07",704100
9440,-40,200,"bu","13:57:07",703800
9420,-60,200,"bu","13:56:57",703600
9420,-60,2000,"bu","13:56:52",703400
9420,-60,5000,"bu","13:56:51",701400
9420,-60,1000,"bu","13:56:50",696400
9420,-60,100,"bu","13:56:49",695400
9420,-60,100,"bu","13:56:49",695300
9420,-60,4600,"bu","13:56:44",695200
9420,-60,1000,"bu","13:56:41",690600
9420,-60,300,"bu","13:56:36",689600
9420,-60,100,"bu","13:56:30",689300
9420,-60,100,"sd","13:56:28",689200
9420,-60,500,"sd","13:56:28",689100
9420,-60,200,"sd","13:56:28",688600
9420,-60,800,"bu","13:56:19",688400
9420,-60,2500,"bu","13:56:17",687600
9420,-60,100,"bu","13:56:15",685100
9420,-60,100,"sd","13:56:02",685000
9420,-60,500,"sd","13:56:02",684900
9420,-60,100,"sd","13:56:02",684400
9420,-60,600,"sd","13:56:02",684300
9420,-60,300,"sd","13:56:02",683700
9430,-50,200,"sd","13:56:02",683400
9430,-50,100,"sd","13:56:02",683200
9420,-60,100,"bu","13:54:59",683100
9420,-60,300,"bu","13:54:59",683000
9420,-60,1000,"sd","13:54:38",682700
9420,-60,500,"sd","13:54:38",681700
9420,-60,1000,"sd","13:54:38",681200
9420,-60,500,"sd","13:54:38",680200
9420,-60,600,"sd","13:54:38",679700
9430,-50,100,"sd","13:54:38",679100
9440,-40,8600,"bu","13:54:25",679000
9430,-50,500,"bu","13:54:25",670400
9430,-50,900,"bu","13:54:25",669900
9430,-50,2000,"bu","13:54:24",669000
9430,-50,100,"bu","13:54:21",667000
9430,-50,1000,"bu","13:54:18",666900
9440,-40,6200,"bu","13:54:02",665900
9440,-40,300,"bu","13:54:02",659700
9440,-40,500,"bu","13:54:02",659400
9440,-40,500,"bu","13:54:02",658900
9440,-40,400,"bu","13:54:02",658400
9430,-50,2100,"bu","13:54:02",658000
9430,-50,1000,"bu","13:54:00",655900
9430,-50,300,"bu","13:53:55",654900
9430,-50,200,"bu","13:53:54",654600
9430,-50,5900,"bu","13:53:39",654400
9430,-50,100,"sd","13:53:38",648500
9430,-50,100,"sd","13:53:38",648400
9430,-50,300,"sd","13:53:38",648300
9430,-50,700,"bu","13:53:28",648000
9430,-50,300,"bu","13:53:23",647300
9430,-50,200,"bu","13:53:23",647000
9420,-60,400,"sd","13:53:20",646800
9420,-60,100,"sd","13:53:20",646400
9420,-60,100,"sd","13:53:20",646300
9420,-60,200,"sd","13:53:20",646200
9420,-60,200,"sd","13:53:20",646000
9430,-50,1800,"bu","13:53:19",645800
9430,-50,3200,"bu","13:53:19",644000
9430,-50,1000,"bu","13:53:01",640800
9430,-50,100,"bu","13:52:55",639800
9430,-50,100,"bu","13:52:24",639700
9420,-60,800,"sd","13:52:19",639600
9420,-60,200,"sd","13:52:19",638800
9430,-50,600,"bu","13:52:11",638600
9430,-50,200,"bu","13:52:11",638000
9430,-50,1200,"bu","13:52:11",637800
9420,-60,1800,"sd","13:51:48",636600
9420,-60,200,"sd","13:51:48",634800
9420,-60,800,"bu","13:51:13",634600
9420,-60,200,"bu","13:51:06",633800
9410,-70,100,"sd","13:51:05",633600
9410,-70,200,"sd","13:50:59",633500
9420,-60,4000,"bu","13:50:56",633300
9420,-60,5000,"bu","13:50:56",629300
9420,-60,1000,"bu","13:50:56",624300
9420,-60,500,"bu","13:50:55",623300
9420,-60,1000,"bu","13:50:50",622800
9420,-60,500,"bu","13:50:47",621800
9420,-60,200,"bu","13:50:30",621300
9420,-60,500,"bu","13:50:02",621100
9410,-70,100,"sd","13:49:24",620600
9410,-70,2100,"sd","13:49:17",620500
9410,-70,2000,"sd","13:49:12",618400
9410,-70,100,"sd","13:48:51",616400
9410,-70,100,"sd","13:48:44",616300
9410,-70,4200,"sd","13:47:19",616200
9420,-60,300,"bu","13:46:45",612000
9410,-70,200,"bu","13:46:10",611700
9410,-70,4000,"bu","13:45:44",611500
9410,-70,100,"bu","13:45:35",607500
9410,-70,100,"bu","13:45:27",607400
9400,-80,17700,"sd","13:45:27",607300
9400,-80,100,"sd","13:45:27",589600
9400,-80,10000,"sd","13:45:27",589500
9400,-80,200,"sd","13:45:27",579500
9400,-80,200,"sd","13:45:27",579300
9400,-80,2000,"sd","13:45:27",579100
9400,-80,100,"sd","13:45:27",577100
9400,-80,300,"sd","13:45:27",577000
9400,-80,100,"sd","13:45:27",576700
9400,-80,100,"sd","13:45:27",576600
9400,-80,500,"sd","13:45:27",576500
9400,-80,100,"sd","13:45:27",576000
9400,-80,200,"sd","13:45:27",575900
9400,-80,2000,"sd","13:45:27",575700
9400,-80,200,"sd","13:45:27",573700
9400,-80,5000,"sd","13:45:27",573500
9400,-80,1300,"sd","13:45:27",568500
9400,-80,9900,"sd","13:45:27",567200
9410,-70,200,"sd","13:45:26",557300
9410,-70,100,"sd","13:45:26",557100
9410,-70,400,"sd","13:45:26",557000
9410,-70,500,"sd","13:45:26",556600
9410,-70,100,"sd","13:45:26",556100
9410,-70,1800,"sd","13:45:05",556000
9410,-70,1000,"sd","13:45:04",554200
9410,-70,1000,"sd","13:44:15",553200
9410,-70,1000,"sd","13:44:15",552200
9400,-80,100,"sd","13:44:02",551200
9400,-80,300,"sd","13:44:02",551100
9400,-80,200,"sd","13:44:02",550800
9400,-80,2000,"sd","13:44:02",550600
9400,-80,100,"sd","13:44:02",548600
9400,-80,1000,"sd","13:44:02",548500
9400,-80,500,"sd","13:44:02",547500
9400,-80,1000,"sd","13:44:02",547000
9400,-80,500,"sd","13:44:02",546000
9400,-80,100,"sd","13:44:02",545500
9400,-80,300,"sd","13:44:02",545400
9400,-80,500,"sd","13:44:02",545100
9400,-80,500,"sd","13:44:02",544600
9400,-80,400,"sd","13:44:02",544100
9400,-80,100,"sd","13:44:02",543700
9400,-80,500,"sd","13:44:02",543600
9400,-80,100,"sd","13:44:02",543100
9400,-80,200,"sd","13:44:02",543000
9400,-80,100,"sd","13:44:02",542800
9400,-80,1000,"sd","13:44:02",542700
9400,-80,500,"sd","13:44:02",541700
9400,-80,700,"sd","13:44:02",541200
9400,-80,1000,"sd","13:44:02",540500
9400,-80,3000,"sd","13:44:02",539500
9400,-80,300,"sd","13:44:02",536500
9400,-80,200,"sd","13:44:02",536200
9400,-80,2700,"sd","13:44:02",536000
9410,-70,100,"sd","13:44:02",533300
9410,-70,2000,"sd","13:44:02",533200
9410,-70,19000,"sd","13:44:02",531200
9410,-70,500,"sd","13:43:56",512200
9410,-70,500,"sd","13:43:40",511700
9410,-70,1000,"sd","13:43:40",511200
9410,-70,300,"sd","13:43:40",510200
9410,-70,500,"sd","13:43:40",509900
9410,-70,200,"sd","13:43:40",509400
9410,-70,2000,"sd","13:43:40",509200
9410,-70,3000,"sd","13:43:40",507200
9410,-70,100,"sd","13:43:40",504200
9410,-70,100,"sd","13:43:40",504100
9410,-70,2000,"sd","13:43:40",504000
9410,-70,300,"sd","13:43:40",502000
9410,-70,500,"sd","13:43:32",501700
9410,-70,200,"sd","13:42:54",501200
9410,-70,100,"sd","13:42:54",501000
9410,-70,400,"sd","13:42:41",500900
9410,-70,2000,"sd","13:42:41",500500
9420,-60,100,"sd","13:42:41",498500
9410,-70,200,"sd","13:42:41",498400
9420,-60,5000,"sd","13:42:41",498200
9420,-60,600,"sd","13:42:41",493200
9420,-60,100,"sd","13:42:41",492600
9410,-70,300,"sd","13:42:41",492500
9420,-60,1000,"sd","13:42:41",492200
9420,-60,100,"sd","13:42:41",491200
9410,-70,2000,"sd","13:42:41",491100
9420,-60,200,"sd","13:42:41",489100
9410,-70,100,"sd","13:42:41",488900
9420,-60,300,"sd","13:42:41",488800
9410,-70,500,"sd","13:42:41",488500
9420,-60,1000,"sd","13:42:41",488000
9410,-70,200,"sd","13:42:41",487000
9420,-60,500,"sd","13:42:41",486800
9410,-70,1000,"sd","13:42:41",486300
9420,-60,500,"sd","13:42:41",485300
9410,-70,200,"sd","13:42:41",484800
9420,-60,1800,"sd","13:42:41",484600
9410,-70,100,"sd","13:42:41",482800
9420,-60,500,"sd","13:42:41",482700
9420,-60,100,"sd","13:42:41",482200
9420,-60,3000,"sd","13:42:41",482100
9420,-60,5000,"sd","13:42:41",479100
9420,-60,500,"sd","13:42:41",474100
9420,-60,1000,"sd","13:42:41",473600
9420,-60,3000,"sd","13:42:41",472600
9420,-60,600,"sd","13:42:41",469600
9420,-60,3000,"sd","13:42:41",469000
9420,-60,100,"sd","13:42:41",466000
9430,-50,100,"unknown","13:42:41",465900
9430,-50,800,"sd","13:42:36",465800
9430,-50,100,"sd","13:42:36",465000
9430,-50,500,"sd","13:42:36",464900
9430,-50,200,"sd","13:42:36",464400
9430,-50,200,"sd","13:42:36",464200
9430,-50,500,"sd","13:42:36",464000
9430,-50,100,"sd","13:42:36",463500
9430,-50,600,"sd","13:42:36",463400
9430,-50,3000,"sd","13:42:22",462800
9430,-50,500,"sd","13:42:17",459800
9430,-50,100,"sd","13:41:44",459300
9430,-50,100,"sd","13:41:33",459200
9430,-50,700,"sd","13:41:26",459100
9430,-50,1300,"sd","13:41:26",458400
9430,-50,500,"sd","13:41:06",457100
9430,-50,200,"sd","13:40:50",456600
9440,-40,3100,"bu","13:40:47",456400
9440,-40,1300,"bu","13:40:47",453300
9440,-40,300,"bu","13:40:37",452000
9440,-40,700,"bu","13:39:54",451700
9440,-40,1600,"bu","13:39:54",451000
9440,-40,100,"bu","13:39:44",449400
9440,-40,500,"sd","13:39:26",449300
9440,-40,600,"bu","13:39:17",448800
9440,-40,100,"bu","13:39:12",448200
9440,-40,100,"sd","13:38:51",448100
9440,-40,100,"sd","13:38:51",448000
9440,-40,100,"sd","13:38:51",447900
9440,-40,1000,"sd","13:38:49",447800
9440,-40,1000,"sd","13:38:29",446800
9450,-30,1300,"bu","13:38:26",445800
9450,-30,1500,"bu","13:38:10",444500
9440,-40,500,"bu","13:37:29",443000
9440,-40,100,"bu","13:37:20",442500
9450,-30,100,"bu","13:36:44",442400
9440,-40,500,"bu","13:36:19",442300
9440,-40,200,"sd","13:36:01",441800
9440,-40,300,"sd","13:36:01",441600
9440,-40,1300,"sd","13:35:55",441300
9440,-40,900,"sd","13:35:23",440000
9430,-50,500,"sd","13:35:14",439100
9430,-50,5000,"sd","13:35:14",438600
9430,-50,1000,"sd","13:35:14",433600
9430,-50,100,"sd","13:35:14",432600
9430,-50,1000,"sd","13:35:14",432500
9430,-50,2400,"sd","13:35:14",431500
9430,-50,5700,"sd","13:35:14",429100
9440,-40,100,"sd","13:35:14",423400
9430,-50,2000,"bu","13:34:21",423300
9430,-50,2200,"bu","13:34:21",421300
9420,-60,4000,"sd","13:34:20",419100
9430,-50,100,"bu","13:34:13",415100
9420,-60,1100,"sd","13:34:00",415000
9420,-60,1200,"sd","13:33:52",413900
9430,-50,100,"bu","13:33:47",412700
9430,-50,600,"bu","13:33:42",412600
9430,-50,500,"bu","13:33:40",412000
9430,-50,1000,"bu","13:33:38",411500
9430,-50,2000,"bu","13:33:35",410500
9430,-50,500,"bu","13:33:34",408500
9430,-50,1800,"bu","13:33:23",408000
9420,-60,800,"sd","13:32:51",406200
9420,-60,300,"sd","13:32:51",405400
9420,-60,200,"sd","13:32:46",405100
9420,-60,100,"sd","13:32:46",404900
9430,-50,100,"bu","13:32:44",404800
9420,-60,100,"sd","13:32:28",404700
9430,-50,200,"bu","13:32:19",404600
9430,-50,100,"bu","13:32:16",404400
9430,-50,500,"bu","13:32:04",404300
9430,-50,100,"bu","13:31:56",403800
9430,-50,200,"sd","13:31:54",403700
9430,-50,3000,"sd","13:31:54",403500
9430,-50,2000,"bu","13:31:06",400500
9430,-50,100,"bu","13:30:59",398500
9430,-50,100,"bu","13:30:53",398400
9420,-60,200,"sd","13:30:47",398300
9420,-60,100,"sd","13:29:56",398100
9420,-60,1000,"sd","13:29:56",398000
9420,-60,200,"sd","13:29:56",397000
9420,-60,500,"sd","13:29:56",396800
9420,-60,2000,"sd","13:29:49",396300
9430,-50,1000,"sd","13:29:33",394300
9430,-50,1000,"sd","13:29:33",393300
9430,-50,100,"sd","13:29:33",392300
9430,-50,500,"sd","13:29:33",392200
9430,-50,200,"sd","13:29:33",391700
9430,-50,300,"sd","13:29:25",391500
9430,-50,200,"sd","13:29:25",391200
9430,-50,1000,"sd","13:28:59",391000
9430,-50,700,"sd","13:28:34",390000
9440,-40,200,"sd","13:28:34",389300
9440,-40,200,"sd","13:28:28",389100
9440,-40,1500,"sd","13:28:28",388900
9450,-30,200,"bu","13:27:55",387400
9450,-30,100,"bu","13:27:47",387200
9450,-30,4100,"bu","13:27:46",387100
9440,-40,3400,"bu","13:27:46",383000
9440,-40,100,"bu","13:27:36",379600
9430,-50,100,"sd","13:27:30",379500
9430,-50,100,"sd","13:27:30",379400
9430,-50,200,"sd","13:27:30",379300
9430,-50,600,"sd","13:27:30",379100
9430,-50,800,"sd","13:26:52",378500
9430,-50,1600,"bu","13:26:51",377700
9420,-60,400,"sd","13:26:39",376100
9420,-60,100,"sd","13:26:37",375700
9430,-50,300,"sd","13:26:25",375600
9450,-30,100,"bu","13:26:05",375300
9430,-50,200,"sd","13:26:04",375200
9430,-50,1500,"sd","13:26:04",375000
9430,-50,200,"sd","13:26:04",373500
9440,-40,100,"sd","13:26:04",373300
9440,-40,2500,"sd","13:26:04",373200
9450,-30,900,"bu","13:25:55",370700
9450,-30,600,"bu","13:25:55",369800
9450,-30,100,"sd","13:25:36",369200
9450,-30,100,"sd","13:25:36",369100
9450,-30,400,"sd","13:25:36",369000
9450,-30,1600,"sd","13:25:36",368600
9450,-30,400,"sd","13:25:26",367000
9450,-30,600,"sd","13:25:26",366600
9450,-30,400,"sd","13:25:11",366000
9450,-30,500,"sd","13:25:11",365600
9450,-30,100,"sd","13:25:11",365100
9460,-20,100,"bu","13:25:06",365000
9460,-20,500,"bu","13:25:06",364900
9460,-20,100,"sd","13:25:02",364400
9460,-20,200,"sd","13:25:02",364300
9460,-20,1000,"sd","13:25:02",364100
9460,-20,600,"sd","13:25:02",363100
9460,-20,400,"sd","13:25:00",362500
9470,-10,900,"bu","13:24:52",362100
9470,-10,1000,"sd","13:24:04",361200
9470,-10,600,"sd","13:24:04",360200
9470,-10,100,"sd","13:24:04",359600
9470,-10,100,"sd","13:24:04",359500
9480,0,200,"bu","13:23:45",359400
9480,0,500,"sd","13:23:10",359200
9480,0,500,"sd","13:23:10",358700
9480,0,1900,"sd","13:23:10",358200
9480,0,500,"sd","13:23:09",356300
9480,0,10000,"sd","13:23:08",355800
9480,0,1600,"sd","13:23:04",345800
9480,0,200,"sd","13:23:04",344200
9480,0,200,"sd","13:22:56",344000
9480,0,400,"sd","13:22:56",343800
9480,0,1000,"sd","13:22:49",343400
9480,0,1400,"sd","13:22:06",342400
9480,0,600,"sd","13:22:06",341000
9480,0,200,"bu","13:21:52",340400
9480,0,700,"bu","13:21:52",340200
9480,0,100,"bu","13:21:52",339500
9480,0,500,"bu","13:21:52",339400
9480,0,1000,"bu","13:21:52",338900
9480,0,10000,"bu","13:21:52",337900
9480,0,4000,"bu","13:21:52",327900
9480,0,1000,"bu","13:21:52",323900
9480,0,100,"bu","13:21:52",322900
9480,0,200,"bu","13:21:52",322800
9480,0,200,"bu","13:21:52",322600
9480,0,600,"bu","13:21:52",322400
9480,0,700,"bu","13:21:44",321800
9480,0,600,"bu","13:21:29",321100
9480,0,400,"bu","13:21:25",320500
9480,0,4300,"bu","13:21:16",320100
9480,0,15700,"bu","13:21:16",315800
9470,-10,200,"sd","13:21:14",300100
9480,0,1500,"bu","13:21:09",299900
9470,-10,500,"sd","13:21:01",298400
9470,-10,200,"bu","13:20:43",297900
9470,-10,1000,"bu","13:20:39",297700
9470,-10,200,"bu","13:20:33",296700
9470,-10,600,"bu","13:20:27",296500
9470,-10,100,"bu","13:20:27",295900
9470,-10,300,"bu","13:20:27",295800
9470,-10,200,"bu","13:20:23",295500
9470,-10,400,"bu","13:20:14",295300
9470,-10,200,"bu","13:20:01",294900
9470,-10,100,"bu","13:19:50",294700
9470,-10,2000,"bu","13:19:23",294600
9470,-10,2700,"bu","13:19:19",292600
9470,-10,1500,"bu","13:18:47",289900
9470,-10,100,"bu","13:18:44",288400
9450,-30,1600,"sd","13:18:41",288300
9450,-30,1100,"sd","13:18:41",286700
9460,-20,300,"sd","13:18:41",285600
9450,-30,100,"bu","13:18:20",285300
9450,-30,2000,"bu","13:18:20",285200
9450,-30,300,"bu","13:18:20",283200
9450,-30,1500,"bu","13:18:20",282900
9450,-30,500,"bu","13:18:20",281400
9450,-30,200,"bu","13:18:07",280900
9410,-70,4600,"sd","13:17:48",280700
9420,-60,200,"sd","13:17:48",276100
9420,-60,3000,"sd","13:17:48",275900
9420,-60,100,"sd","13:17:48",272900
9420,-60,100,"sd","13:17:48",272800
9420,-60,300,"sd","13:17:48",272700
9450,-30,100,"bu","13:17:48",272400
9450,-30,100,"bu","13:17:35",272300
9440,-40,100,"bu","13:17:35",272200
9430,-50,100,"bu","13:17:30",272100
9420,-60,200,"bu","13:17:30",272000
9420,-60,300,"bu","13:17:21",271800
9410,-70,300,"sd","13:17:13",271500
9400,-80,300,"sd","13:17:11",271200
9400,-80,100,"sd","13:17:11",270900
9400,-80,500,"sd","13:17:11",270800
9400,-80,100,"sd","13:17:11",270300
9400,-80,300,"sd","13:17:11",270200
9400,-80,700,"sd","13:17:11",269900
9400,-80,500,"sd","13:17:11",269200
9400,-80,100,"sd","13:17:11",268700
9410,-70,400,"sd","13:17:11",268600
9410,-70,1600,"bu","13:17:09",268200
9410,-70,500,"bu","13:17:08",266600
9400,-80,200,"sd","13:16:48",266100
9410,-70,200,"bu","13:16:41",265900
9400,-80,1200,"sd","13:16:41",265700
9400,-80,1900,"sd","13:16:41",264500
9400,-80,1000,"sd","13:16:41",262600
9400,-80,800,"sd","13:16:41",261600
9400,-80,100,"sd","13:16:41",260800
9410,-70,500,"bu","13:16:31",260700
9400,-80,200,"bu","13:16:31",260200
9400,-80,800,"bu","13:16:29",260000
9400,-80,200,"bu","13:16:29",259200
9390,-90,300,"sd","13:16:29",259000
9400,-80,100,"bu","13:16:21",258700
9400,-80,400,"bu","13:16:21",258600
9400,-80,300,"bu","13:16:19",258200
9400,-80,1000,"bu","13:16:14",257900
9400,-80,8300,"bu","13:16:09",256900
9400,-80,14400,"bu","13:16:09",248600
9400,-80,1000,"bu","13:16:09",234200
9400,-80,2000,"bu","13:16:09",233200
9400,-80,200,"bu","13:16:09",231200
9400,-80,100,"bu","13:16:09",231000
9390,-90,3000,"bu","13:16:09",230900
9390,-90,1000,"bu","13:16:08",227900
9390,-90,100,"bu","13:16:08",226900
9380,-100,100,"bu","13:16:06",226800
9380,-100,500,"bu","13:16:04",226700
9380,-100,300,"sd","13:16:03",226200
9380,-100,100,"sd","13:16:03",225900
9380,-100,1000,"sd","13:16:03",225800
9380,-100,400,"unknown","13:15:55",224800
9380,-100,100,"bu","13:15:55",224400
9380,-100,1500,"bu","13:15:51",224300
9380,-100,200,"bu","13:15:51",222800
9380,-100,500,"sd","13:15:50",222600
9380,-100,300,"sd","13:15:50",222100
9380,-100,200,"sd","13:15:50",221800
9380,-100,1700,"bu","13:15:41",221600
9380,-100,300,"bu","13:15:34",219900
9380,-100,100,"bu","13:15:34",219600
9370,-110,5000,"sd","13:15:28",219500
9370,-110,4000,"bu","13:15:25",214500
9370,-110,1200,"bu","13:15:25",210500
9370,-110,3000,"bu","13:15:25",209300
9370,-110,100,"bu","13:15:25",206300
9370,-110,300,"bu","13:15:25",206200
9370,-110,500,"bu","13:15:25",205900
9360,-120,200,"sd","13:15:24",205400
9370,-110,400,"bu","13:15:21",205200
9370,-110,500,"bu","13:15:15",204800
9370,-110,2000,"bu","13:15:13",204300
9370,-110,1500,"bu","13:15:12",202300
9370,-110,6700,"bu","13:15:06",200800
9370,-110,3000,"bu","13:15:06",194100
9370,-110,300,"bu","13:15:06",191100
9370,-110,3000,"bu","13:15:05",190800
9370,-110,4900,"bu","13:15:01",187800
9370,-110,2000,"bu","13:15:01",182900
9370,-110,900,"bu","13:15:01",180900
9370,-110,100,"bu","13:15:01",180000
9370,-110,2100,"bu","13:15:01",179900
9370,-110,1000,"bu","13:14:58",177800
9360,-120,400,"sd","13:14:57",176800
9360,-120,100,"sd","13:14:54",176400
9360,-120,200,"sd","13:14:36",176300
9370,-110,500,"bu","13:14:24",176100
9370,-110,500,"bu","13:14:11",175600
9360,-120,3000,"sd","13:14:04",175100
9360,-120,200,"sd","13:14:04",172100
9360,-120,100,"sd","13:14:04",171900
9370,-110,300,"bu","13:13:55",171800
9360,-120,1100,"sd","13:13:54",171500
9360,-120,1000,"sd","13:13:54",170400
9360,-120,100,"sd","13:13:54",169400
9360,-120,200,"sd","13:13:54",169300
9360,-120,500,"sd","13:13:54",169100
9360,-120,100,"sd","13:13:54",168600
9360,-120,100,"sd","13:13:54",168500
9360,-120,1000,"sd","13:13:54",168400
9360,-120,100,"sd","13:13:54",167400
9360,-120,100,"sd","13:13:54",167300
9360,-120,700,"sd","13:13:54",167200
9360,-120,300,"sd","13:13:28",166500
9360,-120,900,"sd","13:13:28",166200
9360,-120,100,"sd","13:13:11",165300
9360,-120,500,"sd","13:13:10",165200
9360,-120,500,"sd","13:13:10",164700
9360,-120,500,"sd","13:13:10",164200
9360,-120,800,"sd","13:13:10",163700
9360,-120,1000,"sd","13:13:02",162900
9360,-120,200,"sd","13:13:00",161900
9360,-120,300,"sd","13:13:00",161700
9360,-120,100,"sd","13:12:44",161400
9360,-120,9600,"bu","13:12:21",161300
9360,-120,100,"bu","13:12:17",151700
9360,-120,100,"bu","13:12:16",151600
9360,-120,300,"bu","13:12:16",151500
9360,-120,100,"bu","13:12:16",151200
9360,-120,2200,"bu","13:12:11",151100
9360,-120,2800,"bu","13:12:11",148900
9360,-120,1000,"bu","13:11:57",146100
9360,-120,200,"sd","13:11:44",145100
9360,-120,100,"bu","13:11:36",144900
9360,-120,300,"sd","13:11:35",144800
9360,-120,300,"sd","13:11:35",144500
9360,-120,1000,"sd","13:11:35",144200
9360,-120,1000,"sd","13:11:35",143200
9360,-120,500,"sd","13:11:00",142200
9360,-120,1000,"sd","13:11:00",141700
9360,-120,100,"sd","13:11:00",140700
9360,-120,100,"sd","13:11:00",140600
9360,-120,500,"sd","13:11:00",140500
9360,-120,200,"sd","13:11:00",140000
9360,-120,100,"sd","13:11:00",139800
9360,-120,300,"sd","13:11:00",139700
9360,-120,200,"sd","13:11:00",139400
9360,-120,300,"sd","13:11:00",139200
9360,-120,800,"sd","13:11:00",138900
9360,-120,500,"sd","13:10:48",138100
9360,-120,700,"sd","13:10:39",137600
9360,-120,1300,"sd","13:10:39",136900
9370,-110,100,"bu","13:10:32",135600
9360,-120,500,"sd","13:10:31",135500
9360,-120,1000,"sd","13:10:31",135000
9360,-120,1000,"sd","13:10:31",134000
9360,-120,200,"sd","13:10:31",133000
9360,-120,200,"sd","13:10:31",132800
9360,-120,100,"sd","13:10:31",132600
9360,-120,100,"sd","13:10:31",132500
9360,-120,1600,"sd","13:10:31",132400
9360,-120,400,"sd","13:10:31",130800
9360,-120,500,"sd","13:10:29",130400
9360,-120,600,"sd","13:10:26",129900
9360,-120,1500,"sd","13:10:24",129300
9360,-120,300,"sd","13:10:19",127800
9360,-120,300,"sd","13:10:04",127500
9360,-120,100,"sd","13:09:57",127200
9370,-110,200,"bu","13:09:55",127100
9360,-120,1300,"sd","13:09:52",126900
9360,-120,500,"sd","13:09:52",125600
9360,-120,100,"sd","13:09:52",125100
9360,-120,100,"sd","13:09:52",125000
9360,-120,100,"sd","13:09:52",124900
9360,-120,100,"sd","13:09:52",124800
9370,-110,100,"bu","13:09:52",124700
9360,-120,900,"sd","13:09:39",124600
9360,-120,100,"sd","13:09:39",123700
9360,-120,400,"sd","13:09:39",123600
9360,-120,500,"sd","13:09:39",123200
9370,-110,100,"bu","13:09:36",122700
9360,-120,500,"sd","13:09:32",122600
9370,-110,200,"bu","13:09:32",122100
9370,-110,100,"bu","13:09:32",121900
9370,-110,600,"bu","13:09:26",121800
9370,-110,1000,"bu","13:09:21",121200
9370,-110,200,"bu","13:09:20",120200
9370,-110,200,"bu","13:08:50",120000
9370,-110,200,"bu","13:08:49",119800
9370,-110,100,"bu","13:08:46",119600
9370,-110,2000,"bu","13:08:36",119500
9360,-120,2000,"sd","13:08:16",117500
9370,-110,500,"bu","13:08:03",115500
9370,-110,200,"bu","13:08:03",115000
9370,-110,500,"bu","13:08:03",114800
9370,-110,800,"bu","13:08:03",114300
9360,-120,400,"sd","13:07:41",113500
9360,-120,5600,"sd","13:07:41",113100
9370,-110,100,"bu","13:07:35",107500
9370,-110,800,"bu","13:07:35",107400
9360,-120,14400,"sd","13:07:34",106600
9360,-120,200,"sd","13:07:34",92200
9370,-110,500,"bu","13:07:30",92000
9370,-110,100,"sd","13:07:19",91500
9370,-110,100,"bu","13:07:10",91400
9360,-120,1800,"sd","13:07:04",91300
9360,-120,500,"sd","13:07:04",89500
9370,-110,100,"sd","13:07:04",89000
9370,-110,100,"sd","13:07:04",88900
9370,-110,300,"sd","13:06:56",88800
9380,-100,100,"bu","13:06:52",88500
9380,-100,1100,"sd","13:06:41",88400
9380,-100,100,"sd","13:06:41",87300
9380,-100,100,"sd","13:06:41",87200
9380,-100,400,"sd","13:06:41",87100
9390,-90,100,"bu","13:06:32",86700
9380,-100,400,"sd","13:06:32",86600
9380,-100,100,"sd","13:06:32",86200
9380,-100,300,"sd","13:06:13",86100
9380,-100,700,"sd","13:06:13",85800
9390,-90,100,"sd","13:06:12",85100
9400,-80,100,"bu","13:06:01",85000
9390,-90,200,"sd","13:06:01",84900
9400,-80,300,"bu","13:05:48",84700
9380,-100,300,"sd","13:05:41",84400
9380,-100,1000,"sd","13:05:41",84100
9380,-100,100,"sd","13:05:41",83100
9380,-100,100,"sd","13:05:41",83000
9380,-100,100,"sd","13:05:32",82900
9400,-80,2000,"bu","13:05:31",82800
9400,-80,500,"bu","13:05:29",80800
9400,-80,100,"bu","13:05:19",80300
9400,-80,200,"bu","13:05:18",80200
9400,-80,5000,"bu","13:05:05",80000
9400,-80,200,"sd","13:05:05",75000
9400,-80,200,"sd","13:05:05",74800
9400,-80,400,"sd","13:05:05",74600
9400,-80,1000,"sd","13:05:05",74200
9400,-80,500,"sd","13:05:05",73200
9400,-80,5900,"sd","13:05:05",72700
9400,-80,1200,"sd","13:05:02",66800
9400,-80,100,"sd","13:05:02",65600
9400,-80,500,"sd","13:05:02",65500
9400,-80,1000,"sd","13:05:02",65000
9400,-80,1000,"sd","13:05:02",64000
9400,-80,100,"sd","13:05:02",63000
9400,-80,1100,"sd","13:05:02",62900
9400,-80,900,"sd","13:04:56",61800
9420,-60,200,"sd","13:04:54",60900
9400,-80,1500,"sd","13:04:50",60700
9400,-80,400,"sd","13:04:46",59200
9400,-80,400,"sd","13:04:46",58800
9400,-80,800,"sd","13:04:36",58400
9400,-80,5300,"sd","13:04:36",57600
9410,-70,1000,"sd","13:04:36",52300
9440,-40,500,"sd","13:04:36",51300
9400,-80,500,"sd","13:04:17",50800
9410,-70,200,"sd","13:04:17",50300
9460,-20,200,"bu","13:04:13",50100
9400,-80,1900,"sd","13:04:09",49900
9460,-20,300,"bu","13:03:55",48000
9450,-30,1000,"bu","13:03:55",47700
9400,-80,100,"sd","13:03:55",46700
9400,-80,10000,"sd","13:03:39",46600
9400,-80,300,"sd","13:03:26",36600
9400,-80,600,"sd","13:03:20",36300
9410,-70,400,"sd","13:03:20",35700
9410,-70,100,"sd","13:03:18",35300
9460,-20,100,"bu","13:03:14",35200
9400,-80,500,"sd","13:02:59",35100
9400,-80,7000,"sd","13:02:57",34600
9460,-20,300,"bu","13:02:56",27600
9400,-80,4800,"bu","13:02:24",27300
9400,-80,1000,"sd","13:02:14",22500
9400,-80,100,"sd","13:02:14",21500
9400,-80,1000,"sd","13:02:14",21400
9400,-80,600,"sd","13:02:14",20400
9460,-20,100,"bu","13:01:56",19800
9470,-10,100,"bu","13:01:47",19700
9470,-10,500,"bu","13:01:47",19600
9470,-10,400,"bu","13:01:47",19100
9470,-10,100,"bu","13:01:33",18700
9470,-10,400,"bu","13:01:19",18600
9470,-10,100,"bu","13:01:10",18200
9400,-80,400,"sd","13:01:00",18100
9400,-80,100,"sd","13:01:00",17700
9400,-80,4500,"sd","13:01:00",17600
9400,-80,1500,"sd","13:00:38",13100
9420,-60,500,"sd","13:00:38",11600
9480,0,2800,"bu","13:00:30",11100
9480,0,200,"bu","13:00:30",8300
9400,-80,3000,"sd","13:00:22",8100
9400,-80,1000,"sd","13:00:16",5100
9480,0,200,"bu","13:00:14",4100
9210,-270,3300,"sd","13:00:03",3900
9250,-230,100,"sd","13:00:03",600
9300,-180,400,"sd","13:00:03",500
9300,-180,100,"sd","13:00:01",100
