"price","change","match_qtty","side","time","total_vol"
5700,0,16900,"bu","14:45:02",589700
5600,-100,500,"sd","14:26:50",572800
5600,-100,600,"sd","14:25:32",572300
5600,-100,3000,"sd","14:24:57",571700
5600,-100,10000,"sd","14:22:42",568700
5700,0,200,"bu","14:22:23",558700
5700,0,100,"bu","14:21:59",558500
5700,0,100,"bu","14:21:02",558400
5700,0,1500,"bu","14:20:32",558300
5700,0,100,"bu","14:18:45",556800
5600,-100,1000,"sd","14:16:51",556700
5600,-100,10000,"sd","14:14:21",555700
5700,0,200,"bu","14:12:58",545700
5600,-100,10000,"sd","14:08:50",545500
5600,-100,100,"sd","14:04:18",535500
5600,-100,1500,"sd","14:02:30",535400
5600,-100,2400,"sd","14:01:45",533900
5600,-100,1500,"sd","14:01:08",531500
5600,-100,500,"sd","13:55:55",530000
5600,-100,1000,"sd","13:55:09",529500
5600,-100,5000,"sd","13:54:45",528500
5600,-100,10000,"sd","13:54:40",523500
5600,-100,66800,"bu","13:41:50",513500
5600,-100,1000,"bu","13:39:39",446700
5600,-100,300,"bu","13:39:32",445700
5600,-100,400,"bu","13:39:31",445400
5600,-100,100,"bu","13:39:23",445000
5600,-100,6500,"bu","13:39:22",444900
5600,-100,2000,"bu","13:39:20",438400
5600,-100,100,"bu","13:38:58",436400
5600,-100,2200,"bu","13:38:48",436300
5600,-100,100,"bu","13:38:30",434100
5600,-100,50000,"bu","13:38:28",434000
5600,-100,100,"bu","13:38:21",384000
5600,-100,300,"bu","13:37:52",383900
5600,-100,1000,"bu","13:36:17",383600
5600,-100,1000,"bu","13:35:32",382600
5600,-100,100,"bu","13:33:57",381600
5600,-100,100,"bu","13:32:27",381500
5600,-100,100,"bu","13:30:48",381400
5600,-100,300,"bu","13:30:18",381300
5600,-100,9000,"bu","13:28:25",381000
5600,-100,1000,"bu","13:26:31",372000
5600,-100,100,"bu","13:23:21",371000
5600,-100,1300,"bu","13:22:22",370900
5600,-100,7000,"bu","13:21:48",369600
5600,-100,1000,"bu","13:20:47",362600
5600,-100,400,"bu","13:20:24",361600
5600,-100,400,"bu","13:19:56",361200
5600,-100,200,"bu","13:18:07",360800
5500,-200,300,"sd","13:11:03",360600
5500,-200,5000,"sd","13:09:50",360300
5500,-200,9600,"sd","13:09:30",355300
5500,-200,6100,"sd","13:08:09",345700
5600,-100,1000,"bu","13:07:36",339600
5600,-100,2700,"bu","13:05:59",338600
5600,-100,100,"bu","13:04:50",335900
5600,-100,12700,"bu","13:04:46",335800
5600,-100,500,"bu","13:00:09",323100
5600,-100,100,"bu","11:26:26",322600
5500,-200,300,"sd","11:26:07",322500
5600,-100,100,"bu","11:24:52",322200
5500,-200,1000,"sd","11:22:51",322100
5500,-200,100,"sd","11:20:38",321100
5500,-200,2000,"sd","11:20:22",321000
5500,-200,200,"sd","11:18:19",319000
5500,-200,500,"sd","11:18:15",318800
5500,-200,30000,"sd","11:16:52",318300
5500,-200,20000,"sd","11:16:15",288300
5600,-100,300,"bu","11:11:38",268300
5600,-100,100,"bu","11:03:39",268000
5600,-100,1000,"bu","11:00:58",267900
5600,-100,400,"bu","10:58:42",266900
5500,-200,1000,"sd","10:57:03",266500
5500,-200,2000,"sd","10:57:02",265500
5600,-100,500,"bu","10:55:34",263500
5600,-100,11700,"bu","10:52:59",263000
5600,-100,100,"sd","10:51:31",251300
5600,-100,25000,"sd","10:50:44",251200
5600,-100,10000,"sd","10:50:26",226200
5600,-100,2000,"sd","10:49:12",216200
5600,-100,5000,"sd","10:46:21",214200
5600,-100,10400,"sd","10:44:58",209200
5600,-100,1000,"sd","10:40:04",198800
5600,-100,10400,"bu","10:36:20",197800
5600,-100,2000,"bu","10:35:30",187400
5600,-100,100,"bu","10:34:42",185400
5600,-100,100,"bu","10:34:19",185300
5600,-100,100,"bu","10:34:03",185200
5600,-100,100,"bu","10:33:37",185100
5600,-100,900,"bu","10:32:20",185000
5600,-100,100,"bu","10:31:43",184100
5600,-100,100,"bu","10:31:28",184000
5600,-100,1200,"bu","10:30:51",183900
5600,-100,2000,"bu","10:30:13",182700
5600,-100,400,"bu","10:29:45",180700
5600,-100,500,"bu","10:29:38",180300
5600,-100,200,"bu","10:29:21",179800
5600,-100,200,"bu","10:29:13",179600
5600,-100,200,"bu","10:28:48",179400
5600,-100,500,"bu","10:28:38",179200
5600,-100,500,"bu","10:28:30",178700
5600,-100,500,"bu","10:27:56",178200
5600,-100,1000,"bu","10:27:52",177700
5600,-100,400,"bu","10:27:33",176700
5600,-100,200,"bu","10:27:32",176300
5600,-100,200,"bu","10:27:18",176100
5600,-100,100,"bu","10:27:05",175900
5600,-100,100,"bu","10:26:55",175800
5600,-100,7400,"sd","10:26:13",175700
5600,-100,300,"sd","10:23:26",168300
5600,-100,100,"sd","10:23:02",168000
5600,-100,3000,"sd","10:18:59",167900
5600,-100,5000,"sd","10:17:56",164900
5600,-100,2200,"sd","10:17:52",159900
5600,-100,20000,"sd","10:17:38",157700
5600,-100,300,"sd","10:17:21",137700
5600,-100,10000,"sd","10:15:10",137400
5600,-100,900,"sd","10:13:58",127400
5600,-100,2000,"sd","10:13:26",126500
5600,-100,500,"sd","10:10:21",124500
5600,-100,800,"sd","10:08:24",124000
5600,-100,400,"sd","10:04:02",123200
5600,-100,25900,"sd","10:01:45",122800
5600,-100,8500,"sd","10:00:23",96900
5600,-100,10500,"sd","09:59:17",88400
5600,-100,20000,"sd","09:59:12",77900
5600,-100,3000,"sd","09:59:00",57900
5600,-100,1500,"sd","09:58:51",54900
5600,-100,18000,"sd","09:57:35",53400
5700,0,1000,"bu","09:56:53",35400
5700,0,5000,"bu","09:56:05",34400
5700,0,100,"bu","09:54:12",29400
5600,-100,1000,"sd","09:52:44",29300
5600,-100,100,"sd","09:52:05",28300
5700,0,100,"bu","09:50:21",28200
5600,-100,4300,"sd","09:49:33",28100
5700,0,100,"bu","09:49:27",23800
5600,-100,1900,"sd","09:48:17",23700
5600,-100,100,"sd","09:47:55",21800
5700,0,200,"bu","09:47:05",21700
5700,0,800,"bu","09:46:02",21500
5700,0,1500,"bu","09:43:46",20700
5700,0,600,"bu","09:42:13",19200
5700,0,1100,"bu","09:41:24",18600
5700,0,10000,"bu","09:36:51",17500
5700,0,1000,"bu","09:28:11",7500
5700,0,400,"bu","09:26:43",6500
5700,0,4000,"bu","09:23:42",6100
5700,0,2000,"bu","09:11:28",2100
5700,0,100,"bu","09:00:09",100
