"price","change","match_qtty","side","time","total_vol"
7470,10,219000,"unknown","14:45:01",5592300
7460,0,500,"sd","14:29:56",5373300
7470,10,1500,"bu","14:29:54",5372800
7470,10,500,"bu","14:29:53",5371300
7460,0,100,"sd","14:29:41",5370800
7460,0,13000,"sd","14:29:41",5370700
7470,10,300,"bu","14:29:41",5357700
7470,10,100,"bu","14:29:40",5357400
7460,0,3500,"sd","14:29:39",5357300
7460,0,6000,"sd","14:29:38",5353800
7460,0,200,"sd","14:29:32",5347800
7460,0,10000,"sd","14:29:29",5347600
7460,0,3300,"sd","14:29:25",5337600
7470,10,100,"bu","14:29:20",5334300
7460,0,40200,"sd","14:29:06",5334200
7460,0,1500,"sd","14:29:04",5294000
7460,0,200,"sd","14:29:00",5292500
7470,10,1000,"bu","14:28:59",5292300
7470,10,20000,"bu","14:28:59",5291300
7470,10,400,"bu","14:28:56",5271300
7470,10,1300,"bu","14:28:54",5270900
7470,10,400,"bu","14:28:52",5269600
7460,0,100,"sd","14:28:52",5269200
7460,0,100,"sd","14:28:52",5269100
7460,0,100,"sd","14:28:52",5269000
7460,0,1000,"sd","14:28:52",5268900
7460,0,1000,"sd","14:28:52",5267900
7460,0,200,"sd","14:28:52",5266900
7460,0,500,"sd","14:28:52",5266700
7460,0,2000,"sd","14:28:52",5266200
7460,0,3000,"sd","14:28:52",5264200
7460,0,2000,"sd","14:28:52",5261200
7460,0,800,"sd","14:28:52",5259200
7460,0,2000,"sd","14:28:52",5258400
7460,0,15100,"sd","14:28:52",5256400
7460,0,200,"sd","14:28:52",5241300
7460,0,1900,"sd","14:28:52",5241100
7470,10,10000,"bu","14:28:50",5239200
7460,0,400,"sd","14:28:50",5229200
7460,0,300,"sd","14:28:50",5228800
7460,0,1000,"sd","14:28:50",5228500
7460,0,500,"sd","14:28:50",5227500
7460,0,100,"sd","14:28:50",5227000
7460,0,1000,"sd","14:28:50",5226900
7460,0,200,"sd","14:28:50",5225900
7460,0,500,"sd","14:28:50",5225700
7460,0,400,"sd","14:28:50",5225200
7460,0,1100,"sd","14:28:50",5224800
7460,0,2700,"sd","14:28:50",5223700
7460,0,100,"sd","14:28:50",5221000
7460,0,100,"sd","14:28:50",5220900
7460,0,1600,"sd","14:28:50",5220800
7460,0,400,"sd","14:28:48",5219200
7460,0,100,"sd","14:28:48",5218800
7460,0,500,"sd","14:28:48",5218700
7470,10,5600,"bu","14:28:42",5218200
7470,10,1000,"bu","14:28:42",5212600
7460,0,500,"sd","14:28:41",5211600
7460,0,3000,"sd","14:28:38",5211100
7460,0,100,"sd","14:28:32",5208100
7460,0,100,"sd","14:28:30",5208000
7470,10,5000,"bu","14:28:30",5207900
7470,10,100,"bu","14:28:17",5202900
7470,10,200,"bu","14:28:06",5202800
7470,10,5000,"bu","14:27:55",5202600
7460,0,500,"sd","14:27:44",5197600
7470,10,2000,"bu","14:27:43",5197100
7460,0,500,"sd","14:27:34",5195100
7470,10,5000,"bu","14:27:32",5194600
7470,10,200,"bu","14:27:28",5189600
7470,10,500,"bu","14:27:11",5189400
7470,10,600,"sd","14:27:08",5188900
7470,10,100,"sd","14:27:08",5188300
7470,10,10000,"sd","14:27:08",5188200
7470,10,500,"sd","14:27:08",5178200
7470,10,1800,"sd","14:27:08",5177700
7470,10,2000,"sd","14:27:08",5175900
7470,10,400,"sd","14:27:08",5173900
7470,10,500,"sd","14:27:02",5173500
7480,20,5000,"bu","14:26:59",5173000
7480,20,600,"bu","14:26:34",5168000
7480,20,600,"bu","14:26:29",5167400
7480,20,100,"bu","14:26:23",5166800
7480,20,4300,"bu","14:26:11",5166700
7480,20,1000,"bu","14:26:11",5162400
7480,20,2700,"bu","14:26:11",5161400
7480,20,200,"bu","14:26:11",5158700
7480,20,1500,"bu","14:26:02",5158500
7480,20,100,"bu","14:25:51",5157000
7470,10,1000,"sd","14:25:45",5156900
7470,10,100,"sd","14:25:43",5155900
7470,10,100,"bu","14:25:37",5155800
7470,10,200,"bu","14:25:37",5155700
7470,10,200,"bu","14:25:37",5155500
7470,10,500,"bu","14:25:37",5155300
7470,10,2800,"bu","14:25:37",5154800
7470,10,300,"bu","14:25:37",5152000
7470,10,2000,"bu","14:25:37",5151700
7470,10,5700,"bu","14:25:37",5149700
7470,10,1000,"bu","14:25:34",5144000
7470,10,2000,"bu","14:25:28",5143000
7470,10,500,"bu","14:25:26",5141000
7470,10,200,"bu","14:25:24",5140500
7470,10,200,"bu","14:25:21",5140300
7470,10,100,"bu","14:25:19",5140100
7470,10,5800,"bu","14:25:18",5140000
7470,10,400,"bu","14:25:14",5134200
7470,10,10000,"bu","14:25:13",5133800
7470,10,300,"bu","14:24:56",5123800
7470,10,500,"bu","14:24:51",5123500
7470,10,100,"bu","14:24:48",5123000
7470,10,1000,"bu","14:24:32",5122900
7470,10,100,"bu","14:24:16",5121900
7460,0,1500,"sd","14:24:03",5121800
7460,0,2500,"sd","14:24:03",5120300
7460,0,500,"sd","14:23:57",5117800
7460,0,2100,"sd","14:23:47",5117300
7470,10,200,"bu","14:23:43",5115200
7470,10,200,"bu","14:23:12",5115000
7460,0,1000,"sd","14:22:48",5114800
7470,10,200,"bu","14:22:41",5113800
7470,10,1000,"bu","14:22:33",5113600
7470,10,500,"bu","14:22:24",5112600
7460,0,200,"sd","14:22:23",5112100
7470,10,500,"bu","14:22:15",5111900
7470,10,1000,"bu","14:22:15",5111400
7470,10,100,"bu","14:22:15",5110400
7470,10,6000,"bu","14:22:15",5110300
7470,10,1400,"bu","14:22:15",5104300
7470,10,100,"bu","14:22:10",5102900
7460,0,200,"sd","14:22:06",5102800
7460,0,4000,"sd","14:21:57",5102600
7460,0,600,"sd","14:21:49",5098600
7470,10,100,"bu","14:21:43",5098000
7470,10,200,"bu","14:21:39",5097900
7470,10,2400,"bu","14:21:37",5097700
7470,10,600,"bu","14:21:31",5095300
7460,0,5000,"sd","14:21:30",5094700
7470,10,500,"bu","14:21:25",5089700
7470,10,2000,"bu","14:21:21",5089200
7470,10,100,"bu","14:21:08",5087200
7470,10,1300,"bu","14:20:57",5087100
7470,10,100,"bu","14:20:44",5085800
7470,10,100,"bu","14:20:39",5085700
7470,10,100,"bu","14:20:38",5085600
7470,10,500,"bu","14:20:35",5085500
7470,10,300,"bu","14:20:29",5085000
7470,10,200,"bu","14:20:25",5084700
7470,10,100,"bu","14:20:25",5084500
7470,10,200,"bu","14:20:25",5084400
7470,10,100,"bu","14:20:25",5084200
7470,10,300,"bu","14:20:25",5084100
7470,10,400,"bu","14:20:25",5083800
7470,10,100,"bu","14:20:06",5083400
7460,0,500,"bu","14:20:00",5083300
7460,0,6700,"bu","14:20:00",5082800
7460,0,3300,"bu","14:19:56",5076100
7460,0,6700,"bu","14:19:56",5072800
7460,0,200,"bu","14:19:45",5066100
7460,0,1200,"bu","14:19:42",5065900
7460,0,400,"bu","14:19:42",5064700
7460,0,2000,"bu","14:19:33",5064300
7460,0,200,"bu","14:19:33",5062300
7460,0,2000,"bu","14:19:17",5062100
7460,0,2000,"bu","14:19:13",5060100
7460,0,9000,"bu","14:19:09",5058100
7460,0,3100,"sd","14:19:09",5049100
7460,0,500,"sd","14:19:09",5046000
7460,0,1000,"sd","14:19:09",5045500
7460,0,1000,"sd","14:19:09",5044500
7460,0,700,"sd","14:19:09",5043500
7470,10,100,"bu","14:19:06",5042800
7470,10,1000,"bu","14:19:03",5042700
7470,10,200,"bu","14:19:00",5041700
7470,10,800,"bu","14:18:56",5041500
7470,10,1000,"bu","14:18:53",5040700
7470,10,1000,"bu","14:18:46",5039700
7470,10,300,"bu","14:18:41",5038700
7470,10,3600,"bu","14:18:40",5038400
7470,10,1400,"bu","14:18:40",5034800
7460,0,200,"sd","14:18:39",5033400
7470,10,200,"bu","14:18:29",5033200
7460,0,3700,"bu","14:18:26",5033000
7450,-10,100,"sd","14:18:24",5029300
7460,0,500,"bu","14:18:24",5029200
7460,0,800,"bu","14:18:22",5028700
7460,0,200,"bu","14:18:22",5027900
7460,0,1200,"sd","14:18:16",5027700
7460,0,100,"sd","14:18:12",5026500
7460,0,500,"bu","14:18:10",5026400
7460,0,100,"bu","14:18:10",5025900
7460,0,100,"bu","14:18:10",5025800
7460,0,800,"bu","14:18:10",5025700
7460,0,1300,"bu","14:18:08",5024900
7460,0,100,"bu","14:17:58",5023600
7460,0,1000,"bu","14:17:53",5023500
7460,0,100,"bu","14:17:50",5022500
7460,0,200,"bu","14:17:46",5022400
7460,0,800,"sd","14:17:46",5022200
7460,0,1000,"sd","14:17:46",5021400
7460,0,200,"sd","14:17:46",5020400
7460,0,2000,"sd","14:17:46",5020200
7460,0,1000,"sd","14:17:46",5018200
7460,0,2000,"sd","14:17:40",5017200
7470,10,100,"bu","14:17:36",5015200
7470,10,100,"bu","14:17:28",5015100
7460,0,100,"sd","14:17:27",5015000
7460,0,1900,"sd","14:17:21",5014900
7460,0,100,"sd","14:17:21",5013000
7460,0,1000,"sd","14:17:21",5012900
7460,0,800,"sd","14:17:21",5011900
7460,0,400,"sd","14:17:21",5011100
7460,0,100,"sd","14:17:21",5010700
7460,0,1000,"sd","14:17:20",5010600
7460,0,200,"sd","14:17:20",5009600
7460,0,100,"sd","14:17:20",5009400
7460,0,500,"sd","14:17:20",5009300
7460,0,2000,"sd","14:17:20",5008800
7460,0,100,"sd","14:17:20",5006800
7460,0,1000,"sd","14:17:20",5006700
7460,0,100,"sd","14:17:20",5005700
7460,0,5000,"sd","14:17:20",5005600
7460,0,700,"sd","14:17:20",5000600
7470,10,100,"bu","14:17:19",4999900
7460,0,200,"sd","14:17:16",4999800
7460,0,1100,"sd","14:17:16",4999600
7460,0,500,"sd","14:17:16",4998500
7460,0,200,"sd","14:17:16",4998000
7470,10,500,"bu","14:17:12",4997800
7470,10,100,"bu","14:17:10",4997300
7470,10,300,"bu","14:17:09",4997200
7470,10,500,"bu","14:17:06",4996900
7470,10,100,"sd","14:17:03",4996400
7470,10,4000,"sd","14:17:03",4996300
7470,10,600,"sd","14:17:03",4992300
7480,20,11400,"bu","14:17:01",4991700
7480,20,100,"bu","14:17:01",4980300
7480,20,28500,"bu","14:17:01",4980200
7480,20,100,"bu","14:16:58",4951700
7480,20,200,"bu","14:16:56",4951600
7480,20,200,"bu","14:16:56",4951400
7480,20,1000,"bu","14:16:51",4951200
7470,10,400,"sd","14:16:48",4950200
7470,10,500,"sd","14:16:48",4949800
7470,10,100,"sd","14:16:48",4949300
7480,20,1000,"sd","14:16:41",4949200
7480,20,5000,"sd","14:16:41",4948200
7480,20,500,"sd","14:16:41",4943200
7480,20,200,"sd","14:16:41",4942700
7480,20,100,"sd","14:16:41",4942500
7480,20,1000,"sd","14:16:41",4942400
7480,20,5000,"sd","14:16:41",4941400
7480,20,1000,"sd","14:16:41",4936400
7480,20,300,"sd","14:16:41",4935400
7480,20,1200,"sd","14:16:41",4935100
7480,20,100,"sd","14:16:41",4933900
7480,20,100,"sd","14:16:41",4933800
7480,20,500,"sd","14:16:41",4933700
7480,20,100,"sd","14:16:41",4933200
7480,20,3900,"sd","14:16:41",4933100
7480,20,1500,"sd","14:16:40",4929200
7490,30,1000,"bu","14:16:38",4927700
7490,30,200,"sd","14:16:23",4926700
7490,30,5300,"sd","14:16:23",4926500
7500,40,200,"bu","14:16:23",4921200
7490,30,2200,"sd","14:16:16",4921000
7490,30,2500,"sd","14:16:12",4918800
7490,30,500,"sd","14:16:12",4916300
7490,30,400,"sd","14:16:07",4915800
7490,30,400,"sd","14:16:07",4915400
7490,30,100,"sd","14:16:07",4915000
7490,30,100,"sd","14:16:07",4914900
7490,30,5000,"sd","14:16:06",4914800
7490,30,300,"sd","14:16:02",4909800
7490,30,14600,"sd","14:16:01",4909500
7490,30,3400,"sd","14:16:01",4894900
7500,40,1000,"bu","14:15:53",4891500
7500,40,100,"bu","14:15:52",4890500
7490,30,1000,"sd","14:15:45",4890400
7490,30,400,"sd","14:15:31",4889400
7500,40,100,"bu","14:15:21",4889000
7500,40,200,"bu","14:15:10",4888900
7490,30,200,"sd","14:15:01",4888700
7490,30,100,"sd","14:15:01",4888500
7500,40,100,"bu","14:14:54",4888400
7500,40,500,"bu","14:14:52",4888300
7500,40,200,"bu","14:14:48",4887800
7500,40,300,"bu","14:14:46",4887600
7500,40,200,"bu","14:14:44",4887300
7500,40,2400,"bu","14:14:44",4887100
7500,40,100,"bu","14:14:42",4884700
7500,40,700,"bu","14:14:32",4884600
7500,40,300,"bu","14:14:27",4883900
7500,40,100,"bu","14:14:18",4883600
7500,40,1000,"bu","14:14:17",4883500
7500,40,100,"bu","14:14:10",4882500
7490,30,1100,"sd","14:14:06",4882400
7490,30,1000,"sd","14:14:06",4881300
7500,40,200,"bu","14:14:03",4880300
7500,40,100,"bu","14:13:53",4880100
7500,40,2000,"bu","14:13:53",4880000
7500,40,5000,"bu","14:13:53",4878000
7500,40,20000,"bu","14:13:53",4873000
7500,40,2000,"bu","14:13:53",4853000
7500,40,800,"bu","14:13:53",4851000
7500,40,500,"bu","14:13:53",4850200
7500,40,200,"bu","14:13:53",4849700
7500,40,200,"bu","14:13:53",4849500
7490,30,100,"sd","14:13:49",4849300
7490,30,100,"sd","14:13:49",4849200
7490,30,200,"sd","14:13:49",4849100
7490,30,600,"sd","14:13:49",4848900
7490,30,2200,"sd","14:13:49",4848300
7490,30,500,"sd","14:13:49",4846100
7490,30,300,"sd","14:13:49",4845600
7490,30,600,"sd","14:13:49",4845300
7500,40,100,"bu","14:13:45",4844700
7500,40,100,"bu","14:13:27",4844600
7500,40,1000,"bu","14:13:17",4844500
7490,30,200,"sd","14:13:16",4843500
7500,40,200,"bu","14:13:13",4843300
7500,40,200,"bu","14:12:41",4843100
7490,30,100,"sd","14:12:19",4842900
7490,30,400,"sd","14:12:19",4842800
7500,40,100,"bu","14:12:12",4842400
7490,30,400,"sd","14:12:10",4842300
7500,40,100,"bu","14:12:09",4841900
7500,40,100,"bu","14:12:09",4841800
7490,30,400,"bu","14:11:52",4841700
7490,30,100,"bu","14:11:38",4841300
7480,20,400,"sd","14:11:13",4841200
7490,30,5000,"bu","14:11:09",4840800
7490,30,100,"bu","14:11:07",4835800
7480,20,1000,"sd","14:11:01",4835700
7480,20,13200,"sd","14:10:53",4834700
7490,30,200,"sd","14:10:53",4821500
7490,30,500,"sd","14:10:53",4821300
7490,30,2100,"sd","14:10:53",4820800
7490,30,200,"sd","14:10:53",4818700
7490,30,100,"sd","14:10:53",4818500
7490,30,20000,"sd","14:10:53",4818400
7490,30,5500,"sd","14:10:53",4798400
7500,40,100,"bu","14:10:35",4792900
7490,30,300,"sd","14:10:32",4792800
7490,30,4000,"sd","14:10:24",4792500
7490,30,100,"sd","14:10:18",4788500
7490,30,100,"sd","14:10:05",4788400
7490,30,900,"sd","14:10:05",4788300
7500,40,100,"bu","14:10:05",4787400
7500,40,1000,"bu","14:09:51",4787300
7490,30,100,"sd","14:09:51",4786300
7490,30,100,"sd","14:09:51",4786200
7500,40,200,"bu","14:09:33",4786100
7500,40,500,"bu","14:09:29",4785900
7490,30,100,"sd","14:09:28",4785400
7500,40,200,"bu","14:09:18",4785300
7500,40,400,"bu","14:09:12",4785100
7500,40,200,"bu","14:09:08",4784700
7500,40,200,"bu","14:09:00",4784500
7500,40,500,"sd","14:08:58",4784300
7500,40,200,"sd","14:08:58",4783800
7500,40,200,"sd","14:08:58",4783600
7500,40,100,"sd","14:08:58",4783400
7500,40,1000,"sd","14:08:58",4783300
7500,40,500,"sd","14:08:56",4782300
7500,40,100,"sd","14:08:56",4781800
7500,40,400,"sd","14:08:56",4781700
7500,40,500,"sd","14:08:54",4781300
7500,40,200,"sd","14:08:53",4780800
7500,40,100,"sd","14:08:46",4780600
7500,40,2000,"sd","14:08:45",4780500
7500,40,1000,"sd","14:08:45",4778500
7500,40,200,"sd","14:08:45",4777500
7500,40,500,"sd","14:08:45",4777300
7500,40,1300,"sd","14:08:45",4776800
7500,40,500,"sd","14:08:41",4775500
7500,40,500,"sd","14:08:32",4775000
7510,50,1000,"bu","14:08:30",4774500
7510,50,200,"bu","14:08:27",4773500
7510,50,200,"bu","14:08:20",4773300
7510,50,400,"bu","14:08:20",4773100
7510,50,100,"bu","14:08:14",4772700
7510,50,900,"bu","14:08:14",4772600
7510,50,100,"bu","14:08:10",4771700
7510,50,1000,"bu","14:08:09",4771600
7500,40,500,"sd","14:08:03",4770600
7500,40,5000,"sd","14:08:03",4770100
7500,40,1000,"sd","14:08:03",4765100
7510,50,300,"bu","14:08:00",4764100
7510,50,100,"bu","14:07:57",4763800
7500,40,800,"sd","14:07:46",4763700
7500,40,1200,"sd","14:07:46",4762900
7510,50,100,"sd","14:07:43",4761700
7520,60,3000,"bu","14:07:42",4761600
7520,60,700,"bu","14:07:42",4758600
7520,60,100,"bu","14:07:39",4757900
7510,50,600,"sd","14:07:38",4757800
7510,50,9400,"sd","14:07:38",4757200
7510,50,200,"sd","14:07:32",4747800
7510,50,2000,"sd","14:07:32",4747600
7510,50,4000,"sd","14:07:29",4745600
7520,60,100,"bu","14:07:26",4741600
7520,60,300,"bu","14:07:26",4741500
7520,60,100,"bu","14:07:25",4741200
7520,60,100,"bu","14:07:07",4741100
7520,60,1000,"bu","14:07:07",4741000
7520,60,6900,"bu","14:07:07",4740000
7520,60,500,"bu","14:06:56",4733100
7520,60,100,"bu","14:06:53",4732600
7510,50,100,"sd","14:06:47",4732500
7510,50,2000,"sd","14:06:46",4732400
7510,50,100,"sd","14:06:42",4730400
7510,50,300,"sd","14:06:41",4730300
7510,50,1000,"sd","14:06:37",4730000
7510,50,800,"sd","14:06:33",4729000
7510,50,100,"sd","14:06:33",4728200
7510,50,1900,"sd","14:06:33",4728100
7510,50,500,"sd","14:06:25",4726200
7520,60,100,"bu","14:06:22",4725700
7510,50,100,"sd","14:06:21",4725600
7510,50,100,"bu","14:06:19",4725500
7510,50,1000,"bu","14:06:19",4725400
7510,50,500,"bu","14:06:19",4724400
7510,50,100,"bu","14:06:19",4723900
7510,50,100,"bu","14:06:19",4723800
7510,50,200,"bu","14:06:19",4723700
7510,50,100,"bu","14:06:19",4723500
7510,50,2300,"bu","14:06:19",4723400
7500,40,100,"sd","14:06:16",4721100
7500,40,1100,"sd","14:06:11",4721000
7500,40,1000,"sd","14:06:11",4719900
7500,40,400,"sd","14:06:11",4718900
7500,40,1300,"sd","14:06:11",4718500
7500,40,700,"sd","14:06:11",4717200
7500,40,500,"sd","14:06:11",4716500
7500,40,500,"sd","14:06:10",4716000
7510,50,2700,"sd","14:06:07",4715500
7520,60,5000,"bu","14:06:06",4712800
7510,50,5000,"sd","14:06:05",4707800
7510,50,2000,"sd","14:06:05",4702800
7510,50,300,"sd","14:06:01",4700800
7520,60,1000,"bu","14:05:59",4700500
7520,60,1400,"bu","14:05:55",4699500
7520,60,100,"bu","14:05:55",4698100
7520,60,100,"bu","14:05:49",4698000
7520,60,100,"bu","14:05:49",4697900
7520,60,100,"bu","14:05:49",4697800
7520,60,100,"bu","14:05:49",4697700
7520,60,200,"bu","14:05:49",4697600
7520,60,500,"bu","14:05:48",4697400
7520,60,1000,"bu","14:05:35",4696900
7520,60,300,"bu","14:05:32",4695900
7520,60,200,"bu","14:05:32",4695600
7520,60,1000,"bu","14:05:32",4695400
7520,60,5000,"bu","14:05:32",4694400
7520,60,400,"bu","14:05:32",4689400
7520,60,1000,"bu","14:05:32",4689000
7520,60,1400,"bu","14:05:32",4688000
7520,60,1000,"bu","14:05:32",4686600
7520,60,100,"bu","14:05:21",4685600
7520,60,200,"bu","14:05:21",4685500
7520,60,700,"bu","14:05:21",4685300
7520,60,200,"bu","14:05:20",4684600
7520,60,100,"bu","14:05:18",4684400
7520,60,500,"bu","14:05:05",4684300
7520,60,700,"bu","14:05:05",4683800
7520,60,500,"bu","14:05:05",4683100
7520,60,100,"bu","14:05:05",4682600
7520,60,200,"bu","14:05:05",4682500
7520,60,8000,"bu","14:05:05",4682300
7520,60,800,"bu","14:05:04",4674300
7500,40,2100,"sd","14:05:04",4673500
7510,50,1900,"sd","14:05:04",4671400
7510,50,1000,"sd","14:05:04",4669500
7520,60,100,"bu","14:05:04",4668500
7520,60,1000,"bu","14:05:04",4668400
7520,60,100,"bu","14:05:02",4667400
7520,60,100,"bu","14:05:02",4667300
7520,60,500,"bu","14:05:02",4667200
7520,60,200,"bu","14:05:02",4666700
7520,60,100,"bu","14:05:02",4666500
7510,50,2000,"sd","14:05:01",4666400
7510,50,3000,"sd","14:05:01",4664400
7520,60,1200,"bu","14:04:55",4661400
7520,60,700,"bu","14:04:49",4660200
7520,60,300,"bu","14:04:49",4659500
7510,50,100,"sd","14:04:49",4659200
7520,60,200,"bu","14:04:46",4659100
7510,50,100,"bu","14:04:42",4658900
7510,50,1000,"bu","14:04:42",4658800
7510,50,800,"bu","14:04:42",4657800
7510,50,200,"bu","14:04:41",4657000
7510,50,1800,"bu","14:04:41",4656800
7510,50,100,"bu","14:04:41",4655000
7510,50,400,"bu","14:04:39",4654900
7510,50,100,"bu","14:04:39",4654500
7510,50,1800,"bu","14:04:39",4654400
7510,50,700,"bu","14:04:39",4652600
7510,50,200,"bu","14:04:38",4651900
7510,50,100,"bu","14:04:37",4651700
7510,50,100,"bu","14:04:30",4650700
7510,50,900,"bu","14:04:30",4651600
7500,40,1700,"bu","14:04:26",4650600
7500,40,3000,"bu","14:04:25",4648900
7500,40,3000,"bu","14:04:25",4645900
7500,40,3000,"bu","14:04:23",4642900
7500,40,2000,"bu","14:04:23",4639900
7500,40,100,"bu","14:04:23",4637900
7500,40,2000,"bu","14:04:23",4637800
7500,40,2000,"bu","14:04:23",4635800
7500,40,3200,"bu","14:04:22",4633800
7500,40,800,"bu","14:04:22",4630600
7500,40,100,"bu","14:04:22",4629800
7500,40,1700,"bu","14:04:22",4629700
7500,40,800,"bu","14:04:20",4628000
7500,40,7200,"bu","14:04:20",4627200
7500,40,2800,"bu","14:04:20",4620000
7500,40,3000,"bu","14:04:20",4617200
7500,40,1000,"bu","14:04:20",4614200
7500,40,200,"bu","14:04:20",4613200
7500,40,1200,"bu","14:04:20",4613000
7500,40,1000,"bu","14:04:20",4611800
7500,40,800,"bu","14:04:20",4610800
7500,40,2200,"bu","14:04:20",4610000
7500,40,100,"bu","14:04:20",4607800
7500,40,200,"bu","14:04:20",4607700
7500,40,400,"bu","14:04:20",4607500
7500,40,100,"bu","14:04:20",4607100
7500,40,300,"bu","14:04:20",4607000
7500,40,500,"bu","14:04:20",4606700
7500,40,1000,"bu","14:04:20",4606200
7500,40,200,"bu","14:04:20",4605200
7500,40,100,"bu","14:04:19",4605000
7500,40,100,"bu","14:04:19",4604900
7500,40,300,"bu","14:04:19",4604800
7500,40,1200,"bu","14:04:18",4604500
7500,40,500,"bu","14:04:18",4603300
7500,40,1500,"bu","14:04:18",4602800
7500,40,3000,"bu","14:04:18",4601300
7500,40,200,"bu","14:04:18",4598300
7500,40,500,"bu","14:04:18",4598100
7500,40,100,"bu","14:04:18",4597600
7500,40,10000,"bu","14:04:18",4597500
7500,40,100,"bu","14:04:18",4587500
7500,40,5800,"bu","14:04:18",4587400
7500,40,200,"bu","14:04:18",4581600
7500,40,2000,"bu","14:04:18",4581400
7500,40,300,"bu","14:04:18",4579400
7500,40,20000,"bu","14:04:18",4579100
7500,40,7000,"bu","14:04:18",4559100
7500,40,5000,"bu","14:04:18",4552100
7500,40,3000,"bu","14:04:18",4547100
7500,40,100,"bu","14:04:18",4544100
7500,40,1000,"bu","14:04:18",4544000
7500,40,3400,"bu","14:04:18",4543000
7500,40,1000,"bu","14:04:18",4539600
7500,40,100,"bu","14:04:18",4538600
7500,40,300,"bu","14:04:18",4538500
7500,40,300,"bu","14:04:18",4538200
7500,40,300,"bu","14:04:18",4537900
7500,40,100,"bu","14:04:18",4537600
7500,40,3000,"bu","14:04:18",4537500
7500,40,1000,"bu","14:04:18",4534500
7500,40,300,"bu","14:04:18",4533500
7500,40,1200,"bu","14:04:18",4533200
7500,40,400,"bu","14:04:18",4532000
7500,40,400,"bu","14:04:18",4531600
7500,40,2000,"bu","14:04:17",4531200
7500,40,500,"bu","14:04:15",4529200
7500,40,200,"bu","14:04:15",4528700
7500,40,1100,"bu","14:04:15",4528500
7500,40,300,"bu","14:04:13",4527400
7500,40,200,"bu","14:04:13",4527100
7500,40,200,"bu","14:04:13",4526900
7500,40,600,"bu","14:04:12",4526700
7500,40,100,"bu","14:04:12",4526100
7500,40,1300,"bu","14:04:12",4526000
7500,40,800,"bu","14:04:10",4524700
7500,40,1000,"bu","14:04:10",4523900
7500,40,200,"bu","14:04:10",4522900
7500,40,2000,"bu","14:04:10",4522700
7500,40,5000,"bu","14:04:10",4520700
7500,40,5400,"bu","14:04:10",4515700
7500,40,10000,"bu","14:04:09",4510300
7500,40,1000,"bu","14:03:57",4500300
7500,40,6000,"bu","14:03:48",4499300
7500,40,1300,"bu","14:03:44",4493300
7500,40,3000,"bu","14:03:43",4492000
7500,40,900,"bu","14:03:43",4489000
7500,40,900,"bu","14:03:41",4488100
7500,40,200,"bu","14:03:40",4487200
7500,40,100,"bu","14:03:39",4487000
7500,40,1200,"bu","14:03:30",4486900
7500,40,800,"bu","14:03:30",4485700
7500,40,2000,"bu","14:03:29",4484900
7500,40,200,"bu","14:03:29",4482900
7500,40,7000,"bu","14:03:25",4482700
7500,40,500,"bu","14:03:25",4475700
7500,40,500,"bu","14:03:25",4475200
7500,40,2000,"bu","14:03:25",4474700
7500,40,2500,"bu","14:03:23",4472700
7490,30,200,"sd","14:03:23",4470200
7500,40,500,"bu","14:03:22",4470000
7500,40,1000,"bu","14:03:22",4469500
7500,40,500,"bu","14:03:22",4468500
7500,40,100,"bu","14:03:16",4468000
7500,40,2000,"bu","14:03:13",4467900
7500,40,200,"bu","14:03:08",4465900
7490,30,200,"sd","14:03:07",4465700
7500,40,200,"bu","14:03:05",4465500
7500,40,200,"bu","14:03:05",4465300
7500,40,100,"bu","14:02:48",4465100
7500,40,2000,"bu","14:02:48",4465000
7500,40,400,"bu","14:02:48",4463000
7500,40,500,"bu","14:02:48",4462600
7490,30,500,"bu","14:02:48",4462100
7490,30,2900,"bu","14:02:48",4461600
7490,30,100,"bu","14:02:44",4458700
7490,30,2000,"bu","14:02:43",4458600
7490,30,200,"bu","14:02:43",4456600
7490,30,100,"bu","14:02:43",4456400
7490,30,100,"bu","14:02:43",4456300
7490,30,100,"bu","14:02:43",4456200
7490,30,300,"bu","14:02:43",4456100
7490,30,5000,"bu","14:02:43",4455800
7490,30,100,"bu","14:02:43",4450800
7490,30,2100,"bu","14:02:43",4450700
7490,30,900,"bu","14:02:42",4448600
7490,30,200,"bu","14:02:42",4447700
7490,30,3900,"bu","14:02:42",4447500
7490,30,2100,"bu","14:02:41",4443600
7490,30,7900,"bu","14:02:41",4441500
7490,30,1000,"bu","14:02:41",4433600
7490,30,100,"bu","14:02:39",4432600
7490,30,500,"bu","14:02:39",4432500
7490,30,100,"bu","14:02:38",4432000
7490,30,400,"bu","14:02:35",4431900
7490,30,600,"bu","14:02:35",4431500
7490,30,400,"bu","14:02:31",4430900
7490,30,14600,"bu","14:02:31",4430500
7490,30,4000,"bu","14:02:27",4415900
7480,20,2000,"bu","14:02:22",4411900
7480,20,1600,"bu","14:02:22",4409900
7480,20,8400,"bu","14:02:21",4408300
7480,20,100,"bu","14:02:21",4399900
7480,20,100,"bu","14:02:21",4399800
7480,20,1500,"bu","14:02:21",4399700
7480,20,1800,"bu","14:02:21",4398200
7480,20,900,"bu","14:02:21",4396400
7480,20,200,"bu","14:02:21",4395500
7480,20,200,"bu","14:02:21",4395300
7480,20,100,"bu","14:02:21",4395100
7480,20,100,"bu","14:02:21",4395000
7480,20,8200,"bu","14:02:21",4394900
7480,20,400,"bu","14:02:21",4386700
7480,20,100,"bu","14:02:19",4386300
7480,20,100,"bu","14:02:19",4386200
7480,20,500,"bu","14:02:19",4386100
7480,20,300,"bu","14:02:19",4385600
7480,20,100,"bu","14:02:18",4385300
7480,20,100,"bu","14:02:17",4385200
7480,20,200,"bu","14:02:17",4385100
7480,20,100,"bu","14:02:11",4384900
7470,10,100,"bu","14:02:10",4384800
7470,10,500,"bu","14:02:10",4384700
7470,10,500,"bu","14:02:10",4384200
7470,10,600,"bu","14:02:10",4383700
7470,10,1000,"bu","14:02:09",4383100
7470,10,100,"bu","14:02:07",4382100
7470,10,300,"bu","14:02:06",4382000
7470,10,200,"bu","14:02:06",4381700
7470,10,100,"bu","14:02:06",4381500
7470,10,600,"bu","14:02:06",4381400
7470,10,300,"bu","14:02:06",4380800
7470,10,1000,"bu","14:02:06",4380500
7470,10,400,"bu","14:02:05",4379500
7470,10,600,"bu","14:02:05",4379100
7470,10,400,"bu","14:02:04",4378500
7470,10,300,"bu","14:02:04",4378100
7470,10,100,"bu","14:02:02",4377800
7470,10,1000,"bu","14:02:02",4377700
7470,10,5000,"bu","14:02:00",4376700
7470,10,800,"bu","14:02:00",4371700
7470,10,1000,"bu","14:01:58",4370900
7470,10,900,"bu","14:01:57",4369900
7470,10,100,"bu","14:01:57",4369000
7470,10,100,"bu","14:01:56",4368900
7470,10,1000,"bu","14:01:54",4368800
7470,10,5000,"bu","14:01:54",4367800
7470,10,4000,"bu","14:01:51",4362800
7470,10,1000,"bu","14:01:51",4358800
7470,10,800,"bu","14:01:51",4357800
7470,10,2000,"bu","14:01:50",4357000
7470,10,500,"bu","14:01:47",4355000
7460,0,1000,"sd","14:01:46",4354500
7470,10,100,"bu","14:01:46",4353500
7470,10,1000,"bu","14:01:46",4353400
7470,10,1000,"bu","14:01:44",4352400
7470,10,1300,"bu","14:01:41",4351400
7470,10,200,"bu","14:01:41",4350100
7470,10,200,"bu","14:01:41",4349900
7470,10,100,"bu","14:01:41",4349700
7470,10,1200,"bu","14:01:41",4349600
7460,0,300,"sd","14:01:37",4348400
7460,0,200,"sd","14:01:37",4348100
7470,10,1400,"bu","14:01:36",4347900
7470,10,500,"bu","14:01:36",4346500
7470,10,100,"bu","14:01:36",4346000
7470,10,200,"bu","14:01:35",4345900
7470,10,2000,"bu","14:01:30",4345700
7460,0,9800,"sd","14:01:29",4343700
7460,0,100,"sd","14:01:29",4333900
7460,0,100,"sd","14:01:29",4333800
7460,0,200,"bu","14:01:26",4333700
7460,0,2000,"bu","14:01:25",4333500
7460,0,200,"bu","14:01:25",4331500
7460,0,7600,"bu","14:01:25",4331300
7460,0,200,"bu","14:01:25",4323700
7460,0,100,"bu","14:01:25",4323500
7460,0,100,"bu","14:01:25",4323400
7460,0,100,"bu","14:01:25",4323300
7460,0,500,"bu","14:01:25",4323200
7460,0,100,"bu","14:01:25",4322700
7460,0,300,"bu","14:01:25",4322600
7460,0,100,"bu","14:01:25",4322300
7460,0,1000,"bu","14:01:25",4322200
7460,0,3000,"bu","14:01:24",4321200
7460,0,1000,"bu","14:01:23",4318200
7460,0,4800,"bu","14:01:23",4317200
7460,0,2000,"bu","14:01:23",4312400
7460,0,5100,"bu","14:01:23",4310400
7460,0,500,"bu","14:01:23",4305300
7460,0,2000,"bu","14:01:22",4304800
7460,0,100,"bu","14:01:22",4302800
7460,0,1500,"bu","14:01:22",4302700
7460,0,800,"bu","14:01:21",4301200
7460,0,49200,"bu","14:01:21",4300400
7460,0,11700,"bu","14:01:21",4251200
7460,0,18000,"bu","14:01:20",4239500
7460,0,1000,"bu","14:01:20",4221500
7460,0,10000,"bu","14:01:20",4220500
7450,-10,1800,"sd","14:01:19",4210500
7460,0,5000,"bu","14:01:19",4208700
7460,0,5000,"bu","14:01:19",4203700
7460,0,2000,"bu","14:01:17",4198700
7460,0,1000,"bu","14:01:17",4196700
7460,0,500,"bu","14:01:16",4195700
7460,0,25000,"bu","14:01:15",4195200
7460,0,1000,"bu","14:01:14",4170200
7460,0,1000,"bu","14:01:12",4169200
7460,0,500,"bu","14:01:10",4168200
7460,0,5100,"bu","14:01:10",4167700
7460,0,500,"bu","14:01:08",4162600
7460,0,2000,"bu","14:01:07",4162100
7460,0,6900,"bu","14:01:06",4160100
7460,0,1000,"bu","14:01:06",4153200
7460,0,1000,"bu","14:01:04",4152200
7460,0,100,"bu","14:01:03",4151200
7460,0,200,"bu","14:01:02",4151100
7460,0,5000,"bu","14:00:57",4150900
7460,0,20000,"bu","14:00:56",4145900
7460,0,10000,"bu","14:00:53",4125900
7460,0,1200,"bu","14:00:42",4115900
7460,0,100,"bu","14:00:37",4114700
7450,-10,200,"sd","14:00:35",4114600
7460,0,100,"bu","14:00:32",4114400
7450,-10,800,"sd","14:00:12",4114300
7450,-10,100,"sd","14:00:12",4113500
7450,-10,2000,"sd","14:00:12",4113400
7450,-10,500,"sd","14:00:12",4111400
7450,-10,2000,"sd","14:00:12",4110900
7450,-10,500,"sd","14:00:12",4108900
7450,-10,5000,"sd","14:00:12",4108400
7450,-10,500,"sd","14:00:12",4103400
7450,-10,200,"sd","14:00:12",4102900
7460,0,200,"bu","14:00:01",4102700
7460,0,200,"bu","13:59:59",4102500
7460,0,100,"bu","13:59:50",4102300
7460,0,500,"bu","13:59:34",4102200
7460,0,500,"bu","13:59:30",4101700
7460,0,200,"bu","13:59:27",4101200
7450,-10,100,"bu","13:59:15",4101000
7450,-10,100,"bu","13:59:12",4100900
7450,-10,2000,"bu","13:59:11",4100800
7450,-10,2000,"sd","13:59:02",4098800
7450,-10,300,"sd","13:59:02",4096800
7450,-10,200,"sd","13:59:02",4096500
7450,-10,5000,"sd","13:59:02",4096300
7450,-10,1000,"sd","13:59:02",4091300
7450,-10,500,"sd","13:59:02",4090300
7450,-10,3000,"sd","13:59:02",4089800
7450,-10,100,"sd","13:59:02",4086800
7450,-10,500,"sd","13:59:02",4086700
7450,-10,4200,"sd","13:59:02",4086200
7460,0,100,"bu","13:58:55",4082000
7450,-10,400,"bu","13:58:39",4081900
7450,-10,3000,"bu","13:58:39",4081500
7450,-10,2000,"bu","13:58:39",4078500
7450,-10,200,"bu","13:58:38",4076500
7450,-10,5000,"bu","13:58:38",4076300
7450,-10,5000,"bu","13:58:37",4071300
7450,-10,500,"bu","13:58:35",4066300
7450,-10,500,"bu","13:58:35",4065800
7450,-10,5000,"bu","13:58:35",4065300
7450,-10,900,"bu","13:58:32",4060300
7450,-10,10000,"bu","13:58:28",4059400
7440,-20,200,"sd","13:58:28",4049400
7450,-10,1000,"bu","13:58:27",4049200
7450,-10,100,"bu","13:58:24",4048200
7450,-10,200,"bu","13:58:24",4048100
7450,-10,16600,"bu","13:58:23",4047900
7450,-10,900,"bu","13:58:23",4031300
7450,-10,400,"bu","13:58:23",4030400
7450,-10,2100,"bu","13:58:23",4030000
7450,-10,7900,"bu","13:58:22",4027900
7450,-10,1000,"bu","13:58:22",4020000
7450,-10,1100,"bu","13:58:22",4019000
7450,-10,1000,"bu","13:58:21",4017900
7450,-10,1000,"bu","13:58:18",4016900
7450,-10,1000,"bu","13:58:11",4015900
7450,-10,1000,"bu","13:58:11",4014900
7450,-10,100,"bu","13:58:07",4013900
7450,-10,500,"bu","13:57:53",4013800
7450,-10,100,"bu","13:57:53",4013300
7450,-10,200,"bu","13:57:50",4013200
7450,-10,300,"bu","13:57:45",4013000
7450,-10,100,"bu","13:57:44",4012700
7450,-10,100,"bu","13:57:36",4012600
7450,-10,600,"bu","13:57:31",4012500
7450,-10,5000,"bu","13:57:29",4011900
7450,-10,1800,"bu","13:57:26",4006900
7450,-10,300,"bu","13:57:23",4005100
7450,-10,200,"bu","13:57:21",4004800
7450,-10,200,"bu","13:57:21",4004600
7450,-10,2000,"bu","13:57:18",4004400
7450,-10,1000,"bu","13:57:11",4002400
7450,-10,400,"bu","13:57:04",4001400
7450,-10,4000,"bu","13:56:55",4001000
7450,-10,200,"bu","13:56:48",3997000
7450,-10,1000,"sd","13:56:24",3996800
7450,-10,900,"sd","13:56:24",3995800
7450,-10,100,"sd","13:56:24",3994900
7450,-10,400,"sd","13:56:24",3994800
7450,-10,1000,"sd","13:56:24",3994400
7450,-10,1000,"sd","13:56:24",3993400
7450,-10,800,"sd","13:56:24",3992400
7450,-10,200,"sd","13:56:24",3991600
7450,-10,500,"sd","13:56:24",3991400
7450,-10,3000,"sd","13:56:24",3990900
7450,-10,1000,"sd","13:56:24",3987900
7450,-10,1000,"sd","13:56:24",3986900
7450,-10,100,"sd","13:56:24",3985900
7450,-10,2000,"sd","13:56:24",3985800
7450,-10,4700,"sd","13:56:24",3983800
7450,-10,500,"sd","13:56:24",3979100
7450,-10,9600,"sd","13:56:24",3978600
7460,0,5000,"bu","13:56:23",3969000
7460,0,100,"bu","13:56:17",3964000
7460,0,1000,"bu","13:55:58",3963900
7460,0,200,"bu","13:55:45",3962900
7450,-10,1000,"sd","13:55:41",3962700
7450,-10,3200,"sd","13:55:37",3961700
7450,-10,500,"bu","13:55:15",3958500
7450,-10,4300,"bu","13:55:15",3958000
7450,-10,500,"bu","13:55:15",3953700
7450,-10,500,"bu","13:55:15",3953200
7450,-10,100,"bu","13:55:15",3952700
7450,-10,300,"bu","13:55:15",3952600
7450,-10,1000,"bu","13:55:15",3952300
7450,-10,200,"bu","13:55:15",3951300
7450,-10,400,"bu","13:55:13",3951100
7450,-10,2000,"bu","13:55:12",3950700
7450,-10,200,"bu","13:55:12",3948700
7450,-10,100,"bu","13:55:08",3948500
7450,-10,500,"bu","13:55:05",3948400
7450,-10,1000,"bu","13:55:05",3947900
7450,-10,100,"bu","13:55:04",3946900
7450,-10,500,"bu","13:55:04",3946800
7450,-10,5000,"bu","13:55:03",3946300
7450,-10,1000,"bu","13:55:02",3941300
7450,-10,500,"bu","13:55:02",3940300
7450,-10,3000,"bu","13:55:01",3939800
7450,-10,100,"bu","13:55:01",3936800
7450,-10,700,"bu","13:55:01",3936700
7450,-10,600,"bu","13:55:01",3936000
7450,-10,200,"bu","13:55:01",3935400
7450,-10,100,"bu","13:55:01",3935200
7450,-10,300,"bu","13:55:01",3935100
7450,-10,200,"bu","13:55:01",3934800
7450,-10,100,"bu","13:54:58",3934600
7450,-10,500,"bu","13:54:55",3934500
7450,-10,1000,"bu","13:54:54",3934000
7450,-10,5000,"bu","13:54:52",3933000
7450,-10,2600,"bu","13:54:51",3928000
7450,-10,300,"bu","13:54:51",3925400
7450,-10,2200,"bu","13:54:49",3925100
7450,-10,100,"bu","13:54:49",3922900
7450,-10,1000,"bu","13:54:49",3922800
7450,-10,6700,"bu","13:54:49",3921800
7450,-10,1000,"bu","13:54:46",3915100
7450,-10,100,"bu","13:54:46",3914100
7450,-10,900,"bu","13:54:46",3914000
7450,-10,100,"bu","13:54:42",3913100
7450,-10,1000,"bu","13:54:38",3913000
7450,-10,8000,"bu","13:54:34",3912000
7450,-10,22000,"bu","13:54:34",3904000
7450,-10,200,"bu","13:54:09",3882000
7440,-20,5000,"sd","13:54:03",3881800
7440,-20,2500,"sd","13:53:39",3876800
7450,-10,100,"bu","13:53:38",3874300
7450,-10,3500,"bu","13:53:38",3874200
7450,-10,200,"bu","13:53:06",3870700
7440,-20,200,"sd","13:53:05",3870500
7440,-20,1000,"sd","13:53:04",3870300
7440,-20,1400,"sd","13:53:02",3869300
7440,-20,300,"sd","13:52:42",3867900
7440,-20,500,"sd","13:52:41",3867600
7440,-20,200,"sd","13:52:36",3867100
7450,-10,100,"bu","13:52:35",3866900
7440,-20,100,"sd","13:52:32",3866800
7440,-20,5800,"sd","13:52:30",3866700
7440,-20,4200,"sd","13:52:30",3860900
7440,-20,5000,"sd","13:52:28",3856700
7450,-10,3000,"bu","13:52:28",3851700
7440,-20,800,"sd","13:52:17",3848700
7440,-20,2000,"sd","13:52:17",3847900
7440,-20,1000,"sd","13:52:17",3845900
7440,-20,100,"sd","13:52:17",3844900
7440,-20,1000,"sd","13:52:17",3844800
7440,-20,100,"sd","13:52:17",3843800
7450,-10,700,"bu","13:52:16",3843700
7440,-20,400,"sd","13:52:11",3843000
7440,-20,100,"sd","13:52:11",3842600
7440,-20,1000,"sd","13:52:11",3842500
7440,-20,2400,"sd","13:52:11",3841500
7450,-10,200,"bu","13:52:02",3839100
7450,-10,100,"bu","13:51:56",3838900
7450,-10,300,"bu","13:51:55",3838800
7450,-10,1200,"bu","13:51:34",3838500
7450,-10,200,"bu","13:51:30",3837300
7450,-10,100,"bu","13:51:14",3837100
7450,-10,200,"bu","13:50:57",3837000
7450,-10,200,"bu","13:50:50",3836800
7450,-10,1000,"bu","13:50:41",3836600
7450,-10,1000,"bu","13:50:34",3835600
7450,-10,100,"bu","13:50:26",3834600
7450,-10,100,"bu","13:49:57",3834500
7450,-10,200,"bu","13:49:54",3834400
7450,-10,1000,"bu","13:49:52",3834200
7450,-10,10000,"bu","13:49:50",3833200
7450,-10,200,"bu","13:49:35",3823200
7450,-10,100,"bu","13:49:23",3823000
7450,-10,1300,"bu","13:49:01",3822900
7440,-20,1500,"sd","13:49:00",3821600
7450,-10,500,"sd","13:48:55",3820100
7450,-10,100,"sd","13:48:55",3819600
7450,-10,2100,"sd","13:48:55",3819500
7460,0,100,"bu","13:48:53",3817400
7450,-10,900,"sd","13:48:44",3817300
7450,-10,100,"sd","13:48:44",3816400
7450,-10,100,"sd","13:48:44",3816300
7450,-10,900,"sd","13:48:44",3816200
7450,-10,100,"sd","13:48:31",3815300
7460,0,100,"bu","13:48:21",3815200
7450,-10,2500,"bu","13:48:06",3815100
7450,-10,500,"bu","13:48:06",3812600
7450,-10,100,"bu","13:47:50",3812100
7450,-10,100,"sd","13:47:44",3812000
7450,-10,1000,"sd","13:47:44",3811900
7450,-10,5000,"sd","13:47:44",3810900
7450,-10,6900,"sd","13:47:44",3805900
7450,-10,200,"sd","13:47:44",3799000
7450,-10,200,"sd","13:47:44",3798800
7450,-10,1000,"sd","13:47:44",3798600
7450,-10,100,"sd","13:47:39",3797600
7450,-10,100,"sd","13:47:32",3797500
7450,-10,500,"sd","13:47:28",3797400
7450,-10,1000,"sd","13:47:27",3796900
7450,-10,300,"sd","13:47:21",3795900
7450,-10,1300,"sd","13:47:20",3795600
7460,0,200,"bu","13:47:18",3794300
7450,-10,100,"sd","13:47:13",3794100
7450,-10,1000,"sd","13:46:49",3794000
7460,0,200,"bu","13:46:45",3793000
7450,-10,100,"sd","13:46:44",3792800
7450,-10,600,"sd","13:46:44",3792700
7450,-10,5900,"bu","13:46:34",3792100
7450,-10,200,"bu","13:46:34",3786200
7450,-10,7600,"bu","13:46:34",3786000
7440,-20,500,"sd","13:46:33",3778400
7450,-10,200,"bu","13:46:17",3777900
7450,-10,100,"bu","13:46:16",3777700
7450,-10,200,"bu","13:46:13",3777600
7450,-10,800,"sd","13:46:10",3777400
7450,-10,5000,"sd","13:46:10",3776600
7450,-10,100,"sd","13:46:10",3771600
7450,-10,300,"sd","13:46:10",3771500
7450,-10,3000,"sd","13:46:10",3771200
7450,-10,1000,"sd","13:46:10",3768200
7450,-10,200,"sd","13:46:10",3767200
7450,-10,600,"sd","13:46:10",3767000
7450,-10,5000,"sd","13:46:10",3766400
7450,-10,4400,"sd","13:46:10",3761400
7450,-10,600,"sd","13:46:06",3757000
7450,-10,2000,"sd","13:46:06",3756400
7450,-10,1000,"sd","13:45:59",3754400
7460,0,500,"bu","13:45:54",3753400
7450,-10,300,"sd","13:45:45",3752900
7460,0,200,"bu","13:45:40",3752600
7460,0,200,"bu","13:45:39",3752400
7460,0,200,"bu","13:45:07",3752200
7450,-10,700,"sd","13:44:51",3752000
7450,-10,100,"sd","13:44:51",3751300
7450,-10,2000,"sd","13:44:51",3751200
7450,-10,200,"sd","13:44:51",3749200
7450,-10,200,"sd","13:44:51",3749000
7450,-10,5000,"sd","13:44:51",3748800
7450,-10,1800,"sd","13:44:51",3743800
7460,0,100,"bu","13:44:36",3742000
7450,-10,200,"sd","13:44:32",3741900
7450,-10,1000,"sd","13:44:32",3741700
7450,-10,100,"sd","13:44:32",3740700
7450,-10,300,"sd","13:44:32",3740600
7450,-10,400,"sd","13:44:32",3740300
7450,-10,400,"sd","13:44:32",3739900
7450,-10,47600,"sd","13:44:32",3739500
7450,-10,500,"sd","13:44:10",3691900
7460,0,100,"bu","13:44:05",3691400
7450,-10,1900,"bu","13:44:00",3691300
7450,-10,1000,"sd","13:43:52",3689400
7450,-10,100,"sd","13:43:52",3688400
7450,-10,5000,"sd","13:43:52",3688300
7450,-10,300,"sd","13:43:52",3683300
7450,-10,1700,"sd","13:43:52",3683000
7460,0,300,"bu","13:43:52",3681300
7460,0,100,"bu","13:43:34",3681000
7450,-10,300,"sd","13:43:33",3680900
7450,-10,3000,"bu","13:43:24",3680600
7450,-10,200,"bu","13:43:21",3677600
7450,-10,1000,"bu","13:43:21",3677400
7450,-10,400,"bu","13:43:16",3676400
7450,-10,600,"sd","13:43:12",3676000
7450,-10,300,"sd","13:43:12",3675400
7450,-10,500,"sd","13:43:12",3675100
7450,-10,26800,"sd","13:43:12",3674600
7450,-10,100,"sd","13:43:12",3647800
7450,-10,5000,"sd","13:43:12",3647700
7450,-10,500,"sd","13:43:12",3642700
7450,-10,3000,"sd","13:43:12",3642200
7450,-10,500,"sd","13:43:12",3639200
7450,-10,3000,"sd","13:43:12",3638700
7450,-10,100,"sd","13:43:12",3635700
7450,-10,2600,"sd","13:43:12",3635600
7450,-10,1900,"sd","13:43:12",3633000
7450,-10,500,"sd","13:43:12",3631100
7450,-10,1500,"sd","13:43:10",3630600
7450,-10,300,"sd","13:43:06",3629100
7460,0,100,"bu","13:43:04",3628800
7460,0,100,"bu","13:42:32",3628700
7460,0,500,"bu","13:42:26",3628600
7460,0,100,"bu","13:42:01",3628100
7460,0,400,"bu","13:41:59",3628000
7450,-10,1300,"bu","13:41:43",3627600
7450,-10,200,"bu","13:41:34",3626300
7450,-10,200,"bu","13:41:34",3626100
7450,-10,200,"bu","13:41:29",3625900
7450,-10,500,"bu","13:41:26",3625700
7450,-10,100,"sd","13:41:17",3625200
7450,-10,500,"sd","13:41:17",3625100
7450,-10,100,"sd","13:41:03",3624600
7450,-10,400,"bu","13:41:00",3624500
7440,-20,600,"sd","13:40:57",3624100
7450,-10,200,"bu","13:40:56",3623500
7450,-10,100,"bu","13:40:53",3623300
7450,-10,200,"sd","13:40:52",3623200
7450,-10,1100,"sd","13:40:52",3623000
7450,-10,2000,"sd","13:40:52",3621900
7450,-10,100,"sd","13:40:52",3619900
7450,-10,100,"sd","13:40:52",3619800
7450,-10,300,"sd","13:40:52",3619700
7450,-10,1000,"sd","13:40:52",3619400
7450,-10,300,"sd","13:40:52",3618400
7450,-10,5000,"sd","13:40:52",3618100
7450,-10,1000,"sd","13:40:52",3613100
7450,-10,100,"sd","13:40:52",3612100
7450,-10,100,"sd","13:40:52",3612000
7450,-10,10000,"sd","13:40:52",3611900
7450,-10,500,"sd","13:40:52",3601900
7450,-10,100,"sd","13:40:52",3601400
7450,-10,1000,"sd","13:40:52",3601300
7450,-10,1000,"sd","13:40:52",3600300
7450,-10,200,"sd","13:40:52",3599300
7450,-10,700,"sd","13:40:52",3599100
7450,-10,200,"sd","13:40:52",3598400
7450,-10,2500,"sd","13:40:52",3598200
7450,-10,1000,"sd","13:40:52",3595700
7450,-10,500,"sd","13:40:52",3594700
7450,-10,1000,"sd","13:40:52",3594200
7450,-10,200,"sd","13:40:52",3593200
7450,-10,500,"sd","13:40:52",3593000
7450,-10,2000,"sd","13:40:52",3592500
7450,-10,900,"sd","13:40:52",3590500
7450,-10,100,"sd","13:40:52",3589600
7450,-10,100,"sd","13:40:52",3589500
7450,-10,9400,"sd","13:40:52",3589400
7450,-10,1300,"sd","13:40:52",3580000
7450,-10,100,"sd","13:40:52",3578700
7450,-10,2000,"sd","13:40:52",3578600
7450,-10,1000,"sd","13:40:52",3576600
7450,-10,1700,"sd","13:40:52",3575600
7460,0,200,"bu","13:40:51",3573900
7450,-10,200,"sd","13:40:47",3573700
7460,0,200,"bu","13:40:43",3573500
7460,0,100,"bu","13:40:36",3573300
7460,0,100,"bu","13:40:28",3573200
7460,0,200,"bu","13:40:24",3573100
7460,0,200,"bu","13:39:51",3572900
7460,0,500,"bu","13:39:43",3572700
7460,0,200,"bu","13:39:31",3572200
7460,0,1000,"sd","13:39:29",3572000
7460,0,500,"sd","13:39:29",3571000
7460,0,500,"sd","13:39:29",3570500
7460,0,600,"sd","13:39:29",3570000
7460,0,200,"sd","13:39:29",3569400
7460,0,2000,"sd","13:39:29",3569200
7460,0,8700,"sd","13:39:29",3567200
7460,0,4100,"sd","13:39:29",3558500
7460,0,2000,"sd","13:39:27",3554400
7470,10,200,"bu","13:39:19",3552400
7460,0,1000,"sd","13:39:18",3552200
7460,0,900,"sd","13:39:11",3551200
7460,0,1900,"sd","13:39:03",3550300
7460,0,6900,"sd","13:39:03",3548400
7470,10,200,"bu","13:38:46",3541500
7460,0,400,"sd","13:38:44",3541300
7460,0,2700,"sd","13:38:42",3540900
7460,0,2200,"sd","13:38:42",3538200
7460,0,100,"sd","13:38:40",3536000
7460,0,200,"sd","13:38:32",3535900
7460,0,2500,"bu","13:38:16",3535700
7460,0,100,"bu","13:38:16",3533200
7460,0,1000,"sd","13:38:14",3533100
7460,0,600,"sd","13:38:14",3532100
7460,0,100,"sd","13:38:14",3531500
7460,0,700,"sd","13:38:14",3531400
7460,0,1800,"sd","13:38:11",3530700
7460,0,200,"sd","13:38:11",3528900
7460,0,100,"sd","13:38:02",3528700
7460,0,100,"sd","13:37:56",3528600
7460,0,1600,"bu","13:37:55",3528500
7460,0,1100,"sd","13:37:54",3526900
7460,0,1300,"sd","13:37:54",3525800
7460,0,1000,"sd","13:37:54",3524500
7470,10,200,"bu","13:37:44",3523500
7470,10,400,"bu","13:37:33",3523300
7460,0,100,"bu","13:37:33",3522900
7460,0,100,"sd","13:37:31",3522800
7460,0,1000,"sd","13:37:31",3522700
7460,0,700,"sd","13:37:31",3521700
7460,0,1200,"sd","13:37:31",3521000
7460,0,400,"sd","13:37:30",3519800
7460,0,3000,"sd","13:37:26",3519400
7460,0,1000,"sd","13:37:26",3516400
7470,10,100,"bu","13:37:13",3515400
7470,10,300,"bu","13:37:11",3515300
7460,0,200,"sd","13:37:03",3515000
7460,0,500,"sd","13:37:03",3514800
7460,0,1000,"sd","13:36:57",3514300
7460,0,2000,"bu","13:36:44",3513300
7460,0,2000,"bu","13:36:44",3511300
7460,0,300,"bu","13:36:44",3509300
7460,0,1400,"bu","13:36:44",3509000
7460,0,200,"bu","13:36:41",3507600
7460,0,1000,"bu","13:36:41",3507400
7460,0,3600,"bu","13:36:39",3506400
7460,0,200,"bu","13:36:35",3502800
7460,0,100,"bu","13:36:35",3502600
7460,0,100,"bu","13:36:24",3502500
7460,0,100,"bu","13:36:09",3502400
7460,0,200,"bu","13:36:09",3502300
7460,0,100,"bu","13:36:08",3502100
7460,0,100,"bu","13:36:00",3502000
7460,0,3000,"bu","13:35:54",3501900
7450,-10,100,"sd","13:35:47",3498900
7450,-10,200,"sd","13:35:47",3498800
7450,-10,500,"sd","13:35:47",3498600
7450,-10,400,"sd","13:35:47",3498100
7450,-10,100,"sd","13:35:47",3497700
7460,0,300,"sd","13:35:46",3497600
7460,0,500,"sd","13:35:46",3497300
7460,0,700,"sd","13:35:46",3496800
7460,0,600,"sd","13:35:46",3496100
7460,0,200,"sd","13:35:46",3495500
7460,0,200,"sd","13:35:46",3495300
7460,0,1000,"sd","13:35:46",3495100
7460,0,1000,"sd","13:35:46",3494100
7460,0,600,"sd","13:35:46",3493100
7460,0,200,"sd","13:35:46",3492500
7460,0,100,"sd","13:35:46",3492300
7460,0,3000,"sd","13:35:46",3492200
7460,0,1000,"sd","13:35:46",3489200
7460,0,500,"sd","13:35:46",3488200
7460,0,1500,"sd","13:35:46",3487700
7460,0,200,"sd","13:35:46",3486200
7460,0,100,"sd","13:35:46",3486000
7460,0,100,"sd","13:35:46",3485900
7460,0,1000,"sd","13:35:46",3485800
7460,0,500,"sd","13:35:46",3484800
7460,0,300,"sd","13:35:46",3484300
7460,0,100,"sd","13:35:46",3484000
7460,0,2000,"sd","13:35:46",3483900
7460,0,1200,"sd","13:35:46",3481900
7460,0,3000,"sd","13:35:46",3480700
7460,0,40000,"sd","13:35:40",3477700
7470,10,200,"bu","13:35:37",3437700
7460,0,3000,"sd","13:35:34",3437500
7470,10,1100,"bu","13:35:28",3434500
7470,10,900,"bu","13:35:28",3433400
7460,0,5000,"sd","13:35:13",3432500
7470,10,100,"bu","13:35:06",3427500
7460,0,800,"sd","13:35:00",3427400
7460,0,200,"sd","13:35:00",3426600
7470,10,100,"bu","13:34:55",3426400
7470,10,3500,"bu","13:34:38",3426300
7470,10,100,"bu","13:34:35",3422800
7460,0,200,"sd","13:34:27",3422700
7470,10,100,"bu","13:34:05",3422500
7470,10,2000,"bu","13:34:02",3422400
7460,0,300,"sd","13:33:53",3420400
7460,0,400,"sd","13:33:53",3420100
7470,10,200,"bu","13:33:50",3419700
7470,10,18000,"bu","13:33:50",3419500
7470,10,200,"bu","13:33:50",3401500
7470,10,300,"bu","13:33:50",3401300
7470,10,1500,"bu","13:33:50",3401000
7470,10,3500,"bu","13:33:46",3399500
7470,10,6500,"bu","13:33:46",3396000
7470,10,200,"bu","13:33:32",3389500
7470,10,2000,"bu","13:33:24",3389300
7470,10,500,"bu","13:33:03",3387300
7470,10,100,"bu","13:33:02",3386800
7460,0,300,"sd","13:32:48",3386700
7470,10,300,"bu","13:32:40",3386400
7470,10,100,"bu","13:32:36",3386100
7460,0,100,"sd","13:32:35",3386000
7470,10,200,"bu","13:32:30",3385900
7470,10,1200,"bu","13:32:20",3385700
7470,10,1800,"bu","13:32:18",3384500
7470,10,500,"bu","13:32:03",3382700
7470,10,1800,"bu","13:32:01",3382200
7470,10,100,"bu","13:32:00",3380400
7470,10,100,"sd","13:31:46",3380300
7470,10,500,"sd","13:31:46",3380200
7470,10,500,"sd","13:31:46",3379700
7470,10,500,"sd","13:31:46",3379200
7470,10,1000,"sd","13:31:46",3378700
7470,10,800,"sd","13:31:46",3377700
7470,10,1000,"sd","13:31:46",3376900
7470,10,3000,"sd","13:31:46",3375900
7470,10,100,"sd","13:31:46",3372900
7470,10,2200,"sd","13:31:46",3372800
7470,10,2000,"sd","13:31:37",3370600
7480,20,2000,"bu","13:31:31",3368600
7480,20,200,"bu","13:31:27",3366600
7470,10,100,"sd","13:31:04",3366400
7480,20,200,"bu","13:31:02",3366300
7470,10,1000,"sd","13:31:00",3366100
7480,20,100,"bu","13:30:57",3365100
7480,20,100,"bu","13:30:56",3365000
7480,20,200,"bu","13:30:25",3364900
7480,20,500,"bu","13:30:16",3364700
7470,10,4700,"sd","13:30:11",3364200
7470,10,1500,"sd","13:30:11",3359500
7480,20,1000,"bu","13:30:04",3358000
7480,20,1000,"bu","13:30:03",3357000
7480,20,4000,"bu","13:30:02",3356000
7480,20,200,"bu","13:29:55",3352000
7480,20,100,"bu","13:29:55",3351800
7480,20,200,"bu","13:29:53",3351700
7480,20,100,"bu","13:29:49",3351500
7470,10,100,"sd","13:29:41",3351400
7480,20,200,"bu","13:29:20",3351300
7470,10,2700,"sd","13:29:11",3351100
7470,10,200,"bu","13:29:10",3348400
7470,10,25500,"bu","13:29:10",3348200
7470,10,500,"bu","13:29:06",3322700
7470,10,100,"bu","13:29:05",3322200
7470,10,100,"bu","13:29:04",3322100
7470,10,400,"bu","13:28:52",3322000
7470,10,8000,"bu","13:28:51",3321600
7470,10,200,"bu","13:28:49",3313600
7470,10,200,"bu","13:28:47",3313400
7470,10,500,"sd","13:28:27",3313200
7470,10,5000,"sd","13:28:27",3312700
7470,10,800,"sd","13:28:27",3307700
7470,10,300,"sd","13:28:27",3306900
7470,10,3000,"sd","13:28:27",3306600
7470,10,1000,"sd","13:28:27",3303600
7470,10,4400,"sd","13:28:27",3302600
7470,10,500,"sd","13:28:21",3298200
7480,20,100,"bu","13:28:18",3297700
7470,10,100,"bu","13:27:50",3297600
7470,10,2000,"bu","13:27:49",3297500
7470,10,500,"bu","13:27:49",3295500
7470,10,500,"bu","13:27:49",3295000
7470,10,1500,"bu","13:27:47",3294500
7470,10,100,"bu","13:27:47",3293000
7470,10,1000,"bu","13:27:47",3292900
7470,10,900,"bu","13:27:47",3291900
7470,10,200,"bu","13:27:47",3291000
7470,10,100,"bu","13:27:36",3290800
7470,10,100,"bu","13:27:23",3290700
7470,10,100,"bu","13:27:19",3290600
7470,10,100,"bu","13:27:16",3290500
7470,10,100,"bu","13:27:13",3290400
7470,10,200,"bu","13:27:10",3290300
7470,10,500,"bu","13:26:59",3290100
7470,10,500,"bu","13:26:52",3289600
7470,10,200,"bu","13:26:43",3289100
7460,0,3300,"sd","13:26:40",3288900
7470,10,200,"bu","13:26:11",3285600
7470,10,300,"bu","13:26:10",3285400
7480,20,1000,"bu","13:26:02",3285100
7480,20,100,"bu","13:25:53",3284100
7460,0,4200,"sd","13:25:47",3284000
7460,0,4000,"sd","13:25:47",3279800
7460,0,100,"sd","13:25:47",3275800
7460,0,2000,"sd","13:25:47",3275700
7460,0,200,"sd","13:25:47",3273700
7460,0,500,"sd","13:25:47",3273500
7460,0,1000,"sd","13:25:47",3273000
7460,0,5000,"sd","13:25:47",3272000
7460,0,9900,"sd","13:25:47",3267000
7460,0,500,"sd","13:25:47",3257100
7460,0,16800,"sd","13:25:47",3256600
7470,10,2000,"sd","13:25:47",3239800
7470,10,300,"sd","13:25:47",3237800
7470,10,500,"sd","13:25:47",3237500
7470,10,200,"sd","13:25:47",3237000
7470,10,200,"sd","13:25:47",3236800
7470,10,500,"sd","13:25:47",3236600
7470,10,2000,"sd","13:25:47",3236100
7470,10,100,"sd","13:25:47",3234100
7470,10,1000,"sd","13:25:47",3234000
7480,20,100,"bu","13:25:39",3233000
7480,20,100,"bu","13:25:09",3232900
7480,20,2900,"bu","13:24:47",3232800
7480,20,200,"bu","13:24:37",3229900
7470,10,300,"sd","13:24:33",3229700
7470,10,100,"sd","13:24:18",3229400
7470,10,600,"bu","13:24:16",3229300
7470,10,400,"sd","13:24:11",3228700
7480,20,100,"bu","13:24:06",3228300
7470,10,100,"sd","13:24:04",3228200
7460,0,9500,"sd","13:23:48",3228100
7470,10,100,"sd","13:23:48",3218600
7470,10,200,"sd","13:23:48",3218500
7470,10,200,"sd","13:23:48",3218300
7470,10,100,"sd","13:23:42",3218100
7470,10,100,"bu","13:23:37",3218000
7470,10,100,"bu","13:23:35",3217900
7470,10,600,"bu","13:23:25",3217800
7470,10,2200,"bu","13:23:18",3217200
7470,10,2800,"bu","13:23:18",3215000
7470,10,100,"bu","13:23:05",3212200
7470,10,2500,"bu","13:22:57",3212100
7470,10,600,"bu","13:22:53",3209600
7470,10,5000,"bu","13:22:52",3209000
7470,10,1000,"bu","13:22:38",3204000
7470,10,8000,"bu","13:22:35",3203000
7470,10,100,"bu","13:22:35",3195000
7470,10,1000,"bu","13:22:35",3194900
7470,10,800,"bu","13:22:35",3193900
7470,10,200,"bu","13:22:32",3193100
7470,10,100,"bu","13:22:22",3192900
7470,10,300,"bu","13:22:14",3192800
7470,10,1600,"bu","13:22:01",3192500
7470,10,100,"bu","13:22:01",3190900
7470,10,8400,"bu","13:22:01",3190800
7470,10,200,"bu","13:21:59",3182400
7460,0,100,"sd","13:21:55",3182200
7470,10,100,"bu","13:21:52",3182100
7470,10,100,"bu","13:21:29",3182000
7460,0,23600,"bu","13:21:27",3181900
7460,0,500,"sd","13:21:16",3158300
7460,0,20000,"sd","13:21:16",3157800
7460,0,500,"sd","13:21:16",3137800
7460,0,1000,"sd","13:21:16",3137300
7460,0,1000,"sd","13:21:16",3136300
7460,0,3400,"sd","13:21:16",3135300
7460,0,100,"sd","13:21:00",3131900
7470,10,200,"bu","13:20:56",3131800
7460,0,100,"sd","13:20:52",3131600
7460,0,1400,"sd","13:20:26",3131500
7460,0,100,"sd","13:20:26",3130100
7460,0,500,"sd","13:20:26",3130000
7470,10,100,"bu","13:20:25",3129500
7470,10,200,"bu","13:19:54",3129400
7470,10,100,"bu","13:19:34",3129200
7470,10,200,"bu","13:19:22",3129100
7460,0,500,"sd","13:19:08",3128900
7470,10,200,"bu","13:19:08",3128400
7470,10,200,"bu","13:18:50",3128200
7460,0,700,"sd","13:18:40",3128000
7460,0,100,"sd","13:18:40",3127300
7460,0,500,"sd","13:18:40",3127200
7460,0,200,"sd","13:18:40",3126700
7460,0,2000,"sd","13:18:40",3126500
7460,0,100,"sd","13:18:40",3124500
7460,0,1500,"sd","13:18:40",3124400
7460,0,500,"sd","13:18:40",3122900
7460,0,1000,"sd","13:18:40",3122400
7460,0,1000,"sd","13:18:40",3121400
7460,0,200,"sd","13:18:40",3120400
7460,0,100,"sd","13:18:40",3120200
7460,0,20000,"sd","13:18:40",3120100
7460,0,1000,"sd","13:18:40",3100100
7460,0,2200,"sd","13:18:40",3099100
7470,10,3000,"sd","13:18:40",3096900
7470,10,100,"sd","13:18:40",3093900
7470,10,500,"sd","13:18:40",3093800
7470,10,300,"sd","13:18:40",3093300
7480,20,2000,"bu","13:18:32",3093000
7470,10,200,"sd","13:18:28",3091000
7470,10,300,"sd","13:18:28",3090800
7480,20,200,"bu","13:18:19",3090500
7470,10,100,"sd","13:18:18",3090300
7480,20,1000,"bu","13:18:10",3090200
7480,20,2000,"bu","13:17:50",3089200
7480,20,100,"bu","13:17:49",3087200
7480,20,1200,"bu","13:17:28",3087100
7480,20,200,"bu","13:17:28",3085900
7480,20,2600,"bu","13:17:28",3085700
7480,20,100,"bu","13:17:18",3083100
7480,20,100,"bu","13:16:48",3083000
7470,10,1600,"sd","13:16:28",3082900
7470,10,500,"sd","13:16:28",3081300
7470,10,300,"sd","13:16:28",3080800
7470,10,500,"sd","13:16:28",3080500
7480,20,1000,"bu","13:16:22",3080000
7480,20,100,"bu","13:16:17",3079000
7470,10,200,"sd","13:16:11",3078900
7470,10,1000,"sd","13:16:10",3078700
7470,10,100,"sd","13:16:09",3077700
7470,10,200,"sd","13:16:07",3077600
7470,10,2800,"sd","13:16:02",3077400
7470,10,200,"sd","13:15:55",3074600
7480,20,100,"bu","13:15:47",3074400
7470,10,100,"sd","13:15:29",3074300
7470,10,400,"sd","13:15:21",3074200
7480,20,100,"bu","13:15:16",3073800
7470,10,100,"bu","13:14:50",3073700
7470,10,100,"bu","13:14:45",3073600
7480,20,500,"bu","13:14:29",3073500
7480,20,100,"bu","13:14:15",3073000
7480,20,300,"bu","13:14:13",3072900
7480,20,100,"bu","13:14:13",3072600
7480,20,1000,"bu","13:14:13",3072500
7480,20,300,"bu","13:14:13",3071500
7470,10,1300,"bu","13:14:13",3071200
7470,10,500,"sd","13:14:11",3069900
7470,10,200,"sd","13:14:11",3069400
7480,20,900,"bu","13:13:56",3069200
7480,20,100,"bu","13:13:56",3068300
7480,20,500,"bu","13:13:56",3068200
7480,20,5000,"bu","13:13:56",3067700
7480,20,5000,"bu","13:13:56",3062700
7480,20,5000,"bu","13:13:56",3057700
7480,20,3500,"bu","13:13:56",3052700
7480,20,300,"bu","13:13:52",3049200
7470,10,400,"sd","13:13:49",3048900
7470,10,100,"sd","13:13:49",3048500
7480,20,100,"bu","13:13:44",3048400
7480,20,200,"bu","13:13:42",3048300
7480,20,900,"bu","13:13:25",3048100
7480,20,200,"bu","13:13:25",3047200
7480,20,1000,"bu","13:13:25",3047000
7480,20,1000,"bu","13:13:25",3046000
7480,20,200,"bu","13:13:25",3045000
7480,20,1000,"bu","13:13:25",3044800
7480,20,5000,"bu","13:13:25",3043800
7480,20,100,"bu","13:13:25",3038800
7480,20,3800,"bu","13:13:25",3038700
7480,20,2000,"bu","13:13:25",3034900
7480,20,5000,"bu","13:13:25",3032900
7480,20,5000,"bu","13:13:25",3027900
7480,20,14500,"bu","13:13:25",3022900
7470,10,700,"bu","13:13:25",3008400
7470,10,100,"bu","13:13:11",3007700
7470,10,1200,"bu","13:13:10",3007600
7470,10,800,"bu","13:13:10",3006400
7470,10,9000,"bu","13:13:09",3005600
7470,10,200,"bu","13:13:08",2996600
7470,10,300,"bu","13:13:08",2996400
7470,10,500,"bu","13:13:08",2996100
7470,10,800,"bu","13:13:04",2995600
7470,10,700,"bu","13:13:01",2994800
7470,10,100,"bu","13:13:01",2994100
7470,10,1000,"bu","13:13:01",2994000
7470,10,5000,"bu","13:13:01",2993000
7470,10,2000,"bu","13:13:01",2988000
7470,10,100,"bu","13:13:01",2986000
7470,10,200,"bu","13:13:01",2985900
7470,10,500,"bu","13:13:01",2985700
7470,10,300,"bu","13:13:01",2985200
7470,10,200,"bu","13:13:01",2984900
7470,10,1000,"bu","13:13:01",2984700
7470,10,2000,"bu","13:13:01",2983700
7470,10,100,"bu","13:13:01",2981700
7470,10,200,"bu","13:13:01",2981600
7470,10,1000,"bu","13:13:00",2981400
7470,10,100,"bu","13:13:00",2980400
7470,10,300,"bu","13:13:00",2980300
7470,10,5200,"bu","13:13:00",2980000
7470,10,1000,"bu","13:12:50",2974800
7470,10,200,"bu","13:12:40",2973800
7470,10,1000,"bu","13:12:39",2973600
7470,10,200,"bu","13:12:39",2972600
7470,10,10000,"bu","13:12:20",2972400
7470,10,200,"bu","13:12:07",2962400
7470,10,100,"bu","13:11:35",2962200
7470,10,100,"bu","13:11:30",2962100
7470,10,100,"bu","13:11:05",2962000
7460,0,500,"sd","13:11:05",2961900
7460,0,1500,"sd","13:10:56",2961400
7470,10,100,"bu","13:10:52",2959900
7470,10,100,"bu","13:10:34",2959800
7460,0,1000,"sd","13:10:24",2959700
7460,0,300,"sd","13:10:09",2958700
7470,10,100,"bu","13:10:03",2958400
7460,0,100,"sd","13:09:42",2958300
7470,10,200,"bu","13:09:31",2958200
7460,0,4400,"bu","13:09:24",2958000
7460,0,600,"bu","13:09:24",2953600
7460,0,800,"bu","13:09:24",2953000
7460,0,2000,"bu","13:09:24",2952200
7460,0,100,"bu","13:09:24",2950200
7460,0,100,"bu","13:09:24",2950100
7460,0,200,"bu","13:09:24",2950000
7460,0,1000,"bu","13:09:24",2949800
7460,0,200,"bu","13:09:24",2948800
7460,0,200,"bu","13:09:20",2948600
7460,0,300,"bu","13:09:19",2948400
7460,0,700,"bu","13:09:19",2948100
7460,0,100,"bu","13:09:18",2947400
7460,0,100,"bu","13:09:16",2947300
7460,0,300,"bu","13:09:14",2947200
7460,0,400,"bu","13:09:10",2946900
7460,0,100,"bu","13:09:10",2946500
7460,0,400,"bu","13:09:10",2946400
7460,0,100,"bu","13:09:10",2946000
7460,0,1000,"bu","13:09:07",2945900
7460,0,200,"bu","13:09:07",2944900
7460,0,500,"bu","13:09:07",2944700
7460,0,200,"bu","13:09:07",2944200
7460,0,1500,"bu","13:09:07",2944000
7460,0,200,"bu","13:09:07",2942500
7460,0,500,"bu","13:09:07",2942300
7460,0,400,"bu","13:09:07",2941800
7460,0,100,"bu","13:09:07",2941400
7460,0,100,"bu","13:08:59",2941300
7450,-10,1000,"sd","13:08:43",2941200
7450,-10,500,"sd","13:08:43",2940200
7450,-10,500,"bu","13:08:41",2939700
7450,-10,500,"bu","13:08:39",2939200
7450,-10,400,"bu","13:08:39",2938700
7450,-10,5800,"bu","13:08:37",2938300
7450,-10,2800,"bu","13:08:36",2932500
7450,-10,100,"bu","13:08:36",2929700
7450,-10,1000,"bu","13:08:36",2929600
7450,-10,100,"bu","13:08:36",2928600
7450,-10,1000,"bu","13:08:36",2928500
7450,-10,100,"bu","13:08:36",2927500
7450,-10,4900,"bu","13:08:36",2927400
7450,-10,500,"bu","13:08:34",2922500
7450,-10,1000,"bu","13:08:32",2922000
7450,-10,900,"bu","13:08:31",2921000
7450,-10,1000,"bu","13:08:31",2920100
7450,-10,3000,"bu","13:08:31",2919100
7450,-10,600,"bu","13:08:31",2916100
7450,-10,5000,"bu","13:08:31",2915500
7450,-10,300,"bu","13:08:31",2910500
7450,-10,1000,"bu","13:08:31",2910200
7450,-10,3200,"bu","13:08:31",2909200
7450,-10,10000,"bu","13:08:30",2906000
7450,-10,700,"bu","13:08:28",2896000
7450,-10,200,"bu","13:08:28",2895300
7450,-10,500,"bu","13:08:25",2895100
7440,-20,100,"sd","13:08:24",2894600
7450,-10,100,"bu","13:08:22",2894500
7450,-10,100,"bu","13:08:21",2894400
7450,-10,100,"bu","13:08:08",2894300
7450,-10,100,"bu","13:07:56",2894200
7450,-10,100,"bu","13:07:56",2894100
7450,-10,1000,"bu","13:07:50",2894000
7450,-10,200,"bu","13:07:34",2893000
7450,-10,400,"bu","13:07:26",2892800
7450,-10,200,"bu","13:07:24",2892400
7440,-20,100,"sd","13:07:13",2892200
7450,-10,100,"bu","13:06:53",2892100
7450,-10,200,"bu","13:06:51",2892000
7450,-10,300,"bu","13:06:40",2891800
7450,-10,2800,"bu","13:06:28",2891500
7440,-20,100,"sd","13:06:28",2888700
7450,-10,200,"bu","13:06:18",2888600
7450,-10,20000,"bu","13:06:16",2888400
7450,-10,100,"bu","13:05:47",2868400
7440,-20,400,"sd","13:05:25",2868300
7440,-20,300,"sd","13:05:24",2867900
7450,-10,100,"bu","13:05:24",2867600
7450,-10,200,"bu","13:05:15",2867500
7450,-10,1400,"bu","13:04:58",2867300
7450,-10,1000,"bu","13:04:45",2865900
7450,-10,100,"bu","13:04:45",2864900
7450,-10,300,"bu","13:04:37",2864800
7450,-10,100,"bu","13:04:14",2864500
7450,-10,200,"bu","13:04:11",2864400
7450,-10,10000,"bu","13:04:05",2864200
7450,-10,200,"bu","13:03:43",2854200
7440,-20,4000,"bu","13:03:40",2854000
7440,-20,1800,"bu","13:03:39",2850000
7440,-20,4200,"bu","13:03:32",2848200
7440,-20,300,"bu","13:03:32",2844000
7440,-20,200,"bu","13:03:32",2843700
7440,-20,10300,"bu","13:03:32",2843500
7440,-20,500,"bu","13:03:32",2833200
7440,-20,500,"bu","13:03:27",2832700
7440,-20,1000,"bu","13:03:26",2832200
7440,-20,1700,"bu","13:03:21",2831200
7440,-20,100,"bu","13:03:21",2829500
7440,-20,1000,"bu","13:03:20",2829400
7440,-20,100,"bu","13:03:11",2828400
7440,-20,5000,"bu","13:03:10",2828300
7440,-20,500,"sd","13:02:58",2823300
7440,-20,300,"sd","13:02:58",2822800
7440,-20,1000,"sd","13:02:58",2822500
7450,-10,200,"bu","13:02:39",2821500
7450,-10,4000,"bu","13:02:39",2821300
7450,-10,100,"bu","13:02:08",2817300
7430,-30,7000,"sd","13:02:08",2817200
7440,-20,3000,"sd","13:02:08",2810200
7450,-10,21400,"bu","13:02:04",2807200
7440,-20,3900,"bu","13:02:04",2785800
7440,-20,4000,"bu","13:02:04",2781900
7440,-20,3000,"bu","13:02:04",2777900
7440,-20,100,"bu","13:02:04",2774900
7440,-20,500,"bu","13:02:04",2774800
7440,-20,17100,"bu","13:02:04",2774300
7430,-30,100,"sd","13:01:54",2757200
7430,-30,200,"sd","13:01:52",2757100
7430,-30,2300,"sd","13:01:44",2756900
7430,-30,400,"sd","13:01:44",2754600
7430,-30,100,"sd","13:01:44",2754200
7430,-30,200,"sd","13:01:44",2754100
7430,-30,300,"sd","13:01:44",2753900
7430,-30,1000,"sd","13:01:44",2753600
7430,-30,1000,"sd","13:01:44",2752600
7430,-30,4700,"sd","13:01:44",2751600
7430,-30,100,"sd","13:01:41",2746900
7440,-20,100,"bu","13:01:38",2746800
7440,-20,2000,"bu","13:01:32",2746700
7440,-20,200,"bu","13:01:07",2744700
7440,-20,200,"bu","13:00:51",2744500
7440,-20,100,"bu","13:00:41",2744300
7440,-20,100,"bu","13:00:17",2744200
7430,-30,1200,"sd","13:00:10",2744100
7430,-30,100,"sd","13:00:09",2742900
7440,-20,1000,"bu","13:00:09",2742800
7440,-20,2000,"bu","13:00:08",2741800
7440,-20,100,"bu","13:00:07",2739800
7440,-20,1200,"bu","13:00:05",2739700
7440,-20,300,"bu","13:00:05",2738500
7440,-20,900,"bu","13:00:05",2738200
7440,-20,2000,"bu","13:00:05",2737300
7440,-20,1000,"bu","13:00:05",2735300
7430,-30,200,"sd","13:00:05",2734300
7440,-20,200,"bu","13:00:04",2734100
7440,-20,3000,"bu","13:00:04",2733900
7430,-30,100,"sd","13:00:04",2730900
7440,-20,1000,"bu","13:00:04",2730800
7440,-20,300,"bu","13:00:04",2729800
7430,-30,200,"sd","13:00:04",2729500
7440,-20,1000,"bu","13:00:04",2729300
7430,-30,500,"sd","13:00:04",2728300
7440,-20,100,"bu","13:00:04",2727800
7430,-30,100,"sd","13:00:04",2727700
7440,-20,100,"bu","13:00:04",2727600
7440,-20,600,"bu","13:00:03",2727500
7440,-20,200,"bu","13:00:03",2726900
7440,-20,500,"bu","13:00:03",2726700
7440,-20,500,"bu","13:00:03",2726200
7440,-20,1100,"bu","13:00:03",2725700
7440,-20,400,"bu","11:29:55",2724600
7440,-20,1600,"bu","11:29:55",2724200
7440,-20,500,"bu","11:29:53",2722600
7440,-20,100,"bu","11:29:47",2722100
7440,-20,200,"bu","11:29:46",2722000
7440,-20,300,"bu","11:29:39",2721800
7430,-30,300,"sd","11:29:33",2721500
7430,-30,1100,"sd","11:29:33",2721200
7430,-30,100,"sd","11:29:33",2720100
7430,-30,300,"sd","11:29:33",2720000
7440,-20,800,"bu","11:29:32",2719700
7440,-20,3400,"bu","11:29:32",2718900
7440,-20,100,"bu","11:29:31",2715500
7440,-20,500,"bu","11:29:16",2715400
7440,-20,1000,"bu","11:29:07",2714900
7440,-20,100,"bu","11:28:37",2713900
7440,-20,100,"bu","11:28:31",2713800
7440,-20,200,"bu","11:28:14",2713700
7440,-20,100,"bu","11:28:14",2713500
7440,-20,200,"bu","11:28:14",2713400
7440,-20,5000,"bu","11:28:11",2713200
7440,-20,100,"bu","11:28:07",2708200
7440,-20,100,"bu","11:27:35",2708100
7430,-30,200,"sd","11:27:28",2708000
7430,-30,500,"sd","11:27:28",2707800
7430,-30,400,"sd","11:27:28",2707300
7430,-30,1000,"sd","11:27:28",2706900
7430,-30,100,"sd","11:27:27",2705900
7430,-30,100,"sd","11:27:27",2705800
7430,-30,200,"sd","11:27:27",2705700
7440,-20,200,"bu","11:27:03",2705500
7430,-30,400,"sd","11:26:44",2705300
7430,-30,100,"sd","11:26:44",2704900
7430,-30,100,"sd","11:26:44",2704800
7430,-30,2000,"sd","11:26:44",2704700
7430,-30,500,"sd","11:26:44",2702700
7430,-30,100,"sd","11:26:44",2702200
7430,-30,2000,"sd","11:26:44",2702100
7430,-30,3000,"sd","11:26:44",2700100
7430,-30,100,"sd","11:26:44",2697100
7430,-30,500,"sd","11:26:44",2697000
7430,-30,500,"sd","11:26:44",2696500
7430,-30,100,"sd","11:26:44",2696000
7430,-30,800,"sd","11:26:44",2695900
7430,-30,100,"sd","11:26:44",2695100
7430,-30,100,"sd","11:26:44",2695000
7430,-30,500,"sd","11:26:44",2694900
7430,-30,500,"sd","11:26:44",2694400
7430,-30,100,"sd","11:26:44",2693900
7430,-30,100,"sd","11:26:44",2693800
7430,-30,1000,"sd","11:26:44",2693700
7430,-30,1000,"sd","11:26:44",2692700
7430,-30,1800,"sd","11:26:44",2691700
7430,-30,200,"sd","11:26:44",2689900
7430,-30,1000,"sd","11:26:44",2689700
7430,-30,2000,"sd","11:26:44",2688700
7430,-30,500,"sd","11:26:44",2686700
7430,-30,100,"sd","11:26:44",2686200
7430,-30,10000,"sd","11:26:44",2686100
7430,-30,200,"sd","11:26:44",2676100
7430,-30,2000,"sd","11:26:44",2675900
7440,-20,100,"bu","11:26:31",2673900
7440,-20,200,"bu","11:26:12",2673800
7440,-20,600,"sd","11:26:01",2673600
7440,-20,1000,"sd","11:26:01",2673000
7440,-20,7000,"sd","11:26:01",2672000
7440,-20,1000,"sd","11:26:01",2665000
7440,-20,1000,"sd","11:26:01",2664000
7440,-20,800,"sd","11:26:01",2663000
7440,-20,300,"sd","11:26:01",2662200
7440,-20,2000,"sd","11:26:01",2661900
7440,-20,100,"sd","11:26:01",2659900
7440,-20,300,"sd","11:26:01",2659800
7440,-20,300,"sd","11:26:01",2659500
7440,-20,100,"sd","11:26:01",2659200
7440,-20,100,"sd","11:26:01",2659100
7440,-20,200,"sd","11:26:01",2659000
7440,-20,1000,"sd","11:26:01",2658800
7440,-20,1000,"sd","11:26:01",2657800
7440,-20,300,"sd","11:26:01",2656800
7440,-20,2000,"sd","11:26:01",2656500
7450,-10,200,"bu","11:25:59",2654500
7440,-20,700,"sd","11:25:49",2654300
7440,-20,300,"sd","11:25:49",2653600
7440,-20,200,"sd","11:25:28",2653300
7440,-20,3000,"sd","11:25:28",2653100
7440,-20,100,"sd","11:25:28",2650100
7440,-20,100,"sd","11:25:28",2650000
7440,-20,100,"sd","11:25:28",2649900
7440,-20,100,"sd","11:25:28",2649800
7440,-20,2000,"sd","11:25:28",2649700
7440,-20,1000,"sd","11:25:28",2647700
7440,-20,200,"sd","11:25:28",2646700
7440,-20,200,"sd","11:25:28",2646500
7450,-10,200,"bu","11:25:27",2646300
7440,-20,100,"sd","11:25:13",2646100
7450,-10,100,"bu","11:25:13",2646000
7450,-10,300,"bu","11:25:01",2645900
7450,-10,200,"bu","11:24:55",2645600
7450,-10,200,"bu","11:24:22",2645400
7450,-10,200,"bu","11:24:07",2645200
7440,-20,800,"sd","11:24:03",2645000
7440,-20,100,"sd","11:24:03",2644200
7440,-20,100,"sd","11:24:03",2644100
7440,-20,1000,"sd","11:24:03",2644000
7440,-20,100,"sd","11:24:03",2643000
7440,-20,500,"sd","11:24:03",2642900
7440,-20,200,"sd","11:24:03",2642400
7440,-20,1000,"sd","11:24:03",2642200
7440,-20,100,"sd","11:24:03",2641200
7440,-20,100,"sd","11:24:03",2641100
7440,-20,500,"sd","11:24:03",2641000
7440,-20,200,"sd","11:24:03",2640500
7440,-20,200,"sd","11:24:03",2640300
7440,-20,100,"sd","11:24:03",2640100
7440,-20,100,"sd","11:24:03",2640000
7440,-20,100,"sd","11:24:03",2639900
7440,-20,100,"sd","11:24:03",2639800
7440,-20,100,"sd","11:24:03",2639700
7440,-20,500,"sd","11:24:03",2639600
7440,-20,100,"sd","11:24:03",2639100
7440,-20,1000,"sd","11:24:03",2639000
7440,-20,500,"sd","11:24:03",2638000
7440,-20,1000,"sd","11:24:03",2637500
7440,-20,1500,"sd","11:24:03",2636500
7450,-10,100,"bu","11:23:59",2635000
7450,-10,100,"bu","11:23:50",2634900
7440,-20,500,"sd","11:23:43",2634800
7450,-10,100,"sd","11:23:36",2634300
7450,-10,4000,"sd","11:23:36",2634200
7450,-10,3000,"sd","11:23:36",2630200
7450,-10,300,"sd","11:23:36",2627200
7450,-10,1000,"sd","11:23:36",2626900
7450,-10,5000,"sd","11:23:36",2625900
7450,-10,5100,"sd","11:23:36",2620900
7460,0,100,"bu","11:23:25",2615800
7460,0,200,"bu","11:23:18",2615700
7460,0,100,"bu","11:22:48",2615500
7450,-10,1500,"sd","11:22:42",2615400
7450,-10,3400,"sd","11:22:40",2613900
7450,-10,1000,"sd","11:22:40",2610500
7450,-10,300,"sd","11:22:40",2609500
7450,-10,1000,"sd","11:22:40",2609200
7450,-10,500,"sd","11:22:40",2608200
7450,-10,500,"sd","11:22:40",2607700
7450,-10,200,"sd","11:22:40",2607200
7450,-10,1000,"sd","11:22:40",2607000
7450,-10,500,"sd","11:22:40",2606000
7450,-10,200,"sd","11:22:40",2605500
7450,-10,10000,"sd","11:22:40",2605300
7450,-10,2900,"sd","11:22:40",2595300
7450,-10,1000,"sd","11:22:40",2592400
7450,-10,200,"sd","11:22:40",2591400
7450,-10,1000,"sd","11:22:40",2591200
7450,-10,3000,"sd","11:22:40",2590200
7450,-10,100,"sd","11:22:40",2587200
7450,-10,1000,"sd","11:22:40",2587100
7450,-10,200,"sd","11:22:40",2586100
7450,-10,100,"sd","11:22:40",2585900
7450,-10,1000,"sd","11:22:40",2585800
7450,-10,200,"sd","11:22:40",2584800
7450,-10,500,"sd","11:22:40",2584600
7460,0,200,"bu","11:22:15",2584100
7460,0,100,"bu","11:22:11",2583900
7460,0,100,"bu","11:21:45",2583800
7450,-10,100,"sd","11:21:36",2583700
7450,-10,200,"sd","11:21:36",2583600
7450,-10,100,"sd","11:21:36",2583400
7450,-10,600,"sd","11:21:36",2583300
7450,-10,400,"sd","11:21:31",2582700
7450,-10,1000,"sd","11:21:31",2582300
7450,-10,1600,"sd","11:21:31",2581300
7450,-10,3300,"sd","11:21:28",2579700
7460,0,30000,"bu","11:21:24",2576400
7460,0,200,"bu","11:21:12",2546400
7460,0,200,"bu","11:21:04",2546200
7460,0,100,"bu","11:20:42",2546000
7450,-10,600,"sd","11:20:27",2545900
7460,0,1000,"bu","11:20:25",2545300
7450,-10,500,"sd","11:20:17",2544300
7460,0,100,"bu","11:20:11",2543800
7460,0,2000,"bu","11:20:06",2543700
7460,0,200,"bu","11:19:38",2541700
7460,0,100,"bu","11:19:08",2541500
7450,-10,3000,"sd","11:18:54",2541400
7450,-10,3000,"sd","11:18:46",2538400
7450,-10,1000,"sd","11:18:39",2535400
7460,0,200,"bu","11:18:36",2534400
7460,0,100,"bu","11:18:06",2534200
7460,0,1000,"bu","11:17:33",2534100
7460,0,200,"bu","11:17:33",2533100
7460,0,100,"bu","11:17:03",2532900
7460,0,500,"bu","11:16:46",2532800
7460,0,200,"bu","11:16:31",2532300
7460,0,100,"bu","11:16:00",2532100
7460,0,100,"bu","11:15:30",2532000
7450,-10,600,"sd","11:15:28",2531900
7460,0,100,"bu","11:15:19",2531300
7460,0,100,"bu","11:14:59",2531200
7460,0,100,"bu","11:14:28",2531100
7460,0,200,"bu","11:13:56",2531000
7460,0,200,"bu","11:13:56",2530800
7460,0,1000,"bu","11:13:53",2530600
7460,0,400,"bu","11:13:40",2529600
7460,0,200,"bu","11:13:38",2529200
7460,0,200,"bu","11:13:24",2529000
7460,0,100,"bu","11:12:53",2528800
7460,0,100,"bu","11:12:22",2528700
7460,0,500,"bu","11:12:09",2528600
7460,0,11000,"bu","11:11:53",2528100
7460,0,200,"bu","11:11:49",2517100
7460,0,200,"bu","11:11:16",2516900
7450,-10,600,"sd","11:11:15",2516700
7450,-10,200,"sd","11:11:10",2516100
7450,-10,2000,"sd","11:11:04",2515900
7460,0,200,"bu","11:10:50",2513900
7460,0,200,"bu","11:10:44",2513700
7460,0,1000,"bu","11:10:18",2513500
7450,-10,100,"sd","11:10:15",2512500
7460,0,400,"bu","11:10:14",2512400
7460,0,100,"bu","11:10:14",2512000
7460,0,500,"bu","11:09:50",2511900
7460,0,100,"bu","11:09:43",2511400
7450,-10,3500,"sd","11:09:38",2511300
7450,-10,100,"sd","11:09:38",2507800
7450,-10,200,"sd","11:09:38",2507700
7450,-10,400,"sd","11:09:38",2507500
7450,-10,500,"sd","11:09:38",2507100
7450,-10,500,"sd","11:09:38",2506600
7450,-10,100,"sd","11:09:38",2506100
7450,-10,300,"sd","11:09:38",2506000
7450,-10,1000,"sd","11:09:38",2505700
7450,-10,100,"sd","11:09:38",2504700
7450,-10,2000,"sd","11:09:38",2504600
7450,-10,1000,"sd","11:09:38",2502600
7450,-10,300,"sd","11:09:38",2501600
7460,0,100,"bu","11:09:13",2501300
7460,0,100,"bu","11:09:13",2501200
7460,0,3000,"bu","11:09:08",2501100
7460,0,1000,"bu","11:09:03",2498100
7460,0,1500,"bu","11:08:59",2497100
7460,0,100,"bu","11:08:41",2495600
7460,0,100,"bu","11:08:09",2495500
7460,0,100,"bu","11:07:52",2495400
7460,0,200,"bu","11:07:37",2495300
7460,0,3000,"bu","11:07:14",2495100
7450,-10,500,"sd","11:07:12",2492100
7460,0,100,"bu","11:07:11",2491600
7460,0,100,"bu","11:07:05",2491500
7460,0,100,"bu","11:07:03",2491400
7460,0,1500,"bu","11:07:00",2491300
7460,0,300,"bu","11:06:51",2489800
7460,0,1000,"bu","11:06:49",2489500
7460,0,100,"bu","11:06:34",2488500
7460,0,1300,"bu","11:06:34",2488400
7450,-10,200,"sd","11:06:28",2487100
7450,-10,100,"sd","11:06:28",2486900
7450,-10,500,"sd","11:06:28",2486800
7450,-10,5000,"sd","11:06:28",2486300
7450,-10,10000,"sd","11:06:28",2481300
7450,-10,100,"sd","11:06:28",2471300
7450,-10,200,"sd","11:06:28",2471200
7460,0,3000,"bu","11:06:26",2471000
7460,0,2100,"bu","11:06:06",2468000
7460,0,100,"bu","11:06:04",2465900
7450,-10,400,"sd","11:05:52",2465800
7460,0,3000,"bu","11:05:51",2465400
7450,-10,600,"sd","11:05:49",2462400
7450,-10,400,"sd","11:05:49",2461800
7450,-10,3600,"sd","11:05:37",2461400
7450,-10,1000,"sd","11:05:37",2457800
7450,-10,100,"sd","11:05:37",2456800
7450,-10,400,"sd","11:05:37",2456700
7450,-10,900,"sd","11:05:37",2456300
7460,0,2800,"bu","11:05:37",2455400
7460,0,200,"bu","11:05:30",2452600
7450,-10,100,"sd","11:05:28",2452400
7460,0,300,"bu","11:05:13",2452300
7460,0,100,"bu","11:05:00",2452000
7450,-10,100,"sd","11:04:55",2451900
7450,-10,1900,"sd","11:04:40",2451800
7450,-10,100,"sd","11:04:40",2449900
7460,0,100,"bu","11:04:28",2449800
7460,0,1000,"bu","11:04:26",2449700
7460,0,300,"bu","11:04:19",2448700
7460,0,100,"bu","11:03:56",2448400
7460,0,10000,"bu","11:03:30",2448300
7460,0,100,"bu","11:03:25",2438300
7460,0,1000,"bu","11:03:20",2438200
7460,0,500,"sd","11:03:18",2437200
7470,10,100,"bu","11:02:54",2436700
7470,10,8600,"bu","11:02:32",2436600
7460,0,1400,"bu","11:02:32",2428000
7460,0,200,"bu","11:02:22",2426600
7460,0,200,"bu","11:02:19",2426400
7460,0,1000,"bu","11:02:15",2426200
7460,0,500,"bu","11:02:05",2425200
7460,0,100,"sd","11:02:04",2424700
7460,0,2000,"sd","11:02:04",2424600
7460,0,3000,"sd","11:02:04",2422600
7460,0,500,"sd","11:02:04",2419600
7460,0,100,"sd","11:02:04",2419100
7460,0,1000,"sd","11:02:04",2419000
7470,10,1000,"bu","11:02:04",2418000
7470,10,100,"bu","11:01:51",2417000
7470,10,200,"bu","11:01:18",2416900
7460,0,100,"sd","11:01:12",2416700
7460,0,900,"sd","11:01:12",2416600
7460,0,100,"bu","11:00:59",2415700
7460,0,1000,"bu","11:00:59",2415600
7460,0,100,"bu","11:00:48",2414600
7460,0,300,"bu","11:00:45",2414500
7460,0,1000,"bu","11:00:39",2414200
7460,0,100,"bu","11:00:37",2413200
7470,10,100,"bu","11:00:16",2413100
7450,-10,400,"sd","11:00:08",2413000
7450,-10,500,"sd","11:00:08",2412600
7450,-10,1300,"sd","11:00:08",2412100
7450,-10,100,"sd","11:00:08",2410800
7450,-10,500,"sd","11:00:08",2410700
7450,-10,1000,"sd","11:00:08",2410200
7450,-10,100,"sd","11:00:08",2409200
7450,-10,10000,"sd","11:00:08",2409100
7450,-10,100,"sd","11:00:08",2399100
7450,-10,2000,"sd","11:00:08",2399000
7450,-10,300,"sd","11:00:08",2397000
7450,-10,500,"sd","11:00:08",2396700
7450,-10,2000,"sd","11:00:08",2396200
7450,-10,10000,"sd","11:00:08",2394200
7450,-10,200,"sd","11:00:08",2384200
7450,-10,1000,"sd","11:00:08",2384000
7450,-10,400,"sd","11:00:08",2383000
7460,0,100,"sd","11:00:08",2382600
7460,0,100,"sd","11:00:08",2382500
7460,0,300,"sd","11:00:08",2382400
7460,0,1000,"sd","11:00:08",2382100
7460,0,200,"sd","11:00:08",2381100
7460,0,100,"sd","11:00:08",2380900
7460,0,7300,"sd","11:00:08",2380800
7470,10,100,"bu","11:00:01",2373500
7470,10,100,"bu","10:59:46",2373400
7470,10,200,"bu","10:59:25",2373300
7460,0,100,"sd","10:59:22",2373100
7470,10,100,"bu","10:59:14",2373000
7470,10,300,"bu","10:58:43",2372900
7470,10,100,"bu","10:58:42",2372600
7470,10,400,"bu","10:58:15",2372500
7470,10,400,"bu","10:58:15",2372100
7470,10,100,"bu","10:58:09",2371700
7470,10,100,"bu","10:58:09",2371600
7470,10,100,"bu","10:57:53",2371500
7460,0,1000,"bu","10:57:42",2371400
7460,0,1000,"bu","10:57:42",2370400
7460,0,100,"bu","10:57:42",2369400
7460,0,500,"bu","10:57:42",2369300
7460,0,100,"bu","10:57:38",2368800
7460,0,400,"bu","10:57:28",2368700
7460,0,1600,"bu","10:57:28",2368300
7460,0,100,"bu","10:57:05",2366700
7460,0,600,"bu","10:56:34",2366600
7460,0,700,"bu","10:56:33",2366000
7460,0,200,"bu","10:56:33",2365300
7460,0,100,"bu","10:56:33",2365100
7460,0,200,"bu","10:56:32",2365000
7460,0,5000,"bu","10:56:27",2364800
7460,0,100,"bu","10:56:02",2359800
7460,0,100,"bu","10:55:32",2359700
7460,0,1000,"bu","10:55:23",2359600
7450,-10,1000,"sd","10:55:22",2358600
7450,-10,600,"sd","10:55:11",2357600
7450,-10,2000,"sd","10:55:11",2357000
7450,-10,200,"sd","10:55:11",2355000
7450,-10,100,"sd","10:55:11",2354800
7450,-10,100,"sd","10:55:11",2354700
7450,-10,2000,"sd","10:55:11",2354600
7460,0,100,"bu","10:54:59",2352600
7460,0,200,"bu","10:54:51",2352500
7460,0,100,"bu","10:54:29",2352300
7460,0,1000,"bu","10:54:28",2352200
7460,0,100,"bu","10:54:16",2351200
7460,0,1000,"bu","10:54:05",2351100
7460,0,500,"bu","10:53:58",2350100
7460,0,100,"bu","10:53:57",2349600
7460,0,5000,"bu","10:53:50",2349500
7460,0,500,"bu","10:53:27",2344500
7460,0,100,"bu","10:53:26",2344000
7460,0,500,"bu","10:53:08",2343900
7450,-10,300,"sd","10:53:03",2343400
7460,0,100,"bu","10:52:53",2343100
7460,0,100,"bu","10:52:23",2343000
7460,0,1000,"bu","10:52:08",2342900
7450,-10,700,"sd","10:51:53",2341900
7450,-10,100,"sd","10:51:53",2341200
7450,-10,3000,"sd","10:51:53",2341100
7450,-10,16200,"sd","10:51:53",2338100
7460,0,100,"bu","10:51:51",2321900
7460,0,300,"bu","10:51:28",2321800
7460,0,1000,"bu","10:51:21",2321500
7460,0,1700,"bu","10:51:21",2320500
7460,0,300,"bu","10:51:21",2318800
7460,0,100,"bu","10:51:19",2318500
7460,0,1000,"bu","10:51:07",2318400
7460,0,100,"bu","10:51:03",2317400
7460,0,100,"bu","10:50:49",2317300
7460,0,1000,"bu","10:50:46",2317200
7460,0,1000,"bu","10:50:36",2316200
7460,0,1000,"bu","10:50:34",2315200
7460,0,300,"bu","10:50:31",2314200
7460,0,100,"bu","10:50:31",2313900
7460,0,1000,"bu","10:50:21",2313800
7460,0,100,"bu","10:50:19",2312800
7460,0,1000,"bu","10:50:18",2312700
7460,0,100,"bu","10:50:07",2311700
7460,0,100,"bu","10:49:47",2311600
7460,0,100,"bu","10:49:15",2311500
7460,0,300,"bu","10:49:12",2311400
7460,0,100,"bu","10:49:03",2311100
7460,0,500,"bu","10:49:00",2311000
7460,0,100,"bu","10:48:45",2310500
7460,0,100,"bu","10:48:42",2310400
7460,0,3000,"bu","10:48:41",2310300
7460,0,10000,"bu","10:48:33",2307300
7460,0,100,"sd","10:48:27",2297300
7460,0,5000,"sd","10:48:27",2297200
7460,0,3400,"sd","10:48:27",2292200
7460,0,300,"bu","10:48:21",2288800
7460,0,2300,"bu","10:48:21",2288500
7460,0,100,"bu","10:48:10",2286200
7460,0,200,"bu","10:48:09",2286100
7460,0,3000,"bu","10:47:55",2285900
7460,0,100,"bu","10:47:46",2282900
7460,0,100,"bu","10:47:40",2282800
7460,0,4000,"bu","10:47:35",2282700
7460,0,100,"bu","10:47:35",2278700
7460,0,1600,"bu","10:47:32",2278600
7460,0,2000,"bu","10:47:29",2277000
7460,0,800,"bu","10:47:19",2275000
7460,0,30000,"bu","10:47:11",2274200
7460,0,100,"bu","10:47:10",2244200
7460,0,500,"bu","10:46:59",2244100
7460,0,200,"bu","10:46:57",2243600
7460,0,100,"bu","10:46:37",2243400
7460,0,1000,"bu","10:46:17",2243300
7460,0,1000,"bu","10:46:13",2242300
7460,0,100,"bu","10:46:05",2241300
7460,0,100,"bu","10:45:33",2241200
7460,0,500,"bu","10:45:31",2241100
7460,0,2100,"bu","10:45:15",2240600
7460,0,1900,"bu","10:45:15",2238500
7450,-10,500,"sd","10:45:08",2236600
7460,0,100,"bu","10:45:03",2236100
7450,-10,3000,"sd","10:44:32",2236000
7460,0,100,"bu","10:44:30",2233000
7460,0,600,"bu","10:44:22",2232900
7460,0,200,"bu","10:44:17",2232300
7460,0,100,"bu","10:43:58",2232100
7460,0,100,"bu","10:43:47",2232000
7460,0,500,"bu","10:43:37",2231900
7460,0,100,"bu","10:43:26",2231400
7450,-10,1400,"sd","10:43:12",2231300
7450,-10,28900,"sd","10:43:11",2229900
7450,-10,1000,"sd","10:43:11",2201000
7450,-10,5000,"sd","10:43:11",2200000
7450,-10,1000,"sd","10:43:11",2195000
7450,-10,3000,"sd","10:43:11",2194000
7450,-10,500,"sd","10:43:11",2191000
7450,-10,300,"sd","10:43:11",2190500
7450,-10,100,"sd","10:43:11",2190200
7450,-10,2000,"sd","10:43:11",2190100
7450,-10,1000,"sd","10:43:11",2188100
7450,-10,5000,"sd","10:43:11",2187100
7450,-10,500,"sd","10:43:11",2182100
7450,-10,100,"sd","10:43:11",2181600
7450,-10,1600,"sd","10:43:11",2181500
7460,0,100,"bu","10:42:55",2179900
7450,-10,400,"sd","10:42:28",2179800
7450,-10,2000,"sd","10:42:28",2179400
7450,-10,200,"sd","10:42:28",2177400
7450,-10,200,"sd","10:42:28",2177200
7450,-10,400,"sd","10:42:28",2177000
7450,-10,1000,"sd","10:42:27",2176600
7450,-10,400,"sd","10:42:27",2175600
7450,-10,500,"sd","10:42:27",2175200
7450,-10,200,"sd","10:42:27",2174700
7450,-10,200,"sd","10:42:27",2174500
7450,-10,200,"sd","10:42:27",2174300
7450,-10,200,"sd","10:42:27",2174100
7450,-10,100,"sd","10:42:27",2173900
7450,-10,1000,"sd","10:42:27",2173800
7450,-10,1000,"sd","10:42:27",2172800
7450,-10,1000,"sd","10:42:27",2171800
7450,-10,100,"sd","10:42:27",2170800
7450,-10,100,"sd","10:42:27",2170700
7450,-10,100,"sd","10:42:27",2170600
7450,-10,500,"sd","10:42:27",2170500
7450,-10,200,"sd","10:42:27",2170000
7450,-10,500,"sd","10:42:27",2169800
7460,0,100,"bu","10:42:25",2169300
7450,-10,900,"sd","10:42:20",2169200
7460,0,100,"bu","10:41:52",2168300
7460,0,100,"bu","10:41:20",2168200
7460,0,100,"bu","10:41:13",2168100
7460,0,300,"bu","10:41:11",2168000
7460,0,1000,"bu","10:41:11",2167700
7460,0,100,"bu","10:40:50",2166700
7460,0,100,"bu","10:40:48",2166600
7460,0,1000,"bu","10:40:44",2166500
7460,0,1000,"bu","10:40:39",2165500
7460,0,1000,"bu","10:40:31",2164500
7460,0,100,"bu","10:40:18",2163500
7460,0,1000,"bu","10:40:14",2163400
7460,0,2100,"bu","10:39:48",2162400
7460,0,1900,"bu","10:39:48",2160300
7460,0,100,"bu","10:39:46",2158400
7460,0,1000,"sd","10:39:38",2158300
7460,0,1000,"sd","10:39:26",2157300
7450,-10,3600,"sd","10:39:23",2156300
7450,-10,100,"sd","10:39:23",2152700
7450,-10,100,"sd","10:39:23",2152600
7450,-10,47700,"sd","10:39:23",2152500
7460,0,3000,"sd","10:39:23",2104800
7460,0,1000,"sd","10:39:23",2101800
7460,0,200,"sd","10:39:23",2100800
7460,0,300,"sd","10:39:23",2100600
7460,0,200,"sd","10:39:23",2100300
7460,0,2000,"sd","10:39:23",2100100
7460,0,800,"sd","10:39:23",2098100
7470,10,100,"bu","10:39:14",2097300
7470,10,100,"bu","10:38:58",2097200
7470,10,100,"bu","10:38:43",2097100
7470,10,800,"sd","10:38:29",2097000
7470,10,1000,"sd","10:38:29",2096200
7470,10,1300,"sd","10:38:29",2095200
7470,10,200,"sd","10:38:20",2093900
7480,20,100,"bu","10:38:13",2093700
7470,10,3500,"sd","10:38:04",2093600
7470,10,500,"bu","10:37:48",2090100
7470,10,500,"sd","10:37:46",2089600
7480,20,100,"bu","10:37:42",2089100
7460,0,1200,"sd","10:37:33",2089000
7460,0,8500,"sd","10:37:33",2087800
7460,0,300,"sd","10:37:33",2079300
7460,0,700,"sd","10:37:33",2079000
7460,0,2000,"sd","10:37:33",2078300
7460,0,2000,"sd","10:37:33",2076300
7460,0,100,"sd","10:37:33",2074300
7460,0,1000,"sd","10:37:33",2074200
7460,0,500,"sd","10:37:33",2073200
7460,0,3000,"sd","10:37:33",2072700
7460,0,3000,"sd","10:37:33",2069700
7470,10,100,"sd","10:37:33",2066700
7470,10,800,"sd","10:37:33",2066600
7470,10,1000,"sd","10:37:33",2065800
7470,10,200,"sd","10:37:33",2064800
7470,10,100,"sd","10:37:33",2064600
7470,10,1500,"sd","10:37:33",2064500
7480,20,4000,"bu","10:37:31",2063000
7480,20,100,"bu","10:37:11",2059000
7470,10,1200,"sd","10:36:52",2058900
7480,20,100,"bu","10:36:48",2057700
7480,20,100,"bu","10:36:40",2057600
7480,20,1000,"bu","10:36:29",2057500
7480,20,1000,"bu","10:36:29",2056500
7480,20,300,"bu","10:36:29",2055500
7480,20,700,"bu","10:36:29",2055200
7480,20,100,"bu","10:36:09",2054500
7480,20,100,"bu","10:35:38",2054400
7480,20,100,"bu","10:35:07",2054300
7470,10,1000,"bu","10:34:39",2054200
7470,10,500,"bu","10:34:39",2053200
7460,0,500,"sd","10:34:38",2052700
7470,10,1600,"bu","10:34:38",2052200
7470,10,200,"bu","10:34:37",2050600
7470,10,800,"bu","10:34:37",2050400
7470,10,100,"bu","10:34:37",2049600
7470,10,10000,"bu","10:34:33",2049500
7470,10,100,"bu","10:34:05",2039500
7470,10,2000,"bu","10:33:57",2039400
7470,10,100,"bu","10:33:34",2037400
7470,10,100,"bu","10:33:03",2037300
7460,0,2000,"sd","10:32:37",2037200
7470,10,100,"bu","10:32:31",2035200
7460,0,2500,"sd","10:32:22",2035100
7460,0,400,"sd","10:32:22",2032600
7460,0,500,"sd","10:32:22",2032200
7460,0,1600,"sd","10:32:22",2031700
7470,10,200,"bu","10:32:17",2030100
7470,10,200,"bu","10:32:16",2029900
7470,10,800,"bu","10:32:15",2029700
7470,10,100,"bu","10:32:12",2028900
7470,10,100,"bu","10:32:00",2028800
7470,10,3000,"bu","10:31:41",2028700
7470,10,200,"bu","10:31:31",2025700
7470,10,100,"bu","10:31:29",2025500
7460,0,400,"bu","10:31:07",2025400
7460,0,2700,"bu","10:31:07",2025000
7460,0,2000,"bu","10:31:02",2022300
7460,0,1000,"bu","10:31:00",2020300
7460,0,100,"bu","10:30:55",2019300
7460,0,700,"bu","10:30:49",2019200
7460,0,300,"bu","10:30:49",2018500
7460,0,1600,"bu","10:30:31",2018200
7460,0,100,"bu","10:30:23",2016600
7460,0,1000,"bu","10:30:18",2016500
7460,0,500,"bu","10:30:13",2015500
7450,-10,2300,"sd","10:29:55",2015000
7450,-10,100,"sd","10:29:55",2012700
7450,-10,9400,"sd","10:29:55",2012600
7460,0,100,"bu","10:29:52",2003200
7460,0,6000,"bu","10:29:49",2003100
7460,0,100,"bu","10:29:48",1997100
7460,0,500,"bu","10:29:40",1997000
7460,0,500,"bu","10:29:37",1996500
7460,0,1000,"bu","10:29:32",1996000
7460,0,400,"bu","10:29:32",1995000
7460,0,1000,"bu","10:29:29",1994600
7460,0,100,"bu","10:29:21",1993600
7460,0,1000,"bu","10:29:16",1993500
7460,0,100,"bu","10:28:50",1992500
7460,0,10700,"bu","10:28:42",1992400
7460,0,100,"bu","10:28:41",1981700
7460,0,3000,"sd","10:28:33",1981600
7460,0,800,"sd","10:28:33",1978600
7460,0,1000,"sd","10:28:33",1977800
7460,0,3000,"sd","10:28:33",1976800
7460,0,100,"sd","10:28:33",1973800
7460,0,15000,"sd","10:28:33",1973700
7460,0,400,"sd","10:28:33",1958700
7460,0,800,"sd","10:28:33",1958300
7460,0,100,"sd","10:28:33",1957500
7460,0,100,"sd","10:28:33",1957400
7460,0,500,"sd","10:28:33",1957300
7460,0,100,"sd","10:28:33",1956800
7470,10,100,"bu","10:28:19",1956700
7460,0,1000,"sd","10:28:17",1956600
7470,10,500,"bu","10:28:07",1955600
7470,10,200,"bu","10:28:07",1955100
7470,10,300,"bu","10:28:07",1954900
7470,10,300,"bu","10:28:05",1954600
7470,10,500,"bu","10:27:50",1954300
7470,10,500,"bu","10:27:50",1953800
7470,10,300,"bu","10:27:46",1953300
7470,10,100,"bu","10:27:46",1953000
7460,0,1900,"sd","10:27:29",1952900
7460,0,100,"sd","10:27:29",1951000
7460,0,400,"sd","10:27:29",1950900
7460,0,16200,"sd","10:27:29",1950500
7470,10,100,"bu","10:27:26",1934300
7470,10,4200,"bu","10:27:26",1934200
7470,10,800,"bu","10:27:19",1930000
7470,10,1200,"bu","10:27:19",1929200
7470,10,100,"bu","10:27:14",1928000
7470,10,400,"bu","10:26:54",1927900
7470,10,100,"bu","10:26:43",1927500
7470,10,500,"bu","10:26:37",1927400
7470,10,1200,"sd","10:26:25",1926900
7470,10,200,"sd","10:26:25",1925700
7470,10,1000,"sd","10:26:25",1925500
7470,10,100,"sd","10:26:25",1924500
7470,10,100,"sd","10:26:25",1924400
7470,10,100,"sd","10:26:25",1924300
7480,20,100,"bu","10:26:13",1924200
7480,20,500,"bu","10:26:07",1924100
7480,20,300,"bu","10:26:05",1923600
7470,10,100,"sd","10:26:01",1923300
7470,10,300,"sd","10:26:01",1923200
7480,20,100,"bu","10:25:42",1922900
7480,20,100,"bu","10:25:11",1922800
7470,10,300,"sd","10:25:07",1922700
7470,10,500,"sd","10:25:07",1922400
7480,20,100,"bu","10:24:55",1921900
7480,20,100,"bu","10:24:39",1921800
7460,0,100,"sd","10:24:36",1921700
7460,0,33700,"sd","10:24:36",1921600
7460,0,500,"sd","10:24:36",1887900
7460,0,5800,"sd","10:24:36",1887400
7460,0,500,"sd","10:24:24",1881600
7460,0,100,"sd","10:24:13",1881100
7480,20,100,"bu","10:24:07",1881000
7460,0,1000,"bu","10:24:00",1880900
7460,0,400,"bu","10:24:00",1879900
7460,0,4200,"bu","10:24:00",1879500
7460,0,5000,"bu","10:23:58",1875300
7460,0,100,"bu","10:23:55",1870300
7460,0,100,"bu","10:23:54",1870200
7460,0,500,"bu","10:23:52",1870100
7460,0,500,"bu","10:23:52",1869600
7460,0,300,"bu","10:23:44",1869100
7460,0,300,"bu","10:23:44",1868800
7450,-10,600,"sd","10:23:43",1868500
7450,-10,400,"sd","10:23:43",1867900
7460,0,4000,"bu","10:23:40",1867500
7460,0,800,"bu","10:23:40",1863500
7460,0,5200,"bu","10:23:40",1862700
7460,0,1000,"bu","10:23:40",1857500
7460,0,100,"bu","10:23:34",1856500
7460,0,11200,"bu","10:23:32",1856400
7460,0,100,"bu","10:23:32",1845200
7460,0,4900,"bu","10:23:32",1845100
7450,-10,100,"sd","10:23:32",1840200
7450,-10,400,"sd","10:23:32",1840100
7460,0,100,"bu","10:23:03",1839700
7450,-10,34000,"sd","10:23:03",1839600
7450,-10,1000,"bu","10:22:58",1805600
7450,-10,5600,"bu","10:22:58",1804600
7450,-10,300,"bu","10:22:58",1799000
7450,-10,5000,"bu","10:22:58",1798700
7450,-10,600,"bu","10:22:58",1793700
7450,-10,1000,"bu","10:22:58",1793100
7450,-10,5000,"bu","10:22:58",1792100
7450,-10,5000,"bu","10:22:58",1787100
7450,-10,38200,"bu","10:22:58",1782100
7450,-10,100,"bu","10:22:57",1743900
7450,-10,500,"bu","10:22:54",1743800
7450,-10,100,"bu","10:22:47",1743300
7450,-10,200,"bu","10:22:44",1743200
7450,-10,1000,"bu","10:22:42",1743000
7450,-10,100,"bu","10:22:30",1742000
7450,-10,1500,"bu","10:22:30",1741900
7450,-10,3000,"bu","10:22:16",1740400
7440,-20,1200,"sd","10:22:07",1737400
7450,-10,100,"bu","10:21:59",1736200
7440,-20,1800,"sd","10:21:56",1736100
7440,-20,100,"sd","10:21:56",1734300
7440,-20,100,"sd","10:21:34",1734200
7440,-20,300,"sd","10:21:34",1734100
7450,-10,200,"bu","10:21:33",1733800
7450,-10,100,"bu","10:21:29",1733600
7440,-20,1000,"sd","10:21:27",1733500
7450,-10,100,"bu","10:21:21",1732500
7450,-10,100,"bu","10:20:59",1732400
7450,-10,100,"bu","10:20:58",1732300
7450,-10,100,"bu","10:20:39",1732200
7450,-10,13000,"bu","10:20:29",1732100
7450,-10,100,"bu","10:20:26",1719100
7440,-20,700,"sd","10:20:20",1719000
7440,-20,100,"sd","10:20:20",1718300
7440,-20,300,"sd","10:20:20",1718200
7440,-20,1000,"sd","10:20:20",1717900
7440,-20,1000,"sd","10:20:20",1716900
7440,-20,100,"sd","10:20:20",1715900
7440,-20,1000,"sd","10:20:20",1715800
7440,-20,100,"sd","10:20:20",1714800
7440,-20,1000,"sd","10:20:20",1714700
7440,-20,200,"sd","10:20:20",1713700
7440,-20,500,"sd","10:20:20",1713500
7450,-10,100,"bu","10:19:55",1713000
7440,-20,100,"sd","10:19:48",1712900
7440,-20,300,"sd","10:19:39",1712800
7450,-10,500,"bu","10:19:36",1712500
7450,-10,200,"bu","10:19:34",1712000
7450,-10,100,"bu","10:19:26",1711800
7450,-10,100,"bu","10:19:23",1711700
7450,-10,200,"bu","10:19:14",1711600
7450,-10,100,"bu","10:18:51",1711400
7440,-20,4000,"sd","10:18:46",1711300
7450,-10,200,"bu","10:18:41",1707300
7440,-20,500,"sd","10:18:37",1707100
7450,-10,200,"bu","10:18:33",1706600
7440,-20,4600,"sd","10:18:32",1706400
7440,-20,100,"sd","10:18:32",1701800
7440,-20,2000,"sd","10:18:32",1701700
7440,-20,1000,"sd","10:18:28",1699700
7440,-20,500,"sd","10:18:28",1698700
7440,-20,3000,"sd","10:18:28",1698200
7440,-20,100,"sd","10:18:28",1695200
7440,-20,400,"sd","10:18:28",1695100
7450,-10,100,"bu","10:18:20",1694700
7450,-10,600,"bu","10:18:19",1694600
7440,-20,4600,"sd","10:18:02",1694000
7440,-20,200,"sd","10:18:02",1689400
7440,-20,200,"sd","10:17:53",1688400
7440,-20,800,"sd","10:17:53",1689200
7450,-10,100,"bu","10:17:48",1688200
7450,-10,100,"bu","10:17:45",1688100
7450,-10,100,"sd","10:17:37",1688000
7450,-10,100,"sd","10:17:37",1687900
7450,-10,100,"sd","10:17:37",1687800
7450,-10,1000,"sd","10:17:36",1687700
7450,-10,1000,"sd","10:17:36",1686700
7450,-10,200,"sd","10:17:36",1685700
7450,-10,1300,"sd","10:17:36",1685500
7450,-10,8000,"sd","10:17:36",1684200
7450,-10,200,"sd","10:17:36",1676200
7450,-10,100,"sd","10:17:36",1676000
7450,-10,1000,"sd","10:17:36",1675900
7450,-10,100,"sd","10:17:36",1674900
7450,-10,100,"sd","10:17:36",1674800
7450,-10,27000,"sd","10:17:36",1674700
7450,-10,50000,"sd","10:17:36",1647700
7450,-10,500,"sd","10:17:36",1597700
7450,-10,800,"sd","10:17:36",1597200
7450,-10,4000,"sd","10:17:36",1596400
7450,-10,100,"sd","10:17:36",1592400
7450,-10,100,"sd","10:17:36",1592300
7450,-10,200,"sd","10:17:36",1592200
7450,-10,300,"sd","10:17:36",1592000
7450,-10,500,"sd","10:17:36",1591700
7450,-10,100,"sd","10:17:36",1591200
7450,-10,100,"sd","10:17:36",1591100
7450,-10,400,"sd","10:17:36",1591000
7450,-10,2000,"sd","10:17:36",1590600
7450,-10,100,"sd","10:17:36",1588600
7450,-10,500,"sd","10:17:36",1588500
7450,-10,3800,"sd","10:17:36",1588000
7450,-10,1200,"sd","10:17:32",1584200
7450,-10,100,"sd","10:17:32",1583000
7450,-10,200,"sd","10:17:32",1582900
7450,-10,100,"sd","10:17:32",1582700
7450,-10,500,"sd","10:17:32",1582600
7450,-10,1000,"sd","10:17:32",1582100
7450,-10,5000,"sd","10:17:32",1581100
7450,-10,200,"sd","10:17:32",1576100
7450,-10,200,"sd","10:17:32",1575900
7450,-10,1000,"sd","10:17:32",1575700
7450,-10,2000,"sd","10:17:32",1574700
7450,-10,200,"sd","10:17:32",1572700
7450,-10,2100,"sd","10:17:32",1572500
7450,-10,1100,"sd","10:17:32",1570400
7450,-10,100,"sd","10:17:32",1569300
7450,-10,500,"sd","10:17:32",1569200
7450,-10,500,"sd","10:17:32",1568700
7450,-10,300,"sd","10:17:32",1568200
7450,-10,700,"sd","10:17:32",1567900
7450,-10,10000,"sd","10:17:32",1567200
7450,-10,2000,"sd","10:17:32",1557200
7450,-10,3000,"sd","10:17:32",1555200
7450,-10,3000,"sd","10:17:32",1552200
7450,-10,500,"sd","10:17:32",1549200
7450,-10,15000,"sd","10:17:32",1548700
7450,-10,200,"sd","10:17:32",1533700
7450,-10,1000,"sd","10:17:32",1533500
7450,-10,200,"sd","10:17:32",1532500
7450,-10,200,"sd","10:17:32",1532300
7450,-10,3000,"sd","10:17:32",1532100
7450,-10,5000,"sd","10:17:32",1529100
7450,-10,500,"sd","10:17:32",1524100
7450,-10,1100,"sd","10:17:32",1523600
7450,-10,200,"sd","10:17:32",1522500
7450,-10,100,"sd","10:17:32",1522300
7460,0,6100,"bu","10:17:30",1522200
7460,0,300,"bu","10:17:18",1516100
7460,0,3000,"bu","10:17:16",1515800
7460,0,1000,"bu","10:17:16",1512800
7460,0,100,"bu","10:17:15",1511800
7460,0,200,"bu","10:17:11",1511700
7460,0,2000,"bu","10:17:07",1511500
7460,0,1000,"sd","10:17:07",1509500
7460,0,200,"sd","10:17:07",1508500
7460,0,1000,"sd","10:17:07",1508300
7460,0,100,"sd","10:17:07",1507300
7460,0,100,"sd","10:17:07",1507200
7460,0,2000,"sd","10:17:07",1507100
7460,0,400,"sd","10:17:07",1505100
7460,0,1100,"sd","10:17:07",1504700
7460,0,500,"sd","10:17:07",1503600
7460,0,400,"sd","10:17:07",1503100
7460,0,4000,"sd","10:17:07",1502700
7460,0,1000,"sd","10:17:07",1498700
7460,0,100,"sd","10:17:07",1497700
7460,0,5000,"sd","10:17:07",1497600
7460,0,200,"sd","10:17:07",1492600
7460,0,100,"sd","10:17:07",1492400
7460,0,3000,"sd","10:17:07",1492300
7460,0,100,"sd","10:17:07",1489300
7460,0,200,"sd","10:17:07",1489200
7460,0,200,"sd","10:17:07",1489000
7460,0,500,"sd","10:17:07",1488800
7460,0,3400,"sd","10:17:07",1488300
7460,0,3300,"sd","10:17:05",1484900
7460,0,1300,"sd","10:16:48",1481600
7460,0,200,"sd","10:16:48",1480300
7460,0,200,"sd","10:16:48",1480100
7460,0,100,"sd","10:16:48",1479900
7460,0,1000,"sd","10:16:48",1479800
7460,0,200,"sd","10:16:48",1478800
7470,10,100,"bu","10:16:44",1478600
7470,10,1400,"sd","10:16:34",1478500
7470,10,100,"sd","10:16:34",1477100
7470,10,4400,"sd","10:16:34",1477000
7470,10,5600,"sd","10:16:18",1472600
7470,10,100,"sd","10:16:18",1467000
7470,10,400,"sd","10:16:18",1466900
7480,20,100,"bu","10:16:14",1466500
7470,10,400,"sd","10:15:54",1466400
7470,10,100,"sd","10:15:54",1466000
7480,20,100,"bu","10:15:43",1465900
7470,10,1000,"sd","10:15:31",1465800
7480,20,100,"bu","10:15:13",1464800
7470,10,1000,"sd","10:14:57",1464700
7480,20,100,"bu","10:14:40",1463700
7470,10,500,"bu","10:14:11",1463600
7470,10,1000,"bu","10:14:11",1463100
7470,10,500,"bu","10:14:11",1462100
7470,10,100,"bu","10:14:09",1461600
7470,10,2500,"bu","10:14:08",1461500
7470,10,1500,"bu","10:13:54",1459000
7460,0,200,"sd","10:13:48",1457500
7460,0,100,"sd","10:13:48",1457300
7460,0,500,"sd","10:13:48",1457200
7460,0,500,"sd","10:13:48",1456700
7460,0,100,"sd","10:13:48",1456200
7460,0,1600,"sd","10:13:48",1456100
7470,10,4000,"bu","10:13:43",1454500
7470,10,600,"bu","10:13:38",1450500
7470,10,100,"bu","10:13:37",1449900
7470,10,100,"bu","10:13:36",1449800
7470,10,1000,"bu","10:13:18",1449700
7460,0,3400,"sd","10:13:14",1448700
7460,0,1000,"sd","10:13:14",1445300
7460,0,2600,"sd","10:13:14",1444300
7470,10,100,"bu","10:13:07",1441700
7460,0,7400,"sd","10:12:52",1441600
7460,0,300,"sd","10:12:52",1434200
7460,0,1000,"sd","10:12:52",1433900
7460,0,1000,"sd","10:12:52",1432900
7460,0,500,"sd","10:12:52",1431900
7460,0,5000,"sd","10:12:52",1431400
7460,0,100,"sd","10:12:52",1426400
7460,0,1000,"sd","10:12:52",1426300
7460,0,100,"sd","10:12:52",1425300
7460,0,2000,"sd","10:12:52",1425200
7460,0,500,"sd","10:12:52",1423200
7460,0,300,"sd","10:12:52",1422700
7460,0,6000,"sd","10:12:52",1422400
7460,0,200,"sd","10:12:52",1416400
7460,0,100,"sd","10:12:52",1416200
7460,0,2000,"sd","10:12:52",1416100
7460,0,100,"sd","10:12:52",1414100
7460,0,2000,"sd","10:12:52",1414000
7460,0,100,"sd","10:12:52",1412000
7460,0,500,"sd","10:12:52",1411900
7460,0,1000,"sd","10:12:52",1411400
7460,0,6000,"sd","10:12:52",1410400
7460,0,200,"sd","10:12:52",1404400
7460,0,1000,"sd","10:12:52",1404200
7460,0,100,"sd","10:12:52",1403200
7460,0,500,"sd","10:12:52",1403100
7460,0,100,"sd","10:12:52",1402600
7460,0,5000,"sd","10:12:52",1402500
7460,0,5900,"sd","10:12:52",1397500
7470,10,100,"bu","10:12:48",1391600
7470,10,900,"bu","10:12:48",1391500
7470,10,100,"bu","10:12:35",1390600
7460,0,400,"sd","10:12:21",1390500
7460,0,100,"sd","10:12:13",1390100
7480,20,100,"bu","10:12:03",1390000
7460,0,3600,"sd","10:11:44",1389900
7460,0,100,"sd","10:11:44",1386300
7460,0,500,"sd","10:11:43",1386200
7460,0,2200,"sd","10:11:43",1385700
7460,0,100,"sd","10:11:43",1383500
7460,0,100,"sd","10:11:43",1383400
7460,0,2000,"sd","10:11:43",1383300
7460,0,500,"sd","10:11:43",1381300
7460,0,2000,"sd","10:11:43",1380800
7460,0,200,"sd","10:11:43",1378800
7460,0,1000,"sd","10:11:43",1378600
7460,0,2000,"sd","10:11:43",1377600
7460,0,500,"sd","10:11:43",1375600
7460,0,100,"sd","10:11:43",1375100
7460,0,2000,"sd","10:11:43",1375000
7460,0,1000,"sd","10:11:43",1373000
7460,0,500,"sd","10:11:43",1372000
7460,0,1000,"sd","10:11:43",1371500
7460,0,200,"sd","10:11:43",1370500
7460,0,1000,"sd","10:11:43",1370300
7460,0,3200,"sd","10:11:43",1369300
7470,10,1000,"sd","10:11:43",1366100
7470,10,100,"sd","10:11:43",1365100
7470,10,100,"sd","10:11:43",1365000
7480,20,100,"bu","10:11:36",1364900
7480,20,100,"bu","10:11:36",1364800
7470,10,1000,"sd","10:11:24",1364700
7470,10,3900,"bu","10:11:05",1363700
7470,10,100,"sd","10:10:59",1359800
7470,10,1000,"sd","10:10:59",1359700
7470,10,1000,"sd","10:10:59",1358700
7470,10,100,"sd","10:10:59",1357700
7470,10,1000,"sd","10:10:59",1357600
7470,10,1000,"sd","10:10:59",1356600
7470,10,400,"sd","10:10:59",1355600
7470,10,3000,"sd","10:10:59",1355200
7470,10,2000,"sd","10:10:59",1352200
7470,10,300,"sd","10:10:59",1350200
7470,10,300,"sd","10:10:59",1349900
7470,10,500,"sd","10:10:59",1349600
7470,10,200,"sd","10:10:59",1349100
7470,10,100,"sd","10:10:59",1348900
7470,10,35100,"sd","10:10:59",1348800
7470,10,1000,"sd","10:10:53",1313700
7470,10,100,"sd","10:10:52",1312700
7470,10,1000,"sd","10:10:49",1312600
7480,20,100,"bu","10:10:33",1311600
7480,20,800,"bu","10:10:27",1311500
7480,20,3300,"bu","10:10:27",1310700
7470,10,900,"sd","10:10:22",1307400
7470,10,1500,"sd","10:10:22",1306500
7470,10,1800,"sd","10:10:22",1305000
7470,10,4100,"sd","10:10:22",1303200
7480,20,1000,"bu","10:10:17",1299100
7480,20,100,"bu","10:10:02",1298100
7480,20,100,"bu","10:09:58",1298000
7480,20,1000,"bu","10:09:53",1297900
7480,20,500,"bu","10:09:43",1296900
7470,10,1000,"sd","10:09:39",1296400
7480,20,1000,"bu","10:09:39",1295400
7480,20,100,"bu","10:09:32",1294400
7480,20,1000,"bu","10:09:31",1294300
7480,20,500,"bu","10:09:03",1293300
7470,10,3000,"sd","10:09:01",1292800
7480,20,100,"bu","10:09:00",1289800
7470,10,500,"sd","10:08:53",1289700
7470,10,200,"sd","10:08:53",1289200
7470,10,300,"sd","10:08:53",1289000
7480,20,1000,"bu","10:08:34",1288700
7480,20,100,"bu","10:08:28",1287700
7480,20,2000,"bu","10:08:23",1287600
7480,20,1000,"sd","10:08:18",1285600
7480,20,200,"sd","10:08:18",1284600
7480,20,100,"sd","10:08:18",1284400
7480,20,4000,"sd","10:08:18",1284300
7490,30,100,"bu","10:07:55",1280300
7480,20,500,"sd","10:07:50",1280200
7480,20,300,"sd","10:07:43",1279700
7480,20,200,"bu","10:07:30",1279400
7480,20,100,"bu","10:07:23",1279200
7480,20,500,"sd","10:07:16",1279100
7480,20,100,"sd","10:07:16",1278600
7480,20,100,"sd","10:07:16",1278500
7480,20,1000,"sd","10:07:08",1278400
7490,30,100,"bu","10:06:57",1277400
7490,30,100,"bu","10:06:55",1277300
7490,30,100,"bu","10:06:51",1277200
7490,30,1000,"bu","10:06:50",1277100
7500,40,100,"bu","10:06:18",1276100
7490,30,5000,"bu","10:06:07",1276000
7490,30,8900,"bu","10:06:07",1271000
7490,30,300,"bu","10:06:07",1262100
7490,30,100,"bu","10:05:49",1261800
7490,30,100,"bu","10:05:47",1261700
7490,30,600,"bu","10:05:45",1261600
7490,30,100,"bu","10:05:35",1261000
7490,30,200,"sd","10:05:35",1260900
7490,30,400,"bu","10:05:34",1260700
7490,30,700,"bu","10:05:33",1260300
7490,30,500,"bu","10:05:33",1259600
7490,30,100,"bu","10:05:33",1259100
7490,30,100,"bu","10:05:14",1259000
7490,30,600,"bu","10:04:52",1258900
7490,30,1000,"bu","10:04:52",1258300
