"price","change","match_qtty","side","time","total_vol"
17150,-350,1100,"unknown","14:45:03",102000
17500,0,100,"sd","14:29:33",100900
17650,150,100,"bu","14:28:23",100800
17700,200,300,"bu","14:26:32",100700
17700,200,200,"bu","14:26:32",100400
17700,200,100,"bu","14:22:16",100200
17700,200,100,"bu","14:21:58",100100
17650,150,100,"bu","14:21:58",100000
17500,0,300,"bu","14:21:58",99900
17150,-350,200,"sd","14:21:11",99600
17150,-350,100,"bu","14:20:07",99400
17150,-350,300,"bu","14:17:54",99300
17100,-400,500,"bu","14:17:54",99000
17050,-450,200,"bu","14:17:54",98500
17050,-450,400,"bu","14:16:13",98300
17000,-500,300,"bu","14:16:08",97900
17000,-500,1700,"sd","14:15:57",97600
17000,-500,300,"bu","14:14:30",95900
16900,-600,200,"sd","14:14:01",95600
16900,-600,800,"bu","14:13:19",95400
16900,-600,1800,"sd","14:12:21",94600
16900,-600,200,"sd","14:11:03",92800
16950,-550,100,"sd","14:11:03",92600
16900,-600,1000,"sd","14:10:12",92500
16900,-600,200,"sd","14:09:28",91500
16900,-600,5000,"sd","14:09:28",91300
16900,-600,100,"sd","14:09:28",86300
16900,-600,400,"sd","14:09:28",86200
16950,-550,100,"sd","14:09:28",85800
16950,-550,100,"sd","14:09:28",85700
17000,-500,100,"bu","14:09:12",85600
17000,-500,1500,"bu","14:08:24",85500
17000,-500,100,"bu","14:06:44",84000
17000,-500,100,"sd","14:06:06",83900
17000,-500,100,"bu","14:05:43",83800
17000,-500,300,"sd","14:05:41",83700
17050,-450,400,"bu","14:05:16",83400
17000,-500,300,"sd","14:05:02",83000
17050,-450,200,"sd","14:04:38",82700
17050,-450,300,"sd","14:03:09",82500
17100,-400,100,"bu","14:00:56",82200
17100,-400,500,"bu","14:00:51",82100
17100,-400,100,"bu","13:54:38",81600
17100,-400,200,"bu","13:53:26",81500
17000,-500,100,"sd","13:48:25",81300
17050,-450,100,"sd","13:45:53",81200
17050,-450,100,"sd","13:45:53",81100
17050,-450,200,"sd","13:45:53",81000
17050,-450,100,"sd","13:42:19",80800
17100,-400,100,"sd","13:42:03",80700
17100,-400,100,"bu","13:40:53",80600
17100,-400,200,"sd","13:39:45",80500
17100,-400,200,"sd","13:36:47",80300
17100,-400,100,"sd","13:36:13",80100
17100,-400,100,"sd","13:36:13",80000
17150,-350,100,"sd","13:35:54",79900
17050,-450,100,"sd","13:32:06",79800
17100,-400,200,"sd","13:32:06",79700
16900,-600,9600,"sd","13:25:25",79500
16900,-600,400,"sd","13:25:25",69900
17000,-500,100,"sd","13:25:10",69500
17000,-500,4500,"sd","13:25:10",69400
17050,-450,100,"sd","13:25:10",64900
17150,-350,100,"sd","13:25:10",64800
17150,-350,100,"sd","13:25:10",64700
17100,-400,100,"sd","13:25:10",64600
17150,-350,100,"sd","13:25:10",64500
17100,-400,100,"sd","13:25:10",64400
17200,-300,100,"sd","13:25:10",64300
17200,-300,100,"sd","13:25:10",64200
17200,-300,600,"sd","13:14:30",64100
17200,-300,100,"sd","13:14:30",63500
17300,-200,300,"sd","13:13:56",63400
17500,0,400,"bu","13:13:30",63100
17500,0,100,"bu","13:13:30",62700
17400,-100,200,"sd","13:02:07",62600
17650,150,100,"bu","13:00:02",62400
17500,0,100,"sd","13:00:01",62300
17800,300,100,"sd","10:56:47",62200
17900,400,200,"sd","10:56:05",62100
17900,400,200,"bu","10:55:38",61900
17000,-500,500,"sd","10:41:20",61700
16900,-600,100,"bu","10:40:20",61200
16900,-600,500,"bu","10:40:20",61100
16900,-600,100,"bu","10:40:02",60600
16850,-650,100,"sd","10:39:44",60500
16850,-650,100,"bu","10:37:29",60400
16600,-900,2300,"bu","10:31:04",60300
16500,-1000,700,"sd","10:29:58",58000
16550,-950,100,"sd","10:29:58",57300
16550,-950,700,"sd","10:29:58",57200
16550,-950,100,"sd","10:29:58",56500
16550,-950,200,"sd","10:29:22",56400
16600,-900,400,"bu","10:29:19",56200
16600,-900,100,"sd","10:29:00",55800
16600,-900,100,"sd","10:29:00",55700
16600,-900,100,"sd","10:29:00",55600
16600,-900,3000,"sd","10:28:47",55500
16600,-900,1800,"sd","10:28:39",52500
16600,-900,900,"sd","10:28:39",50600
16600,-900,100,"sd","10:28:39",50700
16650,-850,100,"sd","10:28:39",49600
16650,-850,100,"sd","10:28:39",49700
16800,-700,200,"bu","10:28:28",49500
16700,-800,100,"sd","10:28:27",49300
16750,-750,100,"sd","10:28:18",49200
16800,-700,100,"sd","10:28:10",49100
16850,-650,100,"sd","10:27:48",49000
16900,-600,200,"bu","10:27:27",48900
16900,-600,100,"sd","10:27:24",48700
16900,-600,1000,"sd","10:27:24",48600
16950,-550,100,"sd","10:27:19",47600
17000,-500,100,"bu","10:26:59",47500
17000,-500,500,"sd","10:26:21",47400
17000,-500,9500,"sd","10:25:47",46900
17000,-500,100,"sd","10:25:47",37400
17000,-500,300,"sd","10:25:47",37300
17000,-500,100,"sd","10:25:47",37000
17000,-500,9900,"sd","10:25:14",36900
17000,-500,100,"sd","10:25:14",27000
17300,-200,100,"bu","10:23:35",26900
17000,-500,100,"bu","10:22:41",26800
17000,-500,200,"bu","10:22:31",26700
17000,-500,100,"bu","10:21:51",26500
17000,-500,500,"sd","10:21:49",26400
17000,-500,100,"sd","10:21:49",25900
17000,-500,2900,"sd","10:21:26",25800
17000,-500,100,"sd","10:21:26",22900
17000,-500,1000,"sd","10:21:26",22800
17200,-300,500,"sd","10:21:26",21800
17200,-300,200,"sd","10:21:26",21300
17250,-250,200,"sd","10:21:26",21100
17250,-250,100,"sd","10:21:26",20900
17500,0,100,"bu","10:13:15",20800
17500,0,100,"bu","10:13:15",20700
17350,-150,500,"bu","10:13:15",20600
17350,-150,100,"bu","10:13:03",20100
17350,-150,400,"bu","10:11:10",20000
17350,-150,600,"bu","10:10:23",19600
17500,0,100,"bu","10:08:56",19000
17500,0,200,"sd","10:04:14",18900
17500,0,500,"sd","10:04:14",18700
17500,0,1000,"sd","10:04:14",18200
17600,100,100,"sd","10:04:14",17200
17600,100,600,"sd","10:03:44",17100
17600,100,2400,"sd","10:03:44",16500
17600,100,3500,"sd","10:03:26",14100
17700,200,400,"bu","09:59:54",10600
17600,100,1500,"sd","09:59:16",10200
17650,150,200,"sd","09:59:07",8700
17700,200,100,"sd","09:57:46",8500
17700,200,400,"sd","09:57:46",8400
17700,200,200,"bu","09:52:38",8000
17700,200,500,"sd","09:50:28",7800
17700,200,1000,"sd","09:50:28",7300
17700,200,100,"sd","09:50:28",6300
17700,200,200,"sd","09:50:28",6200
17700,200,100,"sd","09:45:53",6000
17800,300,300,"sd","09:45:31",5800
17800,300,100,"sd","09:45:31",5900
18000,500,300,"sd","09:42:36",5500
18000,500,100,"sd","09:42:13",5200
18000,500,100,"bu","09:40:52",5100
18000,500,100,"sd","09:38:32",5000
18000,500,100,"sd","09:34:26",4900
18000,500,300,"bu","09:32:08",4800
18000,500,200,"bu","09:31:26",4500
18400,900,600,"bu","09:22:02",4300
18400,900,200,"bu","09:22:02",3700
18350,850,100,"bu","09:22:02",3500
18000,500,100,"bu","09:22:02",3400
18000,500,100,"sd","09:16:28",3300
18000,500,100,"bu","09:16:15",3200
17600,100,3100,"sd","09:15:02",3100
