"price","change","match_qtty","side","time","total_vol"
27000,150,205300,"unknown","14:45:00",3346200
26950,100,5700,"bu","14:29:51",3140900
26950,100,6000,"bu","14:29:45",3135200
26950,100,5700,"bu","14:29:42",3129200
26950,100,5700,"bu","14:29:32",3123500
26900,50,1000,"sd","14:29:25",3117800
26950,100,600,"bu","14:29:21",3116800
26900,50,1800,"bu","14:29:17",3116200
26900,50,100,"sd","14:29:14",3114400
26900,50,3000,"sd","14:29:14",3114300
26900,50,3800,"sd","14:29:14",3111300
26900,50,1300,"sd","14:29:14",3107500
26950,100,100,"bu","14:29:14",3106200
26950,100,5700,"bu","14:29:12",3106100
26900,50,300,"sd","14:29:09",3100400
26950,100,100,"bu","14:29:08",3100100
26950,100,3000,"bu","14:29:06",3100000
26950,100,5700,"bu","14:29:04",3097000
26950,100,3000,"bu","14:28:55",3091300
26950,100,1500,"bu","14:28:54",3088300
26950,100,3700,"bu","14:28:54",3086800
26950,100,500,"bu","14:28:54",3083100
26950,100,1000,"bu","14:28:44",3082600
26950,100,1000,"bu","14:28:44",3081600
26950,100,200,"bu","14:28:44",3080600
26950,100,1600,"bu","14:28:44",3080400
26950,100,3000,"bu","14:28:43",3078800
26950,100,10000,"bu","14:28:43",3075800
26950,100,3000,"bu","14:28:33",3065800
26950,100,3000,"bu","14:28:30",3062800
26950,100,100,"bu","14:28:30",3059800
26950,100,700,"bu","14:28:30",3059700
26950,100,3000,"bu","14:28:21",3059000
26950,100,1300,"bu","14:28:21",3056000
26950,100,400,"bu","14:28:21",3054700
26950,100,500,"bu","14:28:21",3054300
26950,100,1600,"bu","14:28:21",3053800
26950,100,2200,"bu","14:28:18",3052200
26950,100,1700,"bu","14:28:18",3050000
26950,100,3900,"bu","14:28:17",3048300
26950,100,3800,"bu","14:28:13",3044400
26950,100,3000,"bu","14:28:10",3040600
26950,100,100,"bu","14:28:05",3037600
26950,100,3700,"bu","14:28:05",3037500
26900,50,300,"sd","14:27:58",3033800
26900,50,1100,"sd","14:27:55",3033500
26900,50,500,"sd","14:27:55",3032400
26950,100,2300,"bu","14:27:46",3031900
26950,100,600,"bu","14:27:46",3029600
26950,100,100,"bu","14:27:46",3029000
26950,100,200,"bu","14:27:45",3028900
26950,100,100,"bu","14:27:45",3028700
26950,100,100,"bu","14:27:45",3028600
26900,50,2500,"sd","14:27:41",3028500
26900,50,2000,"sd","14:27:41",3026000
26900,50,500,"sd","14:27:41",3024000
26900,50,1900,"sd","14:27:41",3023500
26900,50,400,"sd","14:27:41",3021600
26900,50,2700,"sd","14:27:41",3021200
26950,100,100,"bu","14:27:41",3018500
26950,100,2300,"bu","14:27:41",3018400
26950,100,900,"bu","14:27:41",3016100
26950,100,400,"bu","14:27:41",3015200
26950,100,100,"bu","14:27:41",3014800
26900,50,600,"sd","14:27:34",3014700
26950,100,1000,"bu","14:27:32",3014100
26950,100,700,"bu","14:27:32",3013100
26950,100,200,"bu","14:27:32",3012400
26950,100,500,"bu","14:27:32",3012200
26950,100,400,"bu","14:27:32",3011700
26950,100,1000,"bu","14:27:32",3011300
26950,100,2000,"bu","14:27:25",3010300
26950,100,1000,"bu","14:27:25",3008300
26950,100,1000,"bu","14:27:22",3007300
26950,100,500,"bu","14:27:22",3006300
26950,100,400,"bu","14:27:21",3005800
26950,100,1900,"bu","14:27:12",3005400
26900,50,200,"sd","14:27:10",3003500
26950,100,2400,"bu","14:27:01",3003300
26950,100,600,"bu","14:27:01",3000900
26950,100,2900,"bu","14:27:00",3000300
26950,100,800,"bu","14:27:00",2997400
26950,100,500,"bu","14:27:00",2996600
26950,100,1000,"bu","14:26:59",2996100
26950,100,900,"bu","14:26:59",2995100
26950,100,1000,"bu","14:26:56",2994200
26950,100,1300,"bu","14:26:50",2993200
26950,100,1800,"bu","14:26:50",2991900
26950,100,200,"bu","14:26:50",2990100
26950,100,1000,"bu","14:26:50",2989900
26900,50,200,"sd","14:26:49",2988900
26950,100,1900,"bu","14:26:48",2988700
26950,100,1300,"bu","14:26:45",2986800
26950,100,800,"bu","14:26:39",2985500
26950,100,500,"bu","14:26:39",2984700
26950,100,1500,"bu","14:26:38",2984200
26950,100,1000,"bu","14:26:38",2982700
26950,100,400,"bu","14:26:38",2981700
26950,100,100,"bu","14:26:38",2981300
26950,100,1900,"bu","14:26:37",2981200
26950,100,1300,"bu","14:26:32",2979300
26950,100,3000,"bu","14:26:26",2978000
26950,100,1200,"bu","14:26:26",2975000
26950,100,100,"bu","14:26:26",2973800
26950,100,100,"bu","14:26:25",2973700
26950,100,500,"bu","14:26:25",2973600
26950,100,1300,"bu","14:26:25",2973100
26900,50,300,"sd","14:26:21",2971800
26950,100,1300,"bu","14:26:20",2971500
26950,100,400,"bu","14:26:16",2970200
26950,100,1000,"bu","14:26:16",2969800
26950,100,1600,"bu","14:26:16",2968800
26900,50,200,"sd","14:26:16",2967200
26950,100,1300,"bu","14:26:14",2967000
26900,50,800,"sd","14:26:12",2965700
26900,50,300,"sd","14:26:12",2964900
26900,50,1900,"sd","14:26:12",2964600
26900,50,400,"sd","14:26:12",2962700
26950,100,1300,"bu","14:26:09",2962300
26900,50,2600,"sd","14:26:07",2961000
26900,50,800,"sd","14:26:07",2958400
26950,100,1900,"bu","14:26:04",2957600
26950,100,3000,"bu","14:26:04",2955700
26950,100,900,"bu","14:26:02",2952700
26950,100,400,"bu","14:26:02",2951800
26950,100,1300,"bu","14:25:54",2951400
26950,100,1900,"bu","14:25:53",2950100
26950,100,1400,"bu","14:25:53",2948200
26950,100,1600,"bu","14:25:53",2946800
26950,100,1300,"bu","14:25:48",2945200
26950,100,2100,"bu","14:25:41",2943900
26950,100,100,"bu","14:25:41",2941800
26950,100,500,"bu","14:25:41",2941700
26950,100,300,"bu","14:25:41",2941200
26950,100,1300,"bu","14:25:41",2940900
26900,50,200,"sd","14:25:31",2939600
26900,50,100,"bu","14:25:30",2939400
26900,50,800,"bu","14:25:30",2939300
26900,50,3000,"bu","14:25:29",2938500
26900,50,1000,"bu","14:25:23",2935500
26900,50,200,"bu","14:25:23",2934500
26900,50,100,"bu","14:25:23",2934300
26950,100,1000,"bu","14:25:20",2934200
26900,50,900,"bu","14:25:20",2933200
26900,50,3000,"sd","14:25:20",2932300
26900,50,5000,"sd","14:25:20",2929300
26900,50,1100,"sd","14:25:20",2924300
26900,50,800,"sd","14:25:15",2923200
26900,50,2200,"sd","14:25:15",2922400
26900,50,800,"sd","14:25:09",2920200
26900,50,3000,"sd","14:25:09",2919400
26900,50,200,"sd","14:25:09",2916400
26900,50,300,"sd","14:25:09",2916200
26900,50,1400,"sd","14:25:05",2915900
26900,50,3000,"sd","14:24:58",2914500
26900,50,100,"sd","14:24:58",2911500
26900,50,500,"sd","14:24:58",2911400
26900,50,600,"sd","14:24:51",2910900
26900,50,300,"sd","14:24:42",2910300
26900,50,400,"bu","14:24:40",2910000
26900,50,100,"sd","14:24:39",2909600
26900,50,1800,"sd","14:24:33",2909500
26900,50,1000,"sd","14:24:33",2907700
26900,50,5000,"sd","14:24:33",2906700
26900,50,2200,"sd","14:24:33",2901700
26950,100,400,"bu","14:24:33",2899500
26950,100,2600,"bu","14:24:33",2899100
26950,100,3000,"bu","14:24:21",2896500
26950,100,400,"bu","14:24:11",2893500
26950,100,100,"bu","14:24:11",2893100
26950,100,2500,"bu","14:24:11",2893000
26950,100,500,"bu","14:24:11",2890500
26950,100,3000,"bu","14:24:10",2890000
26950,100,1500,"bu","14:24:04",2887000
26950,100,2000,"bu","14:24:04",2885500
26950,100,500,"bu","14:24:04",2883500
26950,100,1500,"bu","14:24:04",2883000
26950,100,200,"bu","14:24:04",2881500
26950,100,100,"bu","14:24:04",2881300
26950,100,100,"bu","14:24:04",2881200
26950,100,1100,"bu","14:24:04",2881100
26900,50,500,"bu","14:23:58",2880000
26900,50,300,"bu","14:23:58",2879500
26900,50,3000,"sd","14:23:56",2879200
26900,50,500,"sd","14:23:56",2876200
26900,50,6200,"sd","14:23:56",2875700
26900,50,300,"sd","14:23:53",2869500
26900,50,600,"sd","14:23:48",2869200
26900,50,1000,"sd","14:23:43",2868600
26900,50,1900,"bu","14:23:39",2867600
26900,50,1700,"bu","14:23:39",2865700
26900,50,2000,"bu","14:23:39",2864000
26900,50,500,"bu","14:23:39",2862000
26900,50,2000,"bu","14:23:39",2861500
26900,50,600,"bu","14:23:39",2859500
26900,50,500,"bu","14:23:39",2858900
26900,50,700,"bu","14:23:39",2858400
26900,50,1100,"bu","14:23:35",2857700
26900,50,1900,"bu","14:23:35",2856600
26900,50,200,"bu","14:23:35",2854700
26900,50,900,"bu","14:23:24",2854500
26900,50,1000,"bu","14:23:24",2853600
26900,50,100,"bu","14:23:24",2852600
26900,50,300,"bu","14:23:24",2852500
26900,50,600,"bu","14:23:24",2852200
26900,50,100,"bu","14:23:24",2851600
26900,50,1000,"bu","14:23:22",2851500
26850,0,200,"sd","14:23:16",2850500
26900,50,2000,"bu","14:23:15",2850300
26850,0,1000,"sd","14:23:05",2848300
26850,0,300,"sd","14:23:04",2847300
26850,0,600,"sd","14:22:44",2847000
26850,0,100,"sd","14:22:25",2846400
26850,0,300,"sd","14:22:14",2846300
26850,0,500,"sd","14:22:13",2846000
26850,0,400,"sd","14:22:08",2845500
26850,0,100,"sd","14:22:08",2845100
26850,0,200,"sd","14:22:08",2845000
26850,0,200,"sd","14:22:08",2844800
26850,0,200,"sd","14:22:08",2844600
26850,0,200,"sd","14:22:08",2844400
26900,50,1900,"bu","14:22:04",2844200
26900,50,1100,"bu","14:22:04",2842300
26900,50,900,"bu","14:21:53",2841200
26900,50,600,"bu","14:21:53",2840300
26900,50,1000,"bu","14:21:53",2839700
26900,50,500,"bu","14:21:53",2838700
26900,50,2000,"bu","14:21:41",2838200
26900,50,1000,"bu","14:21:41",2836200
26900,50,2000,"bu","14:21:30",2835200
26900,50,1000,"bu","14:21:30",2833200
26900,50,1000,"bu","14:21:28",2832200
26850,0,300,"sd","14:21:25",2831200
26900,50,3000,"bu","14:21:18",2830900
26900,50,3000,"bu","14:21:07",2827900
26900,50,2000,"bu","14:20:57",2824900
26900,50,1000,"bu","14:20:57",2822900
26900,50,300,"bu","14:20:51",2821900
26900,50,200,"bu","14:20:44",2821600
26900,50,2600,"bu","14:20:44",2821400
26900,50,200,"bu","14:20:44",2818800
26900,50,1000,"bu","14:20:38",2818600
26900,50,2500,"bu","14:20:38",2817600
26900,50,300,"bu","14:20:37",2815100
26900,50,1000,"bu","14:20:37",2814800
26900,50,200,"bu","14:20:37",2813800
26850,0,300,"sd","14:20:36",2813600
26900,50,400,"bu","14:20:33",2813300
26900,50,400,"bu","14:20:33",2812900
26900,50,2200,"bu","14:20:33",2812500
26900,50,300,"bu","14:20:30",2810300
26900,50,5000,"bu","14:20:30",2810000
26900,50,700,"bu","14:20:30",2805000
26850,0,10600,"sd","14:20:07",2804300
26850,0,100,"sd","14:20:07",2793700
26850,0,100,"sd","14:20:07",2793600
26850,0,7700,"sd","14:20:07",2793500
26850,0,500,"sd","14:20:04",2785800
26850,0,200,"sd","14:19:47",2785300
26850,0,600,"sd","14:19:32",2785100
26850,0,500,"sd","14:19:00",2784500
26850,0,100,"sd","14:19:00",2784000
26850,0,300,"sd","14:18:57",2783900
26900,50,100,"bu","14:18:45",2783600
26900,50,1500,"bu","14:18:31",2783500
26900,50,300,"bu","14:18:29",2782000
26900,50,100,"bu","14:18:29",2781700
26900,50,1000,"bu","14:18:29",2781600
26900,50,1900,"bu","14:18:29",2780600
26900,50,6700,"bu","14:18:29",2778700
26900,50,3000,"bu","14:18:26",2772000
26900,50,300,"bu","14:18:13",2769000
26900,50,500,"bu","14:18:13",2768700
26900,50,100,"bu","14:18:13",2768200
26900,50,600,"bu","14:18:13",2768100
26850,0,1900,"sd","14:18:09",2767500
26850,0,300,"sd","14:18:08",2765600
26900,50,1900,"bu","14:18:07",2765300
26900,50,1100,"bu","14:18:07",2763400
26850,0,3000,"sd","14:17:58",2762300
26850,0,500,"sd","14:17:56",2759300
26850,0,1000,"sd","14:17:33",2758800
26850,0,600,"sd","14:17:24",2757800
26850,0,300,"sd","14:17:19",2757200
26900,50,1500,"bu","14:16:52",2756900
26900,50,500,"bu","14:16:52",2755400
26850,0,100,"sd","14:16:42",2754900
26850,0,1900,"sd","14:16:41",2754800
26850,0,300,"sd","14:16:30",2752900
26900,50,500,"sd","14:16:26",2752600
26900,50,1000,"sd","14:16:26",2752100
26900,50,5000,"sd","14:16:26",2751100
26900,50,800,"sd","14:16:26",2746100
26900,50,200,"sd","14:16:26",2745300
26900,50,1800,"sd","14:16:26",2745100
26900,50,500,"sd","14:16:21",2743300
26900,50,1900,"sd","14:16:20",2742800
26900,50,600,"sd","14:15:49",2740900
26900,50,300,"sd","14:15:40",2740300
26900,50,500,"sd","14:15:21",2740000
26900,50,500,"sd","14:15:18",2739500
26900,50,1900,"sd","14:15:14",2739000
26900,50,2000,"bu","14:15:10",2737100
26850,0,300,"sd","14:14:51",2735100
26850,0,600,"sd","14:14:45",2734800
26850,0,19300,"sd","14:14:43",2734200
26850,0,20400,"sd","14:14:43",2714900
26900,50,35200,"sd","14:14:43",2694500
26900,50,100,"sd","14:14:43",2659300
26900,50,200,"sd","14:14:22",2659200
26900,50,500,"bu","14:14:21",2659000
26900,50,2600,"bu","14:14:18",2658500
26900,50,300,"bu","14:14:18",2655900
26900,50,600,"bu","14:14:18",2655600
26900,50,2000,"bu","14:14:18",2655000
26900,50,200,"bu","14:14:18",2653000
26900,50,500,"bu","14:14:18",2652800
26900,50,2500,"bu","14:14:18",2652300
26900,50,200,"bu","14:14:18",2649800
26900,50,600,"bu","14:14:18",2649600
26900,50,500,"bu","14:14:18",2649000
26900,50,5000,"bu","14:14:18",2648500
26900,50,1000,"bu","14:14:16",2643500
26900,50,1000,"bu","14:14:06",2642500
26900,50,1000,"bu","14:14:05",2641500
26850,0,200,"sd","14:14:02",2640500
26900,50,2000,"bu","14:14:01",2640300
26900,50,600,"bu","14:13:57",2638300
26900,50,600,"bu","14:13:57",2637700
26900,50,100,"bu","14:13:57",2637100
26900,50,400,"bu","14:13:42",2637000
26900,50,900,"bu","14:13:42",2636600
26900,50,1300,"bu","14:13:35",2635700
26900,50,1300,"bu","14:13:29",2634400
26900,50,1300,"bu","14:13:24",2633100
26900,50,1300,"bu","14:13:17",2631800
26850,0,300,"sd","14:13:13",2630500
26900,50,100,"bu","14:13:12",2630200
26900,50,1300,"bu","14:13:12",2630100
26900,50,1300,"bu","14:13:04",2628800
26900,50,1200,"bu","14:12:57",2627500
26900,50,100,"bu","14:12:57",2626300
26900,50,1300,"bu","14:12:51",2626200
26900,50,1100,"bu","14:12:43",2624900
26900,50,200,"bu","14:12:43",2623800
26900,50,500,"bu","14:12:35",2623600
26900,50,500,"bu","14:12:35",2623100
26900,50,300,"bu","14:12:35",2622600
26900,50,1300,"bu","14:12:24",2622300
26850,0,300,"sd","14:12:23",2621000
26900,50,1000,"bu","14:12:16",2620700
26900,50,1000,"bu","14:12:16",2619700
26900,50,1100,"bu","14:12:16",2618700
26900,50,900,"bu","14:12:11",2617600
26900,50,400,"bu","14:12:11",2616700
26900,50,200,"bu","14:11:57",2616300
26900,50,200,"bu","14:11:57",2616100
26900,50,900,"bu","14:11:57",2615900
26900,50,1300,"bu","14:11:42",2615000
26900,50,400,"bu","14:11:36",2613700
26900,50,900,"bu","14:11:36",2613300
26850,0,300,"sd","14:11:34",2612400
26900,50,1300,"bu","14:11:30",2612100
26900,50,1300,"bu","14:11:19",2610800
26900,50,1300,"bu","14:11:06",2609500
26900,50,100,"bu","14:11:03",2608200
26900,50,500,"bu","14:11:01",2608100
26900,50,1000,"bu","14:10:57",2607600
26900,50,1000,"bu","14:10:57",2606600
26900,50,1300,"bu","14:10:54",2605600
26850,0,300,"sd","14:10:45",2604300
26900,50,300,"bu","14:10:43",2604000
26900,50,500,"bu","14:10:43",2603700
26900,50,500,"bu","14:10:43",2603200
26900,50,2000,"bu","14:10:08",2602700
26900,50,500,"bu","14:10:08",2600700
26900,50,500,"bu","14:10:08",2600200
26900,50,2000,"bu","14:10:08",2599700
26850,0,600,"sd","14:09:59",2597700
26850,0,300,"sd","14:09:56",2597100
26850,0,1000,"sd","14:09:31",2596800
26850,0,500,"sd","14:09:26",2595800
26850,0,2000,"sd","14:09:19",2595300
26900,50,600,"bu","14:09:16",2593300
26850,0,300,"sd","14:09:07",2592700
26900,50,1000,"bu","14:08:51",2592400
26900,50,1000,"bu","14:08:28",2591400
26900,50,2000,"bu","14:08:24",2590400
26850,0,500,"sd","14:08:23",2588400
26850,0,300,"sd","14:08:18",2587900
26850,0,600,"sd","14:07:51",2587600
26850,0,200,"sd","14:07:28",2587000
26900,50,1000,"bu","14:07:21",2586800
26900,50,2000,"bu","14:07:16",2585800
26900,50,1300,"bu","14:07:05",2583800
26900,50,600,"bu","14:07:05",2582500
26900,50,1000,"bu","14:07:05",2581900
26900,50,3000,"bu","14:07:05",2580900
26900,50,2000,"bu","14:07:05",2577900
26900,50,2000,"bu","14:07:05",2575900
26900,50,100,"bu","14:07:05",2573900
26850,0,600,"sd","14:06:46",2573800
26850,0,300,"sd","14:06:39",2573200
26850,0,500,"sd","14:06:14",2572900
26850,0,300,"sd","14:05:50",2572400
26900,50,100,"sd","14:05:20",2572100
26900,50,200,"sd","14:05:15",2572000
26900,50,4800,"sd","14:05:15",2571800
26900,50,500,"sd","14:05:10",2567000
26900,50,100,"sd","14:05:05",2566500
26900,50,2600,"bu","14:05:02",2566400
26900,50,1000,"bu","14:05:02",2563800
26900,50,1000,"bu","14:05:02",2562800
26850,0,200,"sd","14:05:00",2561800
26850,0,100,"sd","14:05:00",2561600
26900,50,100,"bu","14:04:48",2561500
26900,50,500,"bu","14:04:40",2561400
26900,50,500,"bu","14:04:20",2560900
26900,50,200,"bu","14:04:20",2560400
26850,0,300,"sd","14:04:11",2560200
26900,50,100,"bu","14:03:57",2559900
26850,0,400,"sd","14:03:53",2559800
26850,0,2400,"sd","14:03:41",2559400
26850,0,400,"sd","14:03:39",2557000
26850,0,300,"sd","14:03:39",2556600
26850,0,800,"sd","14:03:39",2556300
26900,50,200,"sd","14:03:35",2555500
26900,50,9800,"bu","14:03:29",2555300
26850,0,300,"sd","14:03:22",2545500
26900,50,200,"bu","14:03:19",2545200
26900,50,100,"bu","14:03:19",2545000
26850,0,400,"sd","14:03:19",2544900
26850,0,100,"sd","14:03:19",2544500
26850,0,200,"sd","14:03:09",2544400
26850,0,600,"sd","14:03:04",2544200
26850,0,1300,"sd","14:02:40",2543600
26850,0,800,"sd","14:02:35",2542300
26850,0,200,"sd","14:02:35",2541500
26850,0,1500,"sd","14:02:35",2541300
26850,0,300,"sd","14:02:33",2539800
26850,0,500,"sd","14:02:31",2539500
26850,0,600,"sd","14:01:59",2539000
26850,0,1900,"sd","14:01:56",2538400
26850,0,1800,"sd","14:01:53",2536500
26850,0,200,"sd","14:01:43",2534700
26900,50,400,"bu","14:01:42",2534500
26900,50,200,"sd","14:01:26",2534100
26900,50,1000,"sd","14:01:11",2533900
26900,50,600,"sd","14:00:56",2532900
26900,50,300,"sd","14:00:54",2532300
26900,50,1800,"sd","14:00:47",2532000
26900,50,6100,"sd","14:00:36",2530200
26900,50,1100,"sd","14:00:36",2524100
26900,50,200,"sd","14:00:36",2523000
26900,50,500,"sd","14:00:36",2522800
26900,50,1000,"sd","14:00:36",2522300
26900,50,900,"sd","14:00:36",2521300
26900,50,10000,"sd","14:00:36",2520400
26900,50,200,"sd","14:00:36",2510400
26950,100,3900,"sd","14:00:11",2510200
26950,100,200,"sd","14:00:09",2506300
26950,100,2000,"sd","14:00:05",2506100
26950,100,300,"sd","14:00:05",2504100
26950,100,2000,"sd","13:59:55",2503800
26950,100,1600,"sd","13:59:42",2501800
26950,100,200,"sd","13:59:42",2500200
26950,100,300,"sd","13:59:37",2500000
26950,100,1000,"sd","13:59:37",2499700
26950,100,100,"sd","13:59:37",2498700
26950,100,600,"sd","13:59:37",2498600
26950,100,500,"sd","13:59:36",2498000
26950,100,900,"sd","13:59:33",2497500
26950,100,2000,"sd","13:59:33",2496600
26950,100,4500,"sd","13:59:33",2494600
26950,100,42600,"sd","13:59:33",2490100
26950,100,1900,"sd","13:59:33",2447500
26950,100,5000,"sd","13:59:21",2445600
26950,100,300,"sd","13:59:16",2440600
27000,150,5000,"bu","13:59:14",2440300
26950,100,200,"sd","13:59:09",2435300
26950,100,500,"sd","13:59:09",2435100
26950,100,100,"sd","13:59:09",2434600
26950,100,2000,"sd","13:59:09",2434500
26950,100,500,"sd","13:59:09",2432500
26950,100,300,"sd","13:59:09",2432000
27000,150,4500,"bu","13:59:08",2431700
27000,150,200,"bu","13:59:08",2427200
27000,150,1000,"bu","13:59:08",2427000
27000,150,2000,"bu","13:59:08",2426000
27000,150,1000,"bu","13:59:08",2424000
27000,150,1300,"bu","13:59:08",2423000
26950,100,1300,"sd","13:59:07",2421700
27000,150,700,"bu","13:59:01",2420400
27000,150,400,"bu","13:59:01",2419700
27000,150,2700,"bu","13:59:01",2419300
27000,150,100,"bu","13:59:01",2416600
26950,100,400,"sd","13:58:59",2416500
27000,150,300,"bu","13:58:39",2416100
26950,100,1800,"sd","13:58:37",2415800
26950,100,200,"sd","13:58:36",2414000
27000,150,2900,"bu","13:58:30",2413800
27000,150,800,"bu","13:58:30",2410900
26950,100,300,"sd","13:58:26",2410100
26950,100,600,"sd","13:58:24",2409800
26950,100,2000,"sd","13:58:15",2409200
26950,100,3000,"bu","13:58:04",2407200
26950,100,100,"bu","13:58:04",2404200
26950,100,100,"bu","13:57:59",2404100
26950,100,600,"bu","13:57:59",2404000
26950,100,1800,"bu","13:57:59",2403400
26950,100,8200,"sd","13:57:47",2401600
26950,100,1800,"bu","13:57:47",2393400
26950,100,10000,"bu","13:57:47",2391600
26900,50,300,"sd","13:57:37",2381600
26950,100,2500,"bu","13:57:29",2381300
26950,100,400,"sd","13:57:28",2378800
26950,100,500,"sd","13:57:28",2378400
26950,100,5000,"sd","13:57:28",2377900
26950,100,200,"sd","13:57:28",2372900
26950,100,200,"sd","13:57:28",2372700
26950,100,29200,"sd","13:57:28",2372500
26950,100,400,"sd","13:57:14",2343300
26950,100,400,"bu","13:57:13",2342900
26950,100,9600,"bu","13:57:11",2342500
26950,100,400,"bu","13:57:11",2332900
26950,100,600,"bu","13:57:08",2332500
26950,100,500,"bu","13:57:08",2331900
26950,100,200,"bu","13:57:08",2331400
26950,100,100,"bu","13:57:08",2331200
26950,100,1800,"bu","13:57:08",2331100
26950,100,100,"bu","13:57:08",2329300
26950,100,500,"bu","13:57:08",2329200
26950,100,100,"bu","13:57:08",2328700
26950,100,5000,"bu","13:57:08",2328600
26950,100,2000,"bu","13:57:08",2323600
26950,100,1000,"bu","13:57:08",2321600
26950,100,1000,"bu","13:57:08",2320600
26950,100,500,"bu","13:57:08",2319600
26950,100,300,"bu","13:57:08",2319100
26950,100,1000,"bu","13:57:08",2318800
26950,100,100,"bu","13:57:08",2317800
26950,100,200,"bu","13:57:08",2317700
26950,100,1200,"bu","13:57:07",2317500
26950,100,100,"bu","13:57:07",2316300
26950,100,700,"bu","13:57:07",2316200
26950,100,300,"bu","13:57:05",2315500
26950,100,1700,"bu","13:57:05",2315200
26950,100,1000,"bu","13:57:02",2313500
26950,100,100,"bu","13:57:00",2312500
26950,100,2200,"bu","13:57:00",2312400
26950,100,100,"bu","13:57:00",2310200
26950,100,100,"bu","13:57:00",2310100
26950,100,500,"bu","13:57:00",2310000
26950,100,7100,"bu","13:57:00",2309500
26950,100,2500,"bu","13:56:58",2302400
26950,100,400,"bu","13:56:52",2299900
26950,100,1000,"bu","13:56:52",2299500
26950,100,600,"bu","13:56:52",2298500
26950,100,400,"bu","13:56:49",2297900
26950,100,100,"bu","13:56:49",2297500
26950,100,1000,"bu","13:56:49",2297400
26950,100,2700,"bu","13:56:49",2296400
26950,100,2300,"bu","13:56:48",2293700
26900,50,300,"sd","13:56:48",2291400
26950,100,2500,"bu","13:56:48",2291100
26950,100,500,"bu","13:56:48",2288600
26950,100,100,"bu","13:56:45",2288100
26950,100,500,"bu","13:56:40",2288000
26950,100,2000,"bu","13:56:34",2287500
26950,100,1800,"bu","13:56:30",2285500
26950,100,200,"bu","13:56:30",2283700
26950,100,1800,"bu","13:56:27",2283500
26950,100,700,"bu","13:56:27",2281700
26950,100,300,"bu","13:56:22",2281000
26950,100,4700,"bu","13:56:22",2280700
26950,100,300,"bu","13:56:16",2276000
26950,100,700,"bu","13:56:16",2275700
26900,50,200,"sd","13:55:59",2275000
26900,50,1700,"sd","13:55:56",2274800
26950,100,2500,"bu","13:55:56",2273100
26950,100,800,"bu","13:55:54",2270600
26950,100,1700,"bu","13:55:54",2269800
26950,100,1300,"bu","13:55:52",2268100
26950,100,200,"bu","13:55:52",2266800
26950,100,1500,"bu","13:55:48",2266600
26950,100,1000,"bu","13:55:48",2265100
26950,100,200,"bu","13:55:48",2264100
26950,100,100,"bu","13:55:48",2263900
26950,100,2000,"bu","13:55:48",2263800
26950,100,1200,"bu","13:55:48",2261800
26950,100,1000,"bu","13:55:48",2260600
26950,100,2000,"bu","13:55:48",2259600
26950,100,500,"bu","13:55:48",2257600
26950,100,200,"bu","13:55:48",2257100
26950,100,3000,"bu","13:55:48",2256900
26950,100,2300,"bu","13:55:48",2253900
26950,100,200,"bu","13:55:42",2251600
26950,100,500,"bu","13:55:42",2251400
26950,100,200,"bu","13:55:42",2250900
26950,100,100,"bu","13:55:42",2250700
26950,100,1500,"bu","13:55:42",2250600
26950,100,500,"bu","13:55:40",2249100
26950,100,200,"bu","13:55:39",2248600
26950,100,500,"bu","13:55:39",2248400
26950,100,100,"bu","13:55:39",2247900
26950,100,2000,"bu","13:55:39",2247800
26950,100,200,"bu","13:55:39",2245800
26950,100,700,"bu","13:55:32",2245600
26900,50,300,"sd","13:55:28",2244900
26950,100,100,"bu","13:55:25",2244600
26950,100,2000,"bu","13:55:25",2244500
26950,100,200,"bu","13:55:25",2242500
26950,100,200,"bu","13:55:25",2242300
26900,50,100,"sd","13:55:22",2242100
26900,50,1800,"sd","13:55:22",2242000
26900,50,100,"sd","13:55:22",2240200
26900,50,100,"sd","13:55:22",2240100
26900,50,1800,"sd","13:55:22",2240000
26900,50,300,"sd","13:55:22",2238200
26900,50,500,"sd","13:55:22",2237900
26900,50,1800,"sd","13:55:22",2237400
26900,50,100,"sd","13:55:22",2235600
26900,50,1100,"sd","13:55:22",2235500
26900,50,24400,"bu","13:55:22",2234400
26900,50,46000,"bu","13:55:22",2210000
26900,50,100,"bu","13:55:22",2164000
26900,50,6500,"bu","13:55:22",2163900
26900,50,3000,"bu","13:55:22",2157400
26900,50,500,"bu","13:55:22",2154400
26900,50,200,"bu","13:55:22",2153900
26900,50,400,"bu","13:55:22",2153700
26900,50,4500,"bu","13:55:22",2153300
26900,50,1000,"bu","13:55:22",2148800
26900,50,3500,"bu","13:55:22",2147800
26900,50,500,"bu","13:55:22",2144300
26900,50,100,"bu","13:55:22",2143800
26900,50,1400,"bu","13:55:22",2143700
26900,50,400,"bu","13:55:22",2142300
26900,50,500,"bu","13:55:22",2141900
26900,50,100,"bu","13:55:22",2141400
26900,50,700,"bu","13:55:22",2141300
26900,50,1700,"bu","13:55:22",2140600
26900,50,50000,"bu","13:55:22",2138900
26900,50,300,"bu","13:55:22",2088900
26900,50,10000,"bu","13:55:22",2088600
26900,50,100,"bu","13:55:22",2078600
26900,50,300,"bu","13:55:22",2078500
26900,50,500,"bu","13:55:22",2078200
26900,50,10000,"bu","13:55:22",2077700
26900,50,400,"bu","13:55:22",2067700
26900,50,1700,"bu","13:55:22",2067300
26900,50,1700,"bu","13:55:22",2065600
26900,50,9400,"bu","13:55:22",2063900
26850,0,1800,"sd","13:55:21",2054500
26850,0,300,"sd","13:55:10",2052700
26900,50,100,"bu","13:55:02",2052400
26900,50,2500,"bu","13:54:55",2052300
26900,50,700,"bu","13:54:44",2049800
26900,50,1700,"bu","13:54:34",2049100
26900,50,2500,"bu","13:54:25",2047400
26850,0,300,"sd","13:54:20",2044900
26900,50,100,"bu","13:54:12",2044600
26900,50,2500,"bu","13:53:53",2044500
26850,0,7000,"sd","13:53:46",2042000
26850,0,300,"sd","13:53:31",2035000
26900,50,8200,"bu","13:53:28",2034700
26900,50,6800,"bu","13:53:28",2026500
26900,50,2500,"bu","13:53:23",2019700
26900,50,200,"bu","13:52:57",2017200
26900,50,500,"bu","13:52:52",2017000
26900,50,2000,"bu","13:52:52",2016500
26850,0,300,"sd","13:52:42",2014500
26900,50,800,"bu","13:52:22",2014200
26900,50,1700,"bu","13:52:22",2013400
26850,0,1800,"sd","13:52:05",2011700
26850,0,300,"sd","13:51:53",2009900
26900,50,300,"bu","13:51:51",2009600
26900,50,2200,"bu","13:51:51",2009300
26900,50,1500,"bu","13:51:49",2007100
26900,50,2300,"bu","13:51:43",2005600
26900,50,700,"bu","13:51:43",2003300
26850,0,700,"sd","13:51:37",2002600
26900,50,2500,"bu","13:51:20",2001900
26850,0,200,"sd","13:51:03",1999400
26900,50,1900,"bu","13:50:50",1999200
26900,50,200,"bu","13:50:50",1997300
26900,50,100,"bu","13:50:50",1997100
26900,50,300,"bu","13:50:50",1997000
26900,50,2500,"bu","13:50:19",1996700
26850,0,200,"bu","13:50:19",1994200
26850,0,100,"sd","13:50:14",1994000
26850,0,900,"bu","13:50:01",1993900
26850,0,500,"bu","13:49:59",1993000
26850,0,400,"bu","13:49:56",1992500
26850,0,300,"bu","13:49:56",1992100
26850,0,1800,"bu","13:49:56",1991800
26850,0,2700,"bu","13:49:56",1990000
26850,0,100,"bu","13:49:56",1987300
26850,0,1800,"bu","13:49:56",1987200
26850,0,2900,"bu","13:49:56",1985400
26850,0,6000,"bu","13:49:50",1982500
26850,0,2500,"bu","13:49:48",1976500
26850,0,5000,"bu","13:49:40",1974000
26850,0,1500,"bu","13:49:37",1969000
26850,0,3000,"bu","13:49:32",1967500
26800,-50,300,"sd","13:49:25",1964500
26850,0,1300,"bu","13:49:21",1964200
26850,0,2500,"bu","13:49:17",1962900
26850,0,900,"bu","13:49:10",1960400
26850,0,400,"bu","13:49:10",1959500
26850,0,600,"bu","13:48:55",1959100
26850,0,700,"bu","13:48:55",1958500
26850,0,300,"bu","13:48:46",1957800
26850,0,500,"bu","13:48:46",1957500
26850,0,1700,"bu","13:48:46",1957000
26850,0,1300,"bu","13:48:45",1955300
26800,-50,300,"sd","13:48:36",1954000
26850,0,800,"bu","13:48:35",1953700
26850,0,500,"bu","13:48:35",1952900
26800,-50,1000,"sd","13:48:30",1952400
26850,0,300,"bu","13:48:27",1951400
26850,0,1300,"bu","13:48:26",1951100
26850,0,2500,"bu","13:48:16",1949800
26850,0,1300,"bu","13:48:11",1947300
26800,-50,200,"sd","13:47:59",1946000
26850,0,400,"bu","13:47:52",1945800
26800,-50,300,"sd","13:47:46",1945400
26800,-50,100,"sd","13:47:45",1945100
26800,-50,5700,"sd","13:47:45",1945000
26800,-50,6200,"sd","13:47:45",1939300
26850,0,2500,"bu","13:47:45",1933100
26850,0,1300,"bu","13:47:45",1930600
26850,0,1000,"bu","13:47:28",1929300
26850,0,2400,"bu","13:47:14",1928300
26800,-50,300,"sd","13:46:57",1925900
26850,0,2000,"bu","13:46:43",1925600
26850,0,400,"bu","13:46:43",1923600
26800,-50,100,"sd","13:46:40",1923200
26800,-50,1800,"sd","13:46:39",1923100
26800,-50,100,"sd","13:46:27",1921300
26800,-50,15000,"sd","13:46:23",1921200
26800,-50,1000,"sd","13:46:18",1906200
26850,0,1400,"bu","13:46:13",1905200
26850,0,1000,"bu","13:46:13",1903800
26800,-50,300,"sd","13:46:08",1902800
26800,-50,200,"sd","13:45:43",1902500
26800,-50,1300,"sd","13:45:43",1902300
26850,0,1000,"bu","13:45:41",1901000
26850,0,1400,"bu","13:45:41",1900000
26800,-50,1800,"sd","13:45:34",1898600
26800,-50,300,"sd","13:45:20",1896800
26850,0,100,"bu","13:45:11",1896500
26850,0,1800,"bu","13:45:11",1896400
26850,0,200,"bu","13:45:11",1894600
26850,0,300,"bu","13:45:11",1894400
26850,0,700,"bu","13:44:41",1894100
26850,0,1700,"bu","13:44:41",1893400
26800,-50,300,"sd","13:44:29",1891700
26800,-50,1800,"sd","13:44:28",1891400
26800,-50,1000,"sd","13:44:25",1889600
26800,-50,500,"sd","13:44:21",1888600
26850,0,100,"bu","13:44:15",1888100
26850,0,200,"bu","13:44:15",1888000
26850,0,2400,"bu","13:44:10",1887800
26800,-50,300,"sd","13:43:40",1885400
26850,0,2400,"bu","13:43:39",1885100
26850,0,300,"bu","13:43:08",1882700
26850,0,1800,"bu","13:43:08",1882400
26850,0,300,"bu","13:43:08",1880600
26850,0,500,"bu","13:43:05",1880300
26800,-50,400,"sd","13:42:51",1879800
26850,0,2400,"bu","13:42:38",1879400
26850,0,2400,"bu","13:42:07",1877000
26800,-50,400,"sd","13:42:02",1874600
26850,0,1500,"bu","13:41:59",1874200
26850,0,2400,"bu","13:41:36",1872700
26800,-50,1800,"sd","13:41:13",1870300
26800,-50,300,"sd","13:41:12",1868500
26850,0,1000,"bu","13:41:07",1868200
26850,0,2400,"bu","13:41:06",1867200
26800,-50,2000,"sd","13:40:57",1864800
26850,0,2400,"bu","13:40:35",1862800
26800,-50,500,"sd","13:40:34",1860400
26800,-50,300,"sd","13:40:23",1859900
26850,0,2400,"bu","13:40:05",1859600
26800,-50,400,"sd","13:39:34",1857200
26850,0,2400,"bu","13:39:34",1856800
26850,0,2400,"bu","13:39:03",1854400
26850,0,1000,"bu","13:38:35",1852000
26850,0,2400,"bu","13:38:32",1851000
26850,0,100,"bu","13:38:31",1848600
26850,0,10000,"bu","13:38:19",1848500
26850,0,200,"sd","13:38:04",1838500
26850,0,3000,"sd","13:38:04",1838300
26850,0,10800,"sd","13:38:04",1835300
26900,50,2400,"bu","13:38:01",1824500
26900,50,1800,"bu","13:37:30",1822100
26900,50,600,"bu","13:37:30",1820300
26900,50,2300,"bu","13:37:00",1819700
26850,0,500,"sd","13:36:55",1817400
26850,0,3000,"bu","13:36:54",1816900
26850,0,1800,"bu","13:36:54",1813900
26850,0,2000,"bu","13:36:54",1812100
26850,0,1000,"bu","13:36:54",1810100
26850,0,1000,"bu","13:36:54",1809100
26850,0,100,"bu","13:36:54",1808100
26850,0,1800,"bu","13:36:54",1808000
26850,0,200,"bu","13:36:29",1806200
26850,0,1800,"bu","13:36:29",1806000
26850,0,300,"bu","13:36:29",1804200
26850,0,600,"bu","13:35:58",1803900
26850,0,1700,"bu","13:35:58",1803300
26850,0,1500,"bu","13:35:54",1801600
26850,0,800,"bu","13:35:30",1800100
26850,0,1200,"bu","13:35:30",1799300
26850,0,3000,"bu","13:35:30",1798100
26850,0,2300,"bu","13:35:27",1795100
26850,0,600,"bu","13:35:19",1792800
26850,0,400,"bu","13:35:06",1792200
26850,0,13700,"bu","13:35:03",1791800
26850,0,1300,"bu","13:35:03",1778100
26850,0,2300,"bu","13:34:56",1776800
26850,0,1400,"bu","13:34:25",1774500
26850,0,900,"bu","13:34:25",1773100
26850,0,1000,"sd","13:33:57",1772200
26850,0,2000,"sd","13:33:57",1771200
26850,0,1000,"sd","13:33:57",1769200
26850,0,3000,"sd","13:33:57",1768200
26850,0,2100,"sd","13:33:57",1765200
26850,0,2000,"sd","13:33:55",1763100
26900,50,2300,"bu","13:33:54",1761100
26850,0,10000,"sd","13:33:50",1758800
26850,0,400,"sd","13:33:47",1748800
26850,0,2000,"sd","13:33:39",1748400
26900,50,100,"bu","13:33:30",1746400
26900,50,700,"bu","13:33:24",1746300
26900,50,1000,"bu","13:33:24",1745600
26900,50,600,"bu","13:33:24",1744600
26850,0,1000,"sd","13:33:16",1744000
26850,0,1000,"sd","13:33:16",1743000
26850,0,600,"sd","13:33:16",1742000
26850,0,400,"sd","13:33:16",1741400
26900,50,2300,"bu","13:32:53",1741000
26900,50,2100,"bu","13:32:22",1738700
26900,50,200,"bu","13:32:22",1736600
26850,0,600,"sd","13:32:19",1736400
26850,0,2000,"sd","13:32:19",1735800
26850,0,500,"sd","13:32:19",1733800
26850,0,1000,"sd","13:32:19",1733300
26850,0,15900,"sd","13:32:19",1732300
26850,0,300,"sd","13:32:16",1716400
26850,0,3600,"sd","13:32:02",1716100
26850,0,5000,"sd","13:31:59",1712500
26850,0,300,"sd","13:31:56",1707500
26850,0,4000,"sd","13:31:53",1707200
26900,50,2300,"bu","13:31:51",1703200
26900,50,500,"bu","13:31:21",1700900
26900,50,200,"bu","13:31:21",1700400
26900,50,1000,"bu","13:31:21",1700200
26900,50,100,"bu","13:31:21",1699200
26900,50,500,"bu","13:31:21",1699100
26850,0,900,"sd","13:30:58",1698600
26850,0,300,"sd","13:30:58",1697700
26900,50,2300,"bu","13:30:51",1697400
26900,50,2300,"bu","13:30:20",1695100
26900,50,100,"bu","13:30:10",1692800
26900,50,1000,"bu","13:29:52",1692700
26900,50,2000,"bu","13:29:49",1691700
26900,50,1800,"bu","13:29:49",1689700
26900,50,300,"bu","13:29:49",1687900
26900,50,200,"bu","13:29:49",1687600
26900,50,800,"bu","13:29:32",1687400
26900,50,1700,"bu","13:29:32",1686600
26850,0,100,"sd","13:29:30",1684900
26900,50,2300,"bu","13:29:18",1684800
26850,0,900,"sd","13:29:15",1682500
26850,0,500,"sd","13:29:15",1681600
26850,0,400,"sd","13:29:15",1681100
26850,0,500,"sd","13:29:01",1680700
26850,0,1000,"bu","13:28:59",1680200
26850,0,1800,"bu","13:28:59",1679200
26850,0,5000,"bu","13:28:59",1677400
26850,0,1400,"bu","13:28:59",1672400
26850,0,5000,"bu","13:28:59",1671000
26850,0,5000,"bu","13:28:59",1666000
26850,0,1800,"bu","13:28:59",1661000
26850,0,1800,"bu","13:28:59",1659200
26850,0,200,"bu","13:28:59",1657400
26850,0,6000,"bu","13:28:59",1657200
26850,0,100,"bu","13:28:59",1651200
26850,0,1800,"bu","13:28:59",1651100
26850,0,200,"bu","13:28:59",1649300
26850,0,4500,"bu","13:28:55",1649100
26850,0,500,"bu","13:28:55",1644600
26850,0,1800,"bu","13:28:48",1644100
26850,0,500,"bu","13:28:48",1642300
26850,0,1500,"bu","13:28:27",1641800
26850,0,8500,"bu","13:28:26",1640300
26850,0,1500,"bu","13:28:17",1631800
26850,0,800,"bu","13:28:17",1630300
26850,0,200,"bu","13:27:56",1629500
26850,0,2300,"bu","13:27:47",1629300
26850,0,100,"bu","13:27:26",1627000
26800,-50,100,"sd","13:27:25",1626900
26850,0,3500,"bu","13:27:22",1626800
26800,-50,5500,"sd","13:27:18",1623300
26850,0,2300,"bu","13:27:16",1617800
26850,0,1100,"bu","13:27:03",1615500
26850,0,9700,"bu","13:26:58",1614400
26850,0,300,"bu","13:26:58",1604700
26850,0,700,"bu","13:26:45",1604400
26850,0,900,"bu","13:26:45",1603700
26850,0,200,"bu","13:26:45",1602800
26850,0,500,"bu","13:26:45",1602600
26800,-50,1000,"sd","13:26:25",1602100
26850,0,400,"bu","13:26:16",1601100
26850,0,2300,"bu","13:26:14",1600700
26800,-50,1000,"sd","13:26:12",1598400
26800,-50,2000,"sd","13:26:12",1597400
26800,-50,800,"sd","13:26:12",1595400
26800,-50,5000,"sd","13:26:12",1594600
26800,-50,1000,"sd","13:26:12",1589600
26800,-50,200,"sd","13:26:12",1588600
26850,0,100,"bu","13:26:06",1588400
26850,0,2300,"bu","13:25:44",1588300
26850,0,2300,"bu","13:25:14",1586000
26850,0,100,"bu","13:24:53",1583700
26850,0,2500,"bu","13:24:52",1583600
26850,0,2000,"bu","13:24:52",1581100
26850,0,2500,"bu","13:24:52",1579100
26850,0,4100,"bu","13:24:52",1576600
26850,0,2300,"bu","13:24:43",1572500
26850,0,300,"bu","13:24:14",1570200
26850,0,2300,"bu","13:24:12",1569900
26850,0,1300,"bu","13:23:47",1567600
26850,0,2300,"bu","13:23:41",1566300
26850,0,2300,"bu","13:23:10",1564000
26850,0,7000,"bu","13:22:52",1561700
26850,0,2300,"bu","13:22:39",1554700
26800,-50,200,"sd","13:22:37",1552400
26850,0,2300,"bu","13:22:09",1552200
26800,-50,500,"sd","13:22:03",1549900
26850,0,2300,"bu","13:21:38",1549400
26850,0,2300,"bu","13:21:07",1547100
26800,-50,3600,"sd","13:21:06",1544800
26850,0,6900,"bu","13:20:41",1541200
26850,0,100,"bu","13:20:41",1534300
26850,0,100,"bu","13:20:37",1534200
26850,0,2200,"bu","13:20:37",1534100
26850,0,2300,"bu","13:20:05",1531900
26800,-50,500,"sd","13:20:00",1529600
26800,-50,200,"sd","13:20:00",1529100
26850,0,1800,"bu","13:19:35",1528900
26850,0,500,"bu","13:19:35",1527100
26800,-50,1800,"sd","13:19:27",1526600
26800,-50,1000,"bu","13:19:08",1524800
26850,0,2200,"bu","13:19:04",1523800
26800,-50,100,"bu","13:19:04",1521600
26800,-50,1000,"bu","13:18:58",1521500
26800,-50,2000,"bu","13:18:56",1520500
26800,-50,6900,"sd","13:18:45",1518500
26800,-50,1800,"bu","13:18:38",1511600
26800,-50,1300,"bu","13:18:38",1509800
26800,-50,400,"bu","13:18:34",1508500
26800,-50,1800,"bu","13:18:34",1508100
26800,-50,100,"bu","13:18:34",1506300
26800,-50,200,"bu","13:18:33",1506200
26800,-50,800,"bu","13:18:33",1506000
26800,-50,100,"bu","13:18:32",1505200
26800,-50,100,"bu","13:18:16",1505100
26800,-50,500,"bu","13:18:13",1505000
26800,-50,1000,"bu","13:18:10",1504500
26800,-50,1000,"bu","13:18:07",1503500
26800,-50,1500,"bu","13:18:06",1502500
26800,-50,200,"bu","13:18:06",1501000
26800,-50,200,"bu","13:18:06",1500800
26800,-50,200,"bu","13:18:06",1500600
26800,-50,2900,"bu","13:18:06",1500400
26800,-50,2000,"bu","13:18:04",1497500
26800,-50,2300,"bu","13:18:03",1495500
26800,-50,2800,"bu","13:17:59",1493200
26800,-50,5000,"bu","13:17:59",1490400
26800,-50,1300,"bu","13:17:59",1485400
26800,-50,400,"bu","13:17:59",1484100
26800,-50,1300,"bu","13:17:59",1483700
26800,-50,1300,"bu","13:17:59",1482400
26800,-50,1300,"bu","13:17:59",1481100
26800,-50,600,"bu","13:17:59",1479800
26800,-50,1900,"bu","13:17:59",1479200
26800,-50,1800,"bu","13:17:59",1477300
26800,-50,1300,"bu","13:17:59",1475500
26800,-50,1000,"bu","13:17:59",1474200
26800,-50,100,"bu","13:17:57",1473200
26800,-50,500,"bu","13:17:48",1473100
26800,-50,200,"bu","13:17:42",1472600
26800,-50,1900,"bu","13:17:42",1472400
26800,-50,2900,"bu","13:17:42",1470500
26800,-50,200,"bu","13:17:40",1467600
26800,-50,2300,"bu","13:17:32",1467400
26800,-50,1000,"bu","13:17:24",1465100
26800,-50,2300,"bu","13:17:02",1464100
26750,-100,700,"sd","13:16:11",1461800
26750,-100,1000,"sd","13:16:11",1461100
26750,-100,200,"sd","13:16:11",1460100
26750,-100,1800,"sd","13:16:05",1459900
26750,-100,200,"sd","13:16:05",1458100
26750,-100,100,"sd","13:16:05",1457900
26750,-100,100,"sd","13:16:05",1457800
26750,-100,27800,"sd","13:16:05",1457700
26750,-100,100,"sd","13:15:16",1429900
26750,-100,1800,"sd","13:15:06",1429800
26750,-100,10300,"sd","13:14:26",1428000
26750,-100,400,"sd","13:14:26",1417700
26750,-100,2200,"sd","13:14:26",1417300
26750,-100,3000,"sd","13:14:08",1415100
26750,-100,1800,"sd","13:14:01",1412100
26750,-100,1000,"sd","13:13:49",1410300
26750,-100,1000,"sd","13:13:19",1409300
26750,-100,1000,"sd","13:12:56",1408300
26750,-100,500,"sd","13:12:56",1407300
26750,-100,100,"sd","13:12:56",1406800
26750,-100,200,"sd","13:12:56",1406700
26750,-100,300,"sd","13:12:50",1406500
26750,-100,1000,"sd","13:12:50",1406200
26750,-100,200,"sd","13:12:50",1405200
26750,-100,300,"sd","13:12:34",1405000
26750,-100,4700,"sd","13:12:34",1404700
26750,-100,400,"sd","13:12:28",1400000
26750,-100,400,"sd","13:11:50",1399600
26750,-100,1000,"sd","13:11:50",1399200
26750,-100,400,"sd","13:11:50",1398200
26750,-100,600,"sd","13:11:06",1397800
26750,-100,100,"sd","13:11:06",1397200
26750,-100,100,"bu","13:10:57",1397100
26750,-100,500,"sd","13:10:45",1397000
26750,-100,100,"sd","13:10:45",1396500
26750,-100,1000,"sd","13:10:45",1396400
26750,-100,200,"sd","13:10:45",1395400
26750,-100,1400,"bu","13:09:58",1395200
26750,-100,400,"sd","13:09:40",1393800
26750,-100,600,"bu","13:09:23",1393400
26750,-100,400,"sd","13:09:04",1392800
26750,-100,600,"bu","13:08:59",1392400
26750,-100,100,"bu","13:08:57",1391800
26750,-100,500,"sd","13:08:35",1391700
26750,-100,600,"sd","13:08:35",1391200
26750,-100,400,"sd","13:07:56",1390600
26750,-100,500,"sd","13:07:56",1390200
26750,-100,1000,"sd","13:07:56",1389700
26750,-100,100,"sd","13:07:56",1388700
26750,-100,400,"sd","13:07:29",1388600
26750,-100,100,"sd","13:07:29",1388200
26750,-100,200,"sd","13:07:29",1388100
26750,-100,600,"sd","13:07:29",1387900
26750,-100,500,"sd","13:07:29",1387300
26750,-100,400,"sd","13:06:59",1386800
26750,-100,1900,"sd","13:06:24",1386400
26750,-100,4000,"sd","13:06:08",1384500
26750,-100,100,"sd","13:05:44",1380500
26750,-100,1800,"sd","13:05:19",1380400
26750,-100,1300,"bu","13:05:11",1378600
26750,-100,500,"bu","13:04:55",1377300
26750,-100,200,"sd","13:04:12",1376800
26750,-100,1000,"sd","13:04:12",1376600
26750,-100,700,"sd","13:04:12",1375600
26750,-100,300,"sd","13:03:59",1374900
26750,-100,100,"sd","13:03:59",1374600
26750,-100,600,"sd","13:03:59",1374500
26750,-100,400,"sd","13:03:08",1373900
26750,-100,1400,"sd","13:03:08",1373500
26750,-100,600,"sd","13:02:24",1372100
26700,-150,1800,"sd","13:02:03",1371500
26700,-150,1900,"sd","13:00:58",1369700
26700,-150,200,"sd","13:00:09",1367800
26800,-50,100,"bu","13:00:06",1367600
26700,-150,100,"sd","13:00:03",1367500
26700,-150,300,"sd","13:00:03",1367400
26700,-150,300,"sd","13:00:03",1367100
26750,-100,300,"sd","13:00:03",1366800
26800,-50,100,"bu","13:00:02",1366500
26700,-150,700,"sd","13:00:01",1366400
26750,-100,100,"sd","13:00:01",1365700
26700,-150,300,"sd","11:29:56",1365600
26700,-150,1000,"sd","11:29:52",1365300
26700,-150,800,"sd","11:29:52",1364300
26700,-150,1800,"sd","11:29:46",1363500
26750,-100,100,"sd","11:29:46",1361700
26700,-150,200,"sd","11:29:37",1361600
26750,-100,100,"sd","11:28:47",1361400
26750,-100,1000,"sd","11:28:47",1361300
26750,-100,200,"sd","11:28:47",1360300
26750,-100,500,"sd","11:28:47",1360100
26750,-100,500,"sd","11:27:42",1359600
26750,-100,1300,"sd","11:27:42",1359100
26750,-100,700,"sd","11:26:37",1357800
26750,-100,500,"sd","11:26:37",1357100
26750,-100,600,"sd","11:26:37",1356600
26750,-100,400,"sd","11:26:12",1356000
26750,-100,3600,"sd","11:26:06",1355600
26750,-100,1900,"sd","11:25:31",1352000
26750,-100,1400,"sd","11:25:13",1350100
26750,-100,1800,"bu","11:25:06",1348700
26750,-100,300,"bu","11:25:06",1346900
26750,-100,900,"bu","11:25:04",1346600
26750,-100,800,"bu","11:24:39",1345700
26750,-100,500,"bu","11:24:29",1344900
26750,-100,900,"bu","11:24:15",1344400
26750,-100,900,"sd","11:23:53",1343500
26750,-100,900,"sd","11:23:53",1342600
26750,-100,100,"sd","11:23:53",1341700
26750,-100,900,"sd","11:23:53",1341600
26750,-100,800,"sd","11:23:53",1340700
26750,-100,1000,"sd","11:23:53",1339900
26750,-100,2000,"sd","11:23:53",1338900
26750,-100,900,"sd","11:23:53",1336900
26750,-100,900,"sd","11:23:53",1336000
26750,-100,200,"sd","11:23:53",1335100
26750,-100,700,"sd","11:23:21",1334900
26750,-100,1000,"sd","11:23:21",1334200
26750,-100,100,"sd","11:23:21",1333200
26750,-100,800,"sd","11:23:14",1333100
26750,-100,1200,"sd","11:23:14",1332300
26750,-100,3600,"sd","11:22:29",1331100
26750,-100,1800,"sd","11:22:16",1327500
26750,-100,100,"sd","11:22:08",1325700
26750,-100,1900,"sd","11:21:37",1325600
26750,-100,1400,"sd","11:21:36",1323700
26750,-100,500,"sd","11:21:36",1322300
26750,-100,300,"sd","11:21:10",1321800
26750,-100,200,"sd","11:21:10",1321500
26750,-100,900,"sd","11:21:10",1321300
26750,-100,100,"sd","11:21:10",1320400
26750,-100,300,"sd","11:21:10",1320300
26750,-100,600,"sd","11:21:00",1320000
26750,-100,400,"sd","11:21:00",1319400
26750,-100,900,"sd","11:21:00",1319000
26750,-100,1000,"sd","11:21:00",1318100
26750,-100,700,"sd","11:21:00",1317100
26750,-100,1000,"sd","11:20:35",1316400
26750,-100,100,"sd","11:20:24",1315400
26750,-100,200,"sd","11:20:16",1315300
26750,-100,2600,"sd","11:20:16",1315100
26750,-100,800,"sd","11:20:16",1312500
26750,-100,100,"sd","11:20:15",1311700
26750,-100,800,"sd","11:20:15",1311600
26750,-100,100,"sd","11:20:15",1310800
26750,-100,900,"sd","11:20:15",1310700
26750,-100,900,"sd","11:20:05",1309800
26750,-100,1000,"sd","11:20:05",1308900
26750,-100,400,"sd","11:19:22",1307900
26750,-100,600,"sd","11:19:11",1307500
26750,-100,400,"sd","11:19:11",1306900
26750,-100,900,"sd","11:19:11",1306500
26750,-100,500,"sd","11:19:11",1305600
26750,-100,400,"sd","11:19:01",1305100
26750,-100,600,"sd","11:19:01",1304700
26750,-100,1400,"sd","11:19:00",1304100
26750,-100,400,"sd","11:19:00",1302700
26750,-100,600,"sd","11:17:54",1302300
26750,-100,1200,"sd","11:17:54",1301700
26750,-100,100,"sd","11:17:08",1300500
26750,-100,700,"sd","11:16:52",1300400
26750,-100,100,"sd","11:16:52",1299700
26750,-100,600,"sd","11:16:52",1299600
26750,-100,400,"sd","11:16:49",1299000
26750,-100,800,"sd","11:16:49",1298600
26750,-100,600,"sd","11:16:49",1297800
26750,-100,400,"bu","11:16:12",1297200
26750,-100,900,"bu","11:16:09",1296800
26750,-100,200,"bu","11:16:03",1295900
26750,-100,1000,"bu","11:16:01",1295700
26750,-100,2000,"bu","11:15:56",1294700
26750,-100,1500,"sd","11:15:45",1292700
26750,-100,3000,"sd","11:15:45",1291200
26750,-100,1000,"sd","11:15:45",1288200
26750,-100,10000,"sd","11:15:45",1287200
26800,-50,900,"bu","11:15:43",1277200
26800,-50,200,"bu","11:15:19",1276300
26800,-50,700,"bu","11:15:19",1276100
26800,-50,900,"bu","11:14:56",1275400
26800,-50,100,"bu","11:14:52",1274500
26800,-50,100,"bu","11:14:30",1274400
26800,-50,500,"bu","11:14:30",1274300
26800,-50,200,"bu","11:14:30",1273800
26800,-50,900,"bu","11:14:07",1273600
26800,-50,800,"bu","11:13:45",1272700
26800,-50,200,"bu","11:13:45",1271900
26800,-50,900,"bu","11:13:42",1271700
26800,-50,900,"bu","11:13:18",1270800
26800,-50,33800,"bu","11:13:09",1269900
26750,-100,1200,"bu","11:13:09",1236100
26750,-100,100,"bu","11:13:01",1234900
26750,-100,100,"bu","11:13:01",1234800
26750,-100,900,"bu","11:12:53",1234700
26750,-100,800,"bu","11:12:29",1233800
26750,-100,900,"sd","11:12:04",1233000
26750,-100,500,"sd","11:12:04",1232100
26800,-50,500,"bu","11:11:48",1231600
26800,-50,1000,"bu","11:11:45",1231100
26750,-100,400,"bu","11:11:40",1230100
26750,-100,100,"bu","11:11:39",1229700
26750,-100,500,"sd","11:11:36",1229600
26750,-100,1000,"sd","11:11:36",1229100
26750,-100,100,"sd","11:11:36",1228100
26750,-100,900,"sd","11:11:36",1228000
26750,-100,600,"sd","11:11:36",1227100
26800,-50,900,"bu","11:11:16",1226500
26800,-50,1000,"bu","11:11:00",1225600
26750,-100,1900,"bu","11:10:50",1224600
26750,-100,4000,"bu","11:10:50",1222700
26750,-100,1800,"bu","11:10:50",1218700
26750,-100,800,"bu","11:10:50",1216900
26750,-100,100,"bu","11:10:50",1216100
26750,-100,800,"bu","11:10:50",1216000
26750,-100,2000,"bu","11:10:48",1215200
26750,-100,1000,"bu","11:10:48",1213200
26750,-100,1000,"bu","11:10:40",1212200
26750,-100,20000,"bu","11:10:37",1211200
26750,-100,3000,"bu","11:10:34",1191200
26750,-100,800,"bu","11:10:27",1188200
26750,-100,100,"bu","11:10:23",1187400
26750,-100,1600,"bu","11:10:12",1187300
26750,-100,900,"bu","11:10:02",1185700
26750,-100,1000,"bu","11:09:50",1184800
26700,-150,200,"sd","11:09:49",1183800
26700,-150,500,"sd","11:09:49",1183600
26700,-150,300,"sd","11:09:49",1183100
26750,-100,900,"bu","11:09:38",1182800
26750,-100,500,"bu","11:09:18",1181900
26700,-150,1900,"sd","11:09:12",1181400
26700,-150,5800,"sd","11:08:30",1179500
26700,-150,5000,"sd","11:08:30",1173700
26700,-150,100,"sd","11:08:30",1168700
26700,-150,5000,"sd","11:08:30",1168600
26700,-150,3500,"sd","11:08:30",1163600
26700,-150,500,"sd","11:08:30",1160100
26700,-150,100,"sd","11:08:30",1159600
26750,-100,1500,"bu","11:08:30",1159500
26750,-100,100,"bu","11:08:28",1158000
26750,-100,3000,"bu","11:08:27",1157900
26750,-100,800,"bu","11:08:25",1154900
26750,-100,3000,"bu","11:08:22",1154100
26750,-100,1000,"bu","11:08:13",1151100
26750,-100,2000,"bu","11:08:08",1150100
26750,-100,200,"bu","11:08:04",1148100
26750,-100,900,"bu","11:08:01",1147900
26750,-100,5000,"bu","11:07:57",1147000
26750,-100,100,"bu","11:07:53",1142000
26750,-100,900,"bu","11:07:36",1141900
26750,-100,5000,"bu","11:07:32",1141000
26750,-100,900,"bu","11:07:12",1136000
26750,-100,900,"bu","11:06:49",1135100
26750,-100,800,"bu","11:06:23",1134200
26750,-100,900,"sd","11:06:17",1133400
26750,-100,100,"sd","11:06:17",1132500
26750,-100,500,"sd","11:06:17",1132400
26750,-100,900,"sd","11:06:17",1131900
26750,-100,900,"sd","11:06:17",1131000
26750,-100,300,"sd","11:06:17",1130100
26750,-100,10000,"sd","11:06:17",1129800
26750,-100,900,"sd","11:06:17",1119800
26750,-100,100,"sd","11:06:17",1118900
26750,-100,100,"sd","11:06:17",1118800
26750,-100,800,"sd","11:06:17",1118700
26750,-100,1200,"sd","11:06:17",1117900
26750,-100,900,"sd","11:06:17",1116700
26750,-100,2200,"sd","11:06:17",1115800
26750,-100,900,"sd","11:06:17",1113600
26750,-100,100,"sd","11:06:17",1112700
26750,-100,900,"sd","11:06:17",1112600
26750,-100,800,"sd","11:06:17",1111700
26750,-100,2000,"sd","11:06:17",1110900
26750,-100,500,"sd","11:06:17",1108900
26750,-100,2500,"sd","11:06:17",1108400
26750,-100,1000,"sd","11:06:17",1105900
26750,-100,100,"sd","11:06:17",1104900
26750,-100,100,"sd","11:06:17",1104800
26750,-100,100,"sd","11:06:17",1104700
26750,-100,200,"sd","11:06:17",1104600
26750,-100,2000,"sd","11:06:17",1104400
26750,-100,100,"sd","11:06:17",1102400
26750,-100,500,"sd","11:06:17",1102300
26750,-100,10000,"sd","11:06:17",1101800
26750,-100,100,"sd","11:06:17",1091800
26750,-100,100,"sd","11:06:17",1091700
26750,-100,300,"sd","11:06:17",1091600
26800,-50,300,"bu","11:06:11",1091300
26800,-50,900,"bu","11:05:59",1091000
26800,-50,200,"bu","11:05:40",1090100
26750,-100,3300,"sd","11:05:07",1089900
26750,-100,400,"sd","11:04:51",1086600
26750,-100,500,"sd","11:04:51",1086200
26750,-100,900,"sd","11:04:51",1085700
26750,-100,100,"sd","11:04:50",1084800
26750,-100,200,"sd","11:04:50",1084700
26750,-100,500,"sd","11:04:50",1084500
26750,-100,200,"sd","11:04:50",1084000
26750,-100,200,"sd","11:04:30",1083800
26750,-100,100,"sd","11:04:30",1083600
26750,-100,1000,"sd","11:04:30",1083500
26750,-100,100,"sd","11:04:30",1082500
26750,-100,100,"sd","11:04:30",1082400
26750,-100,400,"sd","11:04:30",1082300
26750,-100,1000,"sd","11:04:30",1081900
26750,-100,500,"sd","11:04:30",1080900
26750,-100,300,"sd","11:04:25",1080400
26750,-100,3400,"sd","11:04:16",1080100
26750,-100,800,"sd","11:04:12",1076700
26750,-100,100,"sd","11:04:12",1075900
26750,-100,100,"sd","11:04:12",1075800
26750,-100,1100,"sd","11:04:12",1075700
26750,-100,1400,"sd","11:04:11",1074600
26750,-100,1900,"sd","11:04:07",1073200
26750,-100,100,"sd","11:04:07",1071300
26750,-100,1400,"sd","11:04:07",1071200
26750,-100,1900,"sd","11:03:58",1069800
26750,-100,1800,"sd","11:03:46",1067900
26750,-100,1300,"sd","11:03:41",1066100
26800,-50,900,"bu","11:03:33",1064800
26800,-50,200,"bu","11:03:27",1063900
26800,-50,900,"bu","11:03:09",1063700
26800,-50,900,"sd","11:03:06",1062800
26800,-50,6500,"sd","11:03:06",1061900
26800,-50,1900,"sd","11:02:48",1055400
26800,-50,1600,"sd","11:02:41",1053500
26800,-50,200,"sd","11:02:41",1051900
26800,-50,900,"sd","11:02:34",1051700
26800,-50,100,"sd","11:02:33",1050800
26800,-50,600,"bu","11:02:28",1050700
26800,-50,500,"bu","11:02:22",1050100
26800,-50,800,"bu","11:02:20",1049600
26800,-50,1000,"bu","11:02:18",1048800
26800,-50,300,"bu","11:02:12",1047800
26800,-50,200,"bu","11:02:12",1047500
26800,-50,400,"bu","11:02:09",1047300
26800,-50,600,"bu","11:02:09",1046900
26750,-100,600,"sd","11:02:03",1046300
26750,-100,1000,"sd","11:02:03",1045700
26750,-100,600,"sd","11:02:00",1044700
26750,-100,1300,"sd","11:01:58",1044100
26750,-100,100,"sd","11:01:54",1042800
26750,-100,200,"sd","11:01:54",1042700
26750,-100,100,"sd","11:01:54",1042500
26750,-100,100,"sd","11:01:54",1042400
26750,-100,100,"sd","11:01:54",1042300
26750,-100,100,"sd","11:01:51",1042200
26750,-100,1200,"sd","11:01:51",1042100
26750,-100,600,"sd","11:01:48",1040900
26750,-100,600,"sd","11:01:44",1040300
26750,-100,1300,"sd","11:01:40",1039700
26750,-100,600,"sd","11:01:39",1038400
26750,-100,1900,"sd","11:01:36",1037800
26750,-100,600,"sd","11:01:34",1035900
26750,-100,1300,"sd","11:01:29",1035300
26750,-100,600,"sd","11:01:28",1034000
26750,-100,1300,"sd","11:01:27",1033400
26750,-100,200,"sd","11:01:27",1032100
26750,-100,200,"sd","11:01:27",1031900
26750,-100,100,"sd","11:01:27",1031700
26750,-100,400,"sd","11:01:27",1031600
26750,-100,500,"sd","11:01:22",1031200
26750,-100,800,"sd","11:01:22",1030700
26750,-100,200,"sd","11:01:22",1029900
26750,-100,400,"sd","11:01:22",1029700
26750,-100,100,"sd","11:01:20",1029300
26750,-100,500,"sd","11:01:20",1029200
26750,-100,2500,"sd","11:01:20",1028700
26750,-100,1300,"sd","11:01:17",1026200
26800,-50,900,"sd","11:01:16",1024900
26800,-50,100,"sd","11:01:15",1024000
26800,-50,400,"sd","11:01:15",1023900
26800,-50,500,"sd","11:01:12",1023500
26800,-50,100,"sd","11:01:12",1023000
26800,-50,900,"sd","11:01:11",1022900
26800,-50,1600,"sd","11:01:11",1022000
26800,-50,400,"sd","11:01:08",1020400
26800,-50,200,"sd","11:01:08",1020000
26800,-50,600,"sd","11:01:01",1019800
26800,-50,200,"sd","11:00:57",1019200
26800,-50,900,"sd","11:00:57",1019000
26800,-50,200,"sd","11:00:57",1018100
26800,-50,600,"sd","11:00:56",1017900
26800,-50,100,"sd","11:00:51",1017300
26800,-50,200,"sd","11:00:51",1017200
26800,-50,300,"sd","11:00:51",1017000
26800,-50,600,"sd","11:00:49",1016700
26800,-50,700,"sd","11:00:49",1016100
26800,-50,200,"sd","11:00:46",1015400
26800,-50,1100,"sd","11:00:46",1015200
26800,-50,600,"sd","11:00:43",1014100
26800,-50,1800,"sd","11:00:30",1013500
26800,-50,600,"sd","11:00:27",1011700
26800,-50,400,"sd","11:00:27",1011100
26800,-50,600,"sd","10:59:25",1010700
26800,-50,800,"sd","10:59:25",1010100
26800,-50,400,"sd","10:59:25",1009300
26800,-50,500,"sd","10:58:20",1008900
26800,-50,900,"sd","10:58:20",1008400
26800,-50,500,"sd","10:58:20",1007500
26800,-50,400,"sd","10:57:29",1007000
26800,-50,500,"sd","10:57:29",1006600
26800,-50,100,"sd","10:57:29",1006100
26800,-50,900,"sd","10:57:14",1006000
26800,-50,900,"sd","10:57:14",1005100
26800,-50,1000,"bu","10:56:39",1004200
26800,-50,500,"bu","10:56:32",1003200
26800,-50,300,"bu","10:56:14",1002700
26800,-50,500,"bu","10:56:14",1002400
26800,-50,1300,"bu","10:56:02",1001900
26800,-50,1000,"bu","10:56:02",1000600
26800,-50,200,"bu","10:56:02",999600
26800,-50,100,"bu","10:56:01",999400
26800,-50,900,"bu","10:55:50",999300
26800,-50,500,"bu","10:55:50",998400
26800,-50,100,"bu","10:55:27",997900
26800,-50,100,"bu","10:55:26",997800
26800,-50,100,"bu","10:55:26",997700
26800,-50,700,"bu","10:55:26",997600
26800,-50,600,"bu","10:55:06",996900
26800,-50,400,"bu","10:55:06",996300
26800,-50,1000,"bu","10:55:04",995900
26800,-50,400,"bu","10:55:01",994900
26800,-50,500,"bu","10:55:01",994500
26800,-50,300,"bu","10:55:00",994000
26800,-50,700,"bu","10:55:00",993700
26800,-50,1000,"bu","10:54:58",993000
26800,-50,100,"bu","10:54:57",992000
26800,-50,1800,"bu","10:54:57",991900
26800,-50,100,"bu","10:54:57",990100
26800,-50,100,"bu","10:54:42",990000
26800,-50,900,"bu","10:54:37",989900
26800,-50,800,"bu","10:54:13",989000
26800,-50,500,"bu","10:53:48",988200
26800,-50,400,"bu","10:53:48",987700
26800,-50,900,"bu","10:53:24",987300
26800,-50,600,"bu","10:53:00",986400
26800,-50,300,"bu","10:53:00",985800
26800,-50,500,"bu","10:52:37",985500
26800,-50,900,"bu","10:52:35",985000
26800,-50,1000,"bu","10:52:33",984100
26800,-50,500,"bu","10:52:27",983100
26800,-50,100,"bu","10:52:25",982600
26800,-50,200,"bu","10:52:24",982500
26800,-50,800,"bu","10:52:24",982300
26750,-100,1200,"sd","10:51:48",981500
26750,-100,100,"sd","10:51:48",980300
26800,-50,900,"bu","10:51:46",980200
26800,-50,300,"bu","10:51:22",979300
26800,-50,600,"bu","10:51:22",979000
26800,-50,200,"bu","10:51:11",978400
26800,-50,100,"bu","10:51:10",978200
26800,-50,900,"bu","10:50:58",978100
26800,-50,600,"bu","10:50:55",977200
26800,-50,900,"bu","10:50:34",976600
26800,-50,800,"bu","10:50:09",975700
26800,-50,800,"bu","10:49:45",974900
26800,-50,100,"bu","10:49:45",974100
26800,-50,100,"bu","10:49:21",974000
26800,-50,900,"bu","10:49:21",973900
26800,-50,900,"bu","10:48:56",973000
26800,-50,900,"bu","10:48:32",972100
26800,-50,800,"bu","10:48:07",971200
26800,-50,900,"sd","10:47:48",970400
26800,-50,900,"sd","10:47:48",969500
26800,-50,900,"sd","10:47:48",968600
26800,-50,900,"sd","10:47:48",967700
26800,-50,300,"sd","10:47:48",966800
26800,-50,800,"sd","10:47:48",966500
26800,-50,1600,"sd","10:47:48",965700
26800,-50,500,"sd","10:47:27",964100
26800,-50,900,"sd","10:47:27",963600
26800,-50,500,"sd","10:47:27",962700
26800,-50,400,"sd","10:47:06",962200
26800,-50,500,"sd","10:47:06",961800
26800,-50,100,"sd","10:47:06",961300
26800,-50,900,"sd","10:47:04",961200
26800,-50,400,"sd","10:47:04",960300
26800,-50,500,"sd","10:46:56",959900
26800,-50,100,"sd","10:46:22",959400
26800,-50,900,"sd","10:46:22",959300
26800,-50,800,"sd","10:46:22",958400
26800,-50,100,"sd","10:45:55",957600
26800,-50,800,"sd","10:45:48",957500
26800,-50,500,"sd","10:45:48",956700
26800,-50,600,"sd","10:45:40",956200
26800,-50,900,"sd","10:45:37",955600
26800,-50,900,"sd","10:45:37",954700
26800,-50,800,"sd","10:45:37",953800
26800,-50,100,"sd","10:45:36",953000
26800,-50,500,"sd","10:45:36",952900
26800,-50,600,"sd","10:45:31",952400
26800,-50,1000,"sd","10:45:23",951800
26800,-50,100,"sd","10:45:23",950800
26800,-50,900,"sd","10:45:23",950700
26800,-50,900,"sd","10:45:23",949800
26800,-50,800,"sd","10:45:17",948900
26800,-50,1000,"sd","10:45:17",948100
26800,-50,900,"sd","10:45:08",947100
26800,-50,1000,"sd","10:45:08",946200
26800,-50,10000,"sd","10:45:08",945200
26800,-50,7500,"sd","10:45:08",935200
26800,-50,2000,"sd","10:45:08",927700
26800,-50,900,"sd","10:45:08",925700
26800,-50,900,"sd","10:45:08",924800
26800,-50,900,"sd","10:45:08",923900
26800,-50,900,"sd","10:45:08",923000
26800,-50,900,"sd","10:45:08",922100
26800,-50,400,"sd","10:45:08",921200
26800,-50,100,"sd","10:44:25",920800
26800,-50,300,"sd","10:44:24",920700
26800,-50,100,"sd","10:44:11",920400
26800,-50,900,"sd","10:44:11",920300
26800,-50,300,"sd","10:44:11",919400
26800,-50,200,"sd","10:44:11",919100
26800,-50,100,"sd","10:44:11",918900
26800,-50,300,"sd","10:44:11",918800
26800,-50,4700,"sd","10:44:08",918500
26800,-50,300,"sd","10:44:08",913800
26800,-50,100,"sd","10:44:08",913500
26800,-50,2000,"sd","10:44:08",913400
26800,-50,100,"sd","10:44:08",911400
26800,-50,2800,"sd","10:44:08",911300
26800,-50,600,"sd","10:43:45",908500
26800,-50,2600,"sd","10:43:38",907900
26850,0,700,"bu","10:43:36",905300
26800,-50,1800,"sd","10:43:06",904600
26800,-50,1800,"sd","10:42:01",902800
26800,-50,400,"sd","10:40:55",901000
26800,-50,1000,"sd","10:40:55",900600
26800,-50,500,"sd","10:40:55",899600
26800,-50,1500,"sd","10:40:26",899100
26800,-50,900,"sd","10:40:26",897600
26800,-50,500,"sd","10:40:26",896700
26800,-50,900,"sd","10:40:26",896200
26800,-50,10000,"sd","10:40:26",895300
26800,-50,800,"sd","10:40:26",885300
26800,-50,1000,"sd","10:40:26",884500
26800,-50,100,"sd","10:40:26",883500
26800,-50,900,"sd","10:40:26",883400
26800,-50,1300,"sd","10:40:26",882500
26800,-50,200,"sd","10:40:26",881200
26800,-50,100,"sd","10:40:26",881000
26800,-50,700,"sd","10:40:26",880900
26800,-50,900,"sd","10:40:26",880200
26800,-50,900,"sd","10:40:26",879300
26800,-50,900,"sd","10:40:26",878400
26800,-50,1000,"sd","10:40:26",877500
26800,-50,800,"sd","10:40:26",876500
26800,-50,900,"sd","10:40:26",875700
26800,-50,700,"sd","10:40:26",874800
26800,-50,900,"sd","10:39:50",874100
26800,-50,900,"sd","10:39:50",873200
26800,-50,600,"sd","10:39:41",872300
26800,-50,500,"sd","10:39:41",871700
26800,-50,900,"sd","10:39:41",871200
26850,0,800,"bu","10:39:36",870300
26850,0,900,"bu","10:39:12",869500
26850,0,1000,"bu","10:38:57",868600
26800,-50,300,"sd","10:38:49",867600
26800,-50,800,"sd","10:38:49",867300
26800,-50,900,"sd","10:38:49",866500
26800,-50,200,"sd","10:38:49",865600
26800,-50,900,"sd","10:38:49",865400
26800,-50,900,"sd","10:38:48",864500
26800,-50,900,"sd","10:38:48",863600
26800,-50,100,"sd","10:38:48",862700
26800,-50,900,"sd","10:38:45",862600
26800,-50,800,"sd","10:38:45",861700
26800,-50,100,"sd","10:38:45",860900
26800,-50,900,"sd","10:38:30",860800
26800,-50,100,"sd","10:38:30",859900
26800,-50,900,"sd","10:38:30",859800
26800,-50,100,"sd","10:38:30",858900
26850,0,200,"bu","10:38:26",858800
26850,0,900,"bu","10:38:23",858600
26850,0,1300,"bu","10:38:00",857700
26850,0,900,"bu","10:37:58",856400
26850,0,600,"bu","10:37:34",855500
26850,0,200,"bu","10:37:34",854900
26850,0,200,"bu","10:37:34",854700
26850,0,900,"bu","10:37:10",854500
26850,0,100,"bu","10:36:59",853600
26850,0,900,"bu","10:36:46",853500
26850,0,100,"bu","10:36:36",852600
26850,0,900,"bu","10:36:21",852500
26850,0,900,"bu","10:35:57",851600
26850,0,1000,"bu","10:35:34",850700
26850,0,800,"bu","10:35:32",849700
26850,0,2000,"bu","10:35:28",848900
26850,0,900,"bu","10:35:08",846900
26850,0,900,"sd","10:34:48",846000
26850,0,900,"sd","10:34:48",845100
26850,0,900,"sd","10:34:48",844200
26850,0,5000,"sd","10:34:48",843300
26850,0,200,"sd","10:34:48",838300
26850,0,800,"sd","10:34:48",838100
26850,0,900,"sd","10:34:48",837300
26850,0,11500,"sd","10:34:48",836400
26850,0,1800,"sd","10:34:24",824900
26850,0,400,"sd","10:33:52",823100
26850,0,10000,"sd","10:33:29",822700
26850,0,1900,"sd","10:33:19",812700
26850,0,1800,"bu","10:32:57",810800
26850,0,1800,"bu","10:32:57",809000
26850,0,2500,"bu","10:32:57",807200
26850,0,200,"bu","10:32:57",804700
26850,0,5000,"bu","10:32:57",804500
26850,0,100,"bu","10:32:57",799500
26850,0,4000,"bu","10:32:57",799400
26850,0,30000,"bu","10:32:57",795400
26850,0,10000,"bu","10:32:57",765400
26850,0,500,"bu","10:32:57",755400
26850,0,1800,"bu","10:32:57",754900
26850,0,13400,"bu","10:32:57",753100
26850,0,1800,"bu","10:32:57",739700
26850,0,500,"bu","10:32:57",737900
26850,0,1000,"bu","10:32:57",737400
26850,0,1600,"bu","10:32:50",736400
26850,0,500,"bu","10:32:50",734800
26850,0,100,"bu","10:32:50",734300
26850,0,1900,"bu","10:32:50",734200
26850,0,1000,"bu","10:32:50",732300
26850,0,1800,"bu","10:32:50",731300
26850,0,3100,"bu","10:32:50",729500
26850,0,900,"bu","10:32:42",726400
26850,0,900,"bu","10:32:18",725500
26850,0,900,"bu","10:31:54",724600
26850,0,800,"bu","10:31:29",723700
26850,0,100,"bu","10:31:15",722900
26850,0,900,"bu","10:31:05",722800
26850,0,800,"bu","10:30:56",721900
26850,0,900,"bu","10:30:40",721100
26850,0,100,"bu","10:30:17",720200
26800,-50,1400,"sd","10:30:03",720100
26800,-50,500,"sd","10:30:03",718700
26800,-50,2500,"sd","10:29:02",718200
26800,-50,900,"sd","10:29:02",715700
26800,-50,1600,"sd","10:29:02",714800
26800,-50,1800,"sd","10:28:58",713200
26800,-50,1300,"sd","10:28:58",711400
26800,-50,500,"sd","10:28:19",710100
26800,-50,1800,"sd","10:27:52",709600
26800,-50,3000,"sd","10:27:48",707800
26800,-50,900,"sd","10:27:48",704800
26800,-50,5000,"sd","10:27:48",703900
26800,-50,100,"sd","10:27:48",698900
26800,-50,400,"sd","10:27:44",698800
26800,-50,900,"sd","10:27:44",698400
26800,-50,500,"sd","10:27:44",697500
26800,-50,400,"sd","10:27:37",697000
26800,-50,300,"sd","10:27:37",696600
26800,-50,300,"sd","10:27:37",696300
26800,-50,500,"sd","10:27:26",696000
26800,-50,500,"sd","10:27:26",695500
26800,-50,300,"sd","10:27:26",695000
26800,-50,200,"sd","10:27:26",694700
26800,-50,100,"sd","10:26:47",694500
26800,-50,100,"sd","10:26:47",694400
26800,-50,1700,"sd","10:26:47",694300
26800,-50,1000,"sd","10:26:39",692600
26800,-50,1300,"sd","10:26:26",691600
26800,-50,1300,"sd","10:26:26",690300
26800,-50,4700,"sd","10:25:58",689000
26800,-50,300,"sd","10:25:58",684300
26800,-50,200,"sd","10:25:42",684000
26800,-50,400,"sd","10:25:42",683800
26800,-50,1200,"sd","10:25:42",683400
26800,-50,100,"sd","10:25:26",682200
26800,-50,100,"sd","10:25:26",682100
26800,-50,1000,"sd","10:25:26",682000
26800,-50,100,"sd","10:25:26",681000
26800,-50,700,"sd","10:25:26",680900
26800,-50,100,"sd","10:25:23",680200
26800,-50,900,"sd","10:25:23",680100
26800,-50,800,"sd","10:25:23",679200
26800,-50,900,"sd","10:25:23",678400
26800,-50,900,"sd","10:25:23",677500
26800,-50,900,"sd","10:25:23",676600
26800,-50,900,"sd","10:25:23",675700
26800,-50,800,"sd","10:25:23",674800
26800,-50,800,"sd","10:25:23",674000
26850,0,500,"bu","10:25:07",673200
26850,0,1000,"bu","10:25:04",672700
26800,-50,100,"sd","10:25:03",671700
26800,-50,900,"sd","10:24:38",671600
26800,-50,200,"sd","10:24:38",670700
26800,-50,900,"sd","10:24:38",670500
26800,-50,1900,"sd","10:24:38",669600
26800,-50,900,"sd","10:24:38",667700
26800,-50,900,"sd","10:24:38",666800
26800,-50,900,"sd","10:24:38",665900
26800,-50,100,"sd","10:24:38",665000
26800,-50,900,"sd","10:24:38",664900
26800,-50,100,"sd","10:24:38",664000
26800,-50,600,"sd","10:24:38",663900
26800,-50,800,"sd","10:24:38",663300
26800,-50,900,"sd","10:24:38",662500
26800,-50,200,"sd","10:24:36",661600
26800,-50,900,"sd","10:24:36",661400
26800,-50,700,"sd","10:24:36",660500
26800,-50,500,"sd","10:24:27",659800
26800,-50,800,"sd","10:24:13",659300
26800,-50,900,"sd","10:24:13",658500
26800,-50,300,"sd","10:24:13",657600
26800,-50,600,"sd","10:23:31",657300
26800,-50,900,"sd","10:23:31",656700
26800,-50,400,"sd","10:23:31",655800
26800,-50,400,"sd","10:22:48",655400
26800,-50,900,"sd","10:22:48",655000
26800,-50,1000,"sd","10:22:47",654100
26800,-50,300,"sd","10:22:47",653100
26800,-50,600,"sd","10:22:46",652800
26800,-50,700,"sd","10:22:46",652200
26800,-50,300,"sd","10:22:46",651500
26800,-50,1000,"sd","10:22:46",651200
26800,-50,900,"sd","10:22:45",650200
26800,-50,400,"sd","10:22:45",649300
26850,0,900,"bu","10:22:33",648900
26850,0,900,"bu","10:22:09",648000
26850,0,900,"bu","10:21:44",647100
26850,0,100,"bu","10:21:37",646200
26850,0,800,"bu","10:21:21",646100
26850,0,600,"bu","10:21:20",645300
26800,-50,100,"sd","10:21:17",644700
26850,0,900,"bu","10:20:56",644600
26850,0,500,"bu","10:20:32",643700
26850,0,900,"bu","10:20:31",643200
26850,0,1000,"bu","10:20:27",642300
26800,-50,500,"sd","10:20:15",641300
26800,-50,1000,"sd","10:20:15",640800
26800,-50,300,"sd","10:20:15",639800
26800,-50,600,"sd","10:19:27",639500
26800,-50,400,"sd","10:19:27",638900
26850,0,800,"bu","10:19:18",638500
26850,0,800,"bu","10:19:02",637700
26850,0,1900,"bu","10:19:02",636900
26850,0,900,"bu","10:18:54",635000
26850,0,100,"bu","10:18:50",634100
26800,-50,600,"sd","10:18:05",634000
26800,-50,800,"sd","10:18:05",633400
26800,-50,400,"sd","10:18:05",632600
26800,-50,600,"sd","10:17:08",632200
26800,-50,700,"sd","10:17:08",631600
26800,-50,200,"sd","10:17:07",630900
26800,-50,900,"sd","10:17:07",630700
26800,-50,200,"sd","10:17:07",629800
26850,0,900,"bu","10:16:52",629600
26850,0,900,"bu","10:16:28",628700
26850,0,1000,"bu","10:16:25",627800
26850,0,6600,"bu","10:16:15",626800
26850,0,100,"bu","10:16:08",620200
26850,0,900,"bu","10:16:03",620100
26850,0,900,"sd","10:15:49",619200
26850,0,800,"sd","10:15:49",618300
26850,0,900,"sd","10:15:49",617500
26850,0,100,"sd","10:15:49",616600
26850,0,900,"sd","10:15:49",616500
26850,0,600,"sd","10:15:49",615600
26850,0,900,"sd","10:15:49",615000
26850,0,900,"sd","10:15:49",614100
26850,0,4500,"sd","10:15:49",613200
26850,0,12300,"sd","10:15:15",608700
26850,0,1800,"sd","10:14:49",596400
26850,0,1400,"bu","10:13:52",594600
26850,0,400,"sd","10:13:44",593200
26850,0,200,"bu","10:13:37",592800
26850,0,300,"bu","10:13:37",592600
26850,0,200,"bu","10:13:33",592300
26850,0,100,"bu","10:13:28",592100
26850,0,300,"bu","10:13:21",592000
26850,0,800,"bu","10:13:13",591700
26850,0,900,"bu","10:12:48",590900
26850,0,900,"sd","10:12:45",590000
26850,0,1000,"sd","10:12:45",589100
26850,0,500,"sd","10:12:45",588100
26850,0,500,"sd","10:12:39",587600
26850,0,900,"sd","10:12:39",587100
26850,0,500,"sd","10:12:39",586200
26850,0,400,"bu","10:11:35",585700
26850,0,100,"sd","10:11:33",585300
26850,0,1000,"sd","10:11:33",585200
26850,0,400,"sd","10:11:33",584200
26850,0,500,"bu","10:11:18",583800
26850,0,100,"bu","10:11:15",583300
26850,0,700,"bu","10:11:11",583200
26850,0,100,"bu","10:11:11",582500
26850,0,2000,"bu","10:11:02",582400
26850,0,2600,"bu","10:11:02",580400
26850,0,400,"bu","10:11:02",577800
26850,0,1000,"bu","10:10:52",577400
26850,0,500,"bu","10:10:47",576400
26850,0,400,"bu","10:10:47",575900
26850,0,1000,"bu","10:10:45",575500
26850,0,600,"bu","10:10:22",574500
26850,0,300,"bu","10:10:22",573900
26850,0,200,"bu","10:10:00",573600
26850,0,900,"bu","10:09:58",573400
26850,0,600,"bu","10:09:45",572500
26850,0,200,"sd","10:09:43",571900
26850,0,700,"bu","10:09:35",571700
26850,0,400,"bu","10:09:24",571000
26800,-50,200,"sd","10:09:23",570600
26800,-50,900,"sd","10:09:23",570400
26800,-50,700,"sd","10:09:23",569500
26800,-50,100,"sd","10:09:12",568800
26850,0,500,"bu","10:09:09",568700
26850,0,300,"bu","10:09:09",568200
26850,0,1000,"bu","10:08:50",567900
26850,0,1900,"bu","10:08:50",566900
26850,0,2100,"bu","10:08:50",565000
26850,0,900,"bu","10:08:45",562900
26850,0,5000,"bu","10:08:39",562000
26850,0,900,"bu","10:08:21",557000
26850,0,1400,"sd","10:08:14",556100
26850,0,500,"sd","10:08:12",554700
26850,0,1900,"bu","10:08:01",554200
26850,0,1300,"bu","10:08:01",552300
26850,0,1800,"bu","10:08:01",551000
26850,0,1900,"bu","10:08:01",549200
26850,0,1200,"bu","10:08:01",547300
26850,0,100,"bu","10:07:56",546100
26850,0,800,"bu","10:07:56",546000
26850,0,1000,"bu","10:07:33",545200
26850,0,1000,"bu","10:07:33",544200
26850,0,900,"bu","10:07:32",543200
26850,0,1300,"bu","10:07:15",542300
26850,0,1900,"bu","10:07:15",541000
26850,0,1800,"bu","10:07:15",539100
26850,0,800,"bu","10:07:07",537300
26850,0,900,"bu","10:06:43",536500
26850,0,1500,"bu","10:06:32",535600
26850,0,1000,"bu","10:06:32",534100
26850,0,200,"bu","10:06:32",533100
26850,0,2300,"bu","10:06:32",532900
26850,0,500,"bu","10:06:27",530600
26850,0,900,"bu","10:06:19",530100
26850,0,100,"bu","10:05:57",529200
26850,0,900,"bu","10:05:55",529100
26850,0,1000,"bu","10:05:34",528200
26850,0,2100,"bu","10:05:34",527200
26850,0,2300,"bu","10:05:34",525100
26850,0,1000,"bu","10:05:34",522800
26850,0,1000,"bu","10:05:34",521800
26850,0,1000,"bu","10:05:34",520800
26850,0,600,"bu","10:05:34",519800
26850,0,900,"bu","10:05:30",519200
26850,0,200,"bu","10:05:09",518300
26850,0,800,"bu","10:05:06",518100
26850,0,2000,"bu","10:04:43",517300
26850,0,900,"bu","10:04:41",515300
26850,0,100,"bu","10:04:39",514400
26850,0,900,"bu","10:04:17",514300
26850,0,900,"bu","10:03:53",513400
26850,0,900,"bu","10:03:28",512500
26850,0,800,"bu","10:03:04",511600
26850,0,900,"bu","10:02:40",510800
26850,0,5000,"bu","10:02:36",509900
26850,0,5100,"bu","10:02:20",504900
26850,0,1200,"bu","10:02:20",499800
26850,0,2000,"bu","10:02:20",498600
26850,0,16000,"bu","10:02:20",496600
26850,0,1900,"bu","10:02:20",480600
26850,0,500,"bu","10:02:20",478700
26850,0,3300,"bu","10:02:20",478200
26850,0,900,"bu","10:02:15",474900
26850,0,900,"bu","10:01:51",474000
26850,0,1800,"bu","10:01:38",473100
26800,-50,600,"sd","10:00:41",471300
26800,-50,900,"sd","10:00:41",470700
26800,-50,300,"sd","10:00:41",469800
26800,-50,1300,"sd","09:59:37",469500
26800,-50,400,"sd","09:59:36",468200
26800,-50,800,"sd","09:59:36",467800
26800,-50,100,"sd","09:59:36",467000
26800,-50,100,"sd","09:59:35",466900
26800,-50,200,"sd","09:59:35",466800
26800,-50,500,"sd","09:59:35",466600
26800,-50,1100,"sd","09:59:35",466100
26800,-50,1800,"sd","09:58:30",465000
26800,-50,100,"sd","09:58:24",463200
26800,-50,200,"sd","09:58:04",463100
26800,-50,1200,"sd","09:57:45",462900
26800,-50,600,"sd","09:57:25",461700
26800,-50,900,"sd","09:57:25",461100
26800,-50,100,"sd","09:57:25",460200
26800,-50,200,"sd","09:57:25",460100
26800,-50,100,"sd","09:57:25",459900
26800,-50,400,"sd","09:57:13",459800
26800,-50,200,"sd","09:57:13",459400
26800,-50,700,"sd","09:57:13",459200
26800,-50,1300,"sd","09:57:13",458500
26800,-50,2600,"sd","09:57:12",457200
26800,-50,1300,"sd","09:57:11",454600
26800,-50,1300,"sd","09:57:10",453300
26800,-50,1800,"sd","09:57:10",452000
26800,-50,200,"sd","09:57:10",450200
26800,-50,600,"sd","09:57:10",450000
26800,-50,200,"sd","09:57:09",449400
26800,-50,500,"sd","09:57:09",449200
26800,-50,600,"sd","09:57:09",448700
26800,-50,400,"sd","09:56:20",448100
26800,-50,900,"sd","09:56:20",447700
26800,-50,600,"sd","09:56:20",446800
26800,-50,200,"sd","09:55:55",446200
26800,-50,100,"sd","09:55:27",446000
26800,-50,400,"sd","09:55:27",445900
26800,-50,4500,"sd","09:55:27",445500
26800,-50,500,"sd","09:55:14",441000
26800,-50,1000,"sd","09:55:14",440500
26800,-50,300,"sd","09:55:14",439500
26800,-50,600,"sd","09:54:09",439200
26800,-50,800,"sd","09:54:09",438600
26800,-50,500,"sd","09:54:09",437800
26800,-50,500,"sd","09:53:25",437300
26800,-50,900,"sd","09:53:25",436800
26800,-50,600,"sd","09:53:25",435900
26800,-50,600,"sd","09:53:19",435300
26800,-50,600,"sd","09:53:13",434700
26800,-50,600,"sd","09:53:05",434100
26800,-50,1900,"sd","09:53:04",433500
26800,-50,600,"sd","09:52:51",431600
26800,-50,600,"sd","09:52:14",431000
26800,-50,600,"sd","09:52:09",430400
26800,-50,1900,"sd","09:51:58",429800
26800,-50,1000,"sd","09:51:35",427900
26800,-50,10000,"sd","09:51:25",426900
26800,-50,1900,"sd","09:50:53",416900
26800,-50,1000,"sd","09:50:06",415000
26800,-50,1900,"sd","09:49:48",414000
26800,-50,2000,"sd","09:49:41",412100
26800,-50,600,"sd","09:48:51",410100
26800,-50,1900,"sd","09:48:43",409500
26800,-50,600,"sd","09:48:40",407600
26850,0,900,"bu","09:48:27",407000
26850,0,900,"bu","09:48:03",406100
26850,0,100,"bu","09:47:59",405200
26800,-50,1900,"sd","09:47:37",405100
26800,-50,600,"sd","09:47:34",403200
26800,-50,600,"sd","09:47:27",402600
26850,0,200,"bu","09:47:22",402000
26800,-50,600,"sd","09:47:20",401800
26800,-50,600,"sd","09:47:17",401200
26850,0,900,"bu","09:47:14",400600
26850,0,300,"bu","09:47:10",399700
26800,-50,600,"sd","09:46:52",399400
26800,-50,1900,"sd","09:46:32",398800
26800,-50,1300,"sd","09:45:59",396900
26850,0,900,"bu","09:45:37",395600
26850,0,500,"bu","09:45:32",394700
26850,0,500,"bu","09:45:14",394200
26800,-50,600,"sd","09:45:02",393700
26800,-50,600,"sd","09:44:26",393100
26800,-50,800,"sd","09:44:22",392500
26800,-50,100,"sd","09:44:22",391700
26800,-50,1000,"sd","09:44:22",391600
26800,-50,500,"sd","09:44:14",390600
26800,-50,100,"sd","09:44:14",390100
26800,-50,100,"sd","09:44:10",390000
26800,-50,500,"sd","09:44:10",389900
26800,-50,400,"sd","09:44:01",389400
26800,-50,200,"sd","09:44:01",389000
26800,-50,1800,"bu","09:43:57",388800
26800,-50,100,"bu","09:43:57",387000
26800,-50,200,"bu","09:43:57",386900
26750,-100,600,"sd","09:43:56",386700
26800,-50,300,"bu","09:43:55",386100
26800,-50,200,"bu","09:43:47",385800
26800,-50,1000,"bu","09:43:46",385600
26800,-50,900,"bu","09:43:35",384600
26800,-50,600,"bu","09:43:29",383700
26800,-50,100,"bu","09:43:21",383100
26800,-50,700,"bu","09:43:20",383000
26800,-50,300,"bu","09:43:20",382300
26800,-50,1000,"bu","09:43:17",382000
26800,-50,600,"bu","09:43:11",381000
26800,-50,300,"bu","09:43:11",380400
26800,-50,100,"bu","09:43:00",380100
26800,-50,100,"bu","09:42:58",380000
26800,-50,100,"bu","09:42:55",379900
26800,-50,100,"bu","09:42:52",379800
26800,-50,800,"bu","09:42:46",379700
26800,-50,100,"bu","09:42:34",378900
26800,-50,1000,"bu","09:42:33",378800
26800,-50,900,"bu","09:42:22",377800
26800,-50,1000,"bu","09:42:16",376900
26800,-50,1000,"bu","09:42:02",375900
26800,-50,500,"bu","09:42:00",374900
26750,-100,600,"sd","09:41:53",374400
26750,-100,600,"sd","09:41:39",373800
26750,-100,1100,"sd","09:41:36",373200
26750,-100,500,"sd","09:41:36",372100
26750,-100,52900,"sd","09:41:36",371600
26750,-100,2000,"sd","09:41:36",318700
26800,-50,500,"sd","09:41:36",316700
26800,-50,900,"sd","09:41:36",316200
26800,-50,200,"sd","09:41:36",315300
26800,-50,2000,"sd","09:41:36",315100
26800,-50,100,"sd","09:41:36",313100
26800,-50,5000,"sd","09:41:36",313000
26800,-50,500,"sd","09:41:36",308000
26800,-50,200,"sd","09:41:36",307500
26800,-50,100,"sd","09:41:36",307300
26800,-50,3000,"sd","09:41:36",307200
26800,-50,100,"sd","09:41:36",304200
26800,-50,200,"sd","09:41:35",304100
26800,-50,200,"sd","09:41:35",303900
26800,-50,200,"sd","09:41:35",303700
26800,-50,300,"sd","09:41:35",303500
26800,-50,300,"sd","09:41:35",303200
26800,-50,1000,"sd","09:41:35",302900
26800,-50,1000,"sd","09:41:35",301900
26800,-50,300,"sd","09:41:35",300900
26800,-50,1000,"sd","09:41:35",300600
26800,-50,500,"sd","09:41:35",299600
26800,-50,200,"sd","09:41:35",299100
26800,-50,500,"sd","09:41:35",298900
26850,0,900,"sd","09:41:35",298400
26850,0,300,"sd","09:41:35",297500
26850,0,4000,"sd","09:41:27",297200
26850,0,600,"sd","09:41:23",293200
26800,-50,1500,"sd","09:41:06",292600
26800,-50,100,"sd","09:41:06",291100
26800,-50,100,"sd","09:41:06",291000
26800,-50,200,"sd","09:41:06",290900
26800,-50,100,"sd","09:41:05",290700
26850,0,500,"sd","09:41:05",290600
26850,0,600,"sd","09:40:59",290100
26850,0,200,"sd","09:40:49",289500
26850,0,400,"sd","09:40:49",289300
26850,0,100,"sd","09:40:44",288900
26850,0,500,"sd","09:40:44",288800
26850,0,100,"sd","09:40:41",288300
26850,0,500,"sd","09:40:39",288200
26850,0,1400,"bu","09:40:37",287700
26850,0,500,"bu","09:40:37",286300
26850,0,400,"bu","09:40:33",285800
26850,0,900,"bu","09:40:21",285400
26850,0,500,"bu","09:40:14",284500
26850,0,100,"bu","09:40:07",284000
26850,0,300,"bu","09:40:06",283900
26850,0,2000,"sd","09:40:01",283600
26850,0,5000,"sd","09:40:01",281600
26850,0,400,"sd","09:40:01",276600
26850,0,4000,"sd","09:40:01",276200
26850,0,100,"sd","09:40:01",272200
26850,0,100,"sd","09:40:01",272100
26850,0,300,"sd","09:40:01",272000
26850,0,10000,"sd","09:40:01",271700
26850,0,1000,"sd","09:40:01",261700
26850,0,100,"sd","09:40:01",260700
26850,0,3600,"sd","09:40:01",260600
26850,0,2300,"sd","09:40:01",257000
26850,0,1000,"sd","09:40:01",254700
26850,0,200,"sd","09:40:01",253700
26850,0,7200,"sd","09:40:01",253500
26900,50,500,"bu","09:39:56",246300
26900,50,400,"bu","09:39:56",245800
26900,50,1000,"bu","09:39:42",245400
26900,50,900,"bu","09:39:31",244400
26900,50,200,"bu","09:39:16",243500
26900,50,4800,"bu","09:39:16",243300
26850,0,1200,"sd","09:39:13",238500
26850,0,2800,"sd","09:39:13",237300
26900,50,900,"bu","09:39:07",234500
26900,50,2000,"bu","09:38:50",233600
26900,50,800,"bu","09:38:43",231600
26900,50,5000,"bu","09:38:34",230800
26900,50,900,"bu","09:38:18",225800
26900,50,900,"bu","09:37:54",224900
26900,50,900,"bu","09:37:30",224000
26900,50,900,"bu","09:37:05",223100
26900,50,800,"bu","09:36:41",222200
26900,50,900,"bu","09:36:16",221400
26900,50,900,"bu","09:35:52",220500
26900,50,900,"bu","09:35:28",219600
26900,50,900,"bu","09:35:03",218700
26900,50,800,"bu","09:34:39",217800
26900,50,2600,"bu","09:34:38",217000
26850,0,1900,"sd","09:34:34",214400
26850,0,900,"sd","09:34:33",212500
26850,0,100,"sd","09:34:33",211600
26900,50,200,"bu","09:34:18",211500
26900,50,900,"bu","09:34:15",211300
26900,50,100,"bu","09:34:00",210400
26900,50,900,"bu","09:33:51",210300
26900,50,900,"bu","09:33:26",209400
26900,50,5000,"bu","09:33:24",208500
26900,50,2000,"bu","09:33:21",203500
26900,50,2000,"bu","09:32:51",201500
26900,50,2000,"bu","09:32:44",199500
26900,50,10000,"bu","09:32:23",197500
26900,50,1100,"bu","09:32:11",187500
26900,50,2000,"bu","09:32:11",186400
26900,50,1900,"bu","09:32:11",184400
26900,50,100,"bu","09:31:51",182500
26850,0,100,"sd","09:31:43",182400
26850,0,6800,"sd","09:31:30",182300
26850,0,100,"sd","09:31:30",175500
26850,0,5000,"sd","09:31:30",175400
26850,0,100,"sd","09:31:30",170400
26850,0,4000,"sd","09:31:30",170300
26850,0,1900,"sd","09:31:18",166300
26850,0,1900,"bu","09:30:52",164400
26850,0,500,"bu","09:30:52",162500
26850,0,1900,"bu","09:30:52",162000
26850,0,9800,"bu","09:30:52",160100
26850,0,200,"bu","09:30:47",150300
26850,0,10000,"bu","09:30:36",150100
26850,0,1000,"bu","09:30:15",140100
26850,0,1000,"bu","09:30:04",139100
26850,0,100,"bu","09:29:58",138100
26850,0,2500,"bu","09:29:17",138000
26850,0,500,"bu","09:29:08",135500
26850,0,3000,"bu","09:28:23",135000
26850,0,100,"bu","09:28:23",132000
26850,0,3500,"bu","09:28:23",131900
26850,0,100,"bu","09:28:23",128400
26850,0,900,"bu","09:28:23",128300
26850,0,100,"sd","09:28:23",127400
26850,0,1000,"sd","09:28:23",127300
26850,0,100,"sd","09:28:23",126300
26850,0,100,"sd","09:28:23",126200
26850,0,400,"sd","09:28:23",126100
26850,0,300,"sd","09:28:23",125700
26850,0,600,"sd","09:28:23",125400
26900,50,200,"sd","09:28:23",124800
26900,50,2600,"sd","09:28:23",124600
26900,50,2000,"sd","09:28:23",122000
26900,50,100,"sd","09:28:23",120000
26900,50,2600,"sd","09:28:23",119900
26900,50,200,"sd","09:28:23",117300
26900,50,500,"sd","09:28:23",117100
26900,50,3900,"sd","09:28:23",116600
26900,50,300,"sd","09:28:23",112700
26900,50,1000,"sd","09:28:23",112400
26900,50,1300,"sd","09:28:23",111400
26900,50,100,"sd","09:28:21",110100
26900,50,1200,"sd","09:28:03",110000
26900,50,700,"sd","09:28:03",108800
26900,50,300,"sd","09:27:55",108100
26900,50,1000,"sd","09:27:55",107800
26900,50,200,"sd","09:27:55",106800
26900,50,400,"sd","09:27:55",106600
26900,50,1100,"sd","09:27:55",106200
26900,50,2000,"sd","09:27:55",105100
26900,50,300,"sd","09:27:53",103100
26900,50,4000,"sd","09:27:51",102800
26900,50,200,"sd","09:27:41",98800
26900,50,100,"sd","09:27:37",98600
26900,50,2300,"sd","09:27:18",98500
26900,50,2700,"sd","09:27:18",96200
26950,100,3700,"bu","09:26:21",93500
26950,100,1300,"bu","09:26:21",89800
26900,50,300,"sd","09:26:01",88500
26900,50,200,"sd","09:25:53",88200
26900,50,1900,"sd","09:25:52",88000
26900,50,200,"sd","09:25:34",86100
26900,50,1000,"sd","09:25:13",85900
26900,50,1200,"sd","09:24:47",84900
26900,50,700,"sd","09:24:47",83700
26900,50,1000,"sd","09:24:46",83000
26900,50,1900,"sd","09:23:42",82000
26900,50,400,"sd","09:23:40",80100
26900,50,600,"sd","09:23:40",79700
26900,50,100,"sd","09:23:29",79100
26950,100,700,"bu","09:23:24",79000
26950,100,300,"bu","09:23:24",78300
26900,50,200,"sd","09:23:13",78000
26900,50,1100,"sd","09:22:53",77800
26900,50,300,"sd","09:22:53",76700
26900,50,600,"sd","09:22:53",76400
26900,50,100,"sd","09:22:43",75800
26950,100,100,"bu","09:22:24",75700
26900,50,500,"sd","09:21:41",75600
26900,50,800,"sd","09:21:31",75100
26900,50,1200,"sd","09:21:31",74300
26900,50,1800,"sd","09:20:59",73100
26900,50,300,"sd","09:20:53",71300
26900,50,200,"sd","09:20:53",71000
26900,50,3000,"sd","09:20:53",70800
26900,50,1000,"sd","09:20:53",67800
26900,50,100,"sd","09:20:53",66800
26900,50,3500,"sd","09:20:53",66700
26900,50,100,"sd","09:20:53",63200
26900,50,2000,"sd","09:20:50",63100
26950,100,500,"bu","09:20:06",61100
26950,100,500,"bu","09:19:23",60600
26900,50,1000,"sd","09:19:14",60100
26900,50,3000,"sd","09:19:06",59100
26900,50,3000,"sd","09:19:06",56100
26900,50,300,"sd","09:19:06",53100
26900,50,500,"sd","09:19:06",52800
26900,50,2000,"sd","09:19:06",52300
26900,50,300,"sd","09:19:06",50300
26900,50,300,"sd","09:19:06",50000
26900,50,600,"sd","09:19:06",49700
26900,50,100,"sd","09:18:41",49100
26900,50,1000,"sd","09:18:06",49000
26900,50,100,"sd","09:18:03",48000
26950,100,1000,"bu","09:18:03",47900
26900,50,800,"sd","09:17:34",46900
26900,50,200,"sd","09:17:33",46100
26900,50,1000,"sd","09:17:22",45900
26900,50,400,"sd","09:17:20",44900
26900,50,1200,"sd","09:17:20",44500
26900,50,1000,"sd","09:17:20",43300
26900,50,1000,"sd","09:17:20",42300
26900,50,500,"sd","09:17:20",41300
26900,50,100,"sd","09:17:20",40800
26900,50,900,"sd","09:17:20",40700
26900,50,500,"sd","09:17:20",39800
26900,50,4400,"sd","09:17:20",39300
26900,50,3100,"sd","09:17:13",34900
26900,50,500,"sd","09:15:55",31800
26900,50,1000,"sd","09:15:52",31300
26900,50,30300,"bu","09:15:00",30300
