"price","change","match_qtty","side","time","total_vol"
19350,0,24100,"unknown","14:45:00",335700
19200,-150,300,"bu","14:29:34",311600
19200,-150,200,"bu","14:29:18",311300
19200,-150,300,"bu","14:29:18",311100
19200,-150,500,"bu","14:29:18",310800
19150,-200,500,"sd","14:28:31",310300
19200,-150,200,"sd","14:28:26",309800
19200,-150,1000,"bu","14:28:18",309600
19200,-150,4800,"bu","14:28:18",308600
19200,-150,100,"bu","14:28:18",303800
19200,-150,500,"bu","14:28:12",303700
19200,-150,500,"bu","14:27:42",303200
19150,-200,4100,"sd","14:26:37",302700
19200,-150,100,"bu","14:25:41",298600
19200,-150,100,"bu","14:24:34",298500
19250,-100,100,"sd","14:20:42",298400
19250,-100,500,"sd","14:20:18",298300
19250,-100,400,"sd","14:19:56",297800
19250,-100,600,"sd","14:19:56",297400
19250,-100,1500,"sd","14:18:10",296800
19300,-50,400,"bu","14:17:37",295300
19300,-50,600,"bu","14:17:37",294900
19250,-100,2000,"sd","14:17:08",294300
19250,-100,500,"bu","14:16:50",292300
19250,-100,200,"bu","14:16:50",291800
19200,-150,1500,"bu","14:16:50",291600
19200,-150,700,"bu","14:16:50",290100
19200,-150,100,"bu","14:14:20",289400
19200,-150,400,"bu","14:14:17",289300
19200,-150,1000,"bu","14:13:20",288900
19100,-250,100,"sd","14:10:50",287900
19100,-250,2000,"bu","14:10:09",287800
19100,-250,1000,"unknown","14:10:03",285800
19100,-250,2000,"sd","14:10:03",284800
19100,-250,300,"sd","14:10:03",282800
19100,-250,4700,"sd","14:10:03",282500
19100,-250,800,"sd","14:09:57",277800
19100,-250,200,"sd","14:09:57",277000
19100,-250,500,"bu","14:09:20",276800
19100,-250,4300,"bu","14:09:20",276300
19100,-250,500,"bu","14:08:32",272000
19100,-250,500,"sd","14:08:06",271500
19100,-250,300,"sd","14:08:06",271000
19100,-250,1000,"sd","14:08:06",270700
19100,-250,1000,"sd","14:08:06",269700
19100,-250,300,"sd","14:08:06",268700
19100,-250,700,"sd","14:07:07",268400
19100,-250,3300,"sd","14:07:07",267700
19100,-250,6700,"sd","14:07:06",264400
19100,-250,800,"sd","14:07:06",257700
19150,-200,100,"sd","14:07:06",256900
19150,-200,100,"sd","14:07:06",256800
19150,-200,1400,"sd","14:07:06",256700
19150,-200,1000,"sd","14:07:06",255300
19150,-200,300,"sd","14:07:06",254300
19150,-200,1000,"sd","14:07:06",254000
19150,-200,100,"sd","14:07:06",253000
19150,-200,400,"sd","14:07:06",252900
19200,-150,200,"sd","14:03:25",252500
19200,-150,400,"sd","14:02:39",252300
19200,-150,400,"bu","14:01:12",251900
19200,-150,100,"sd","14:01:05",251500
19200,-150,100,"bu","14:00:31",251400
19200,-150,500,"bu","14:00:10",251300
19200,-150,1500,"bu","14:00:10",250800
19150,-200,100,"sd","14:00:04",249300
19150,-200,500,"sd","14:00:04",249200
19150,-200,100,"sd","14:00:04",248700
19150,-200,100,"sd","14:00:04",248600
19150,-200,1000,"sd","14:00:04",248500
19150,-200,2500,"sd","14:00:04",247500
19150,-200,100,"sd","14:00:04",245000
19150,-200,600,"sd","14:00:04",244900
19200,-150,200,"sd","13:59:37",244300
19200,-150,100,"sd","13:58:44",244100
19200,-150,1800,"bu","13:58:40",244000
19200,-150,400,"bu","13:58:40",242200
19200,-150,100,"sd","13:58:09",241800
19200,-150,500,"sd","13:58:09",241700
19200,-150,1000,"sd","13:57:30",241200
19200,-150,500,"sd","13:57:30",240200
19200,-150,500,"sd","13:57:17",239700
19200,-150,900,"sd","13:57:17",239200
19200,-150,600,"sd","13:57:17",238300
19200,-150,400,"sd","13:56:28",237700
19200,-150,3600,"sd","13:56:28",237300
19200,-150,500,"sd","13:56:23",233700
19250,-100,100,"bu","13:55:51",233200
19250,-100,100,"bu","13:55:18",233100
19250,-100,100,"bu","13:54:44",233000
19250,-100,700,"bu","13:54:30",232900
19200,-150,2000,"sd","13:54:15",232200
19200,-150,2000,"sd","13:54:13",230200
19200,-150,1900,"sd","13:53:05",228200
19200,-150,300,"sd","13:53:05",226300
19200,-150,800,"sd","13:53:05",226000
19200,-150,1800,"bu","13:52:27",225200
19200,-150,200,"sd","13:52:00",223400
19150,-200,2400,"sd","13:51:10",223200
19150,-200,100,"sd","13:51:10",220800
19200,-150,400,"sd","13:51:10",220700
19200,-150,600,"sd","13:49:12",220300
19200,-150,900,"sd","13:49:12",219700
19200,-150,1000,"sd","13:48:37",218800
19200,-150,100,"bu","13:48:23",217800
19200,-150,1400,"sd","13:48:12",217700
19200,-150,500,"sd","13:48:12",216300
19200,-150,1000,"sd","13:48:12",215800
19200,-150,2100,"sd","13:47:34",214800
19200,-150,200,"sd","13:47:34",212700
19200,-150,100,"sd","13:47:34",212500
19200,-150,600,"sd","13:47:34",212400
19200,-150,100,"bu","13:43:24",211800
19200,-150,300,"sd","13:43:16",211700
19200,-150,3600,"sd","13:43:16",211400
19200,-150,400,"sd","13:42:57",207800
19200,-150,100,"sd","13:42:57",207400
19200,-150,500,"sd","13:42:57",207300
19200,-150,600,"sd","13:41:50",206800
19200,-150,400,"sd","13:40:46",206200
19200,-150,200,"sd","13:40:46",205800
19200,-150,900,"sd","13:40:46",205600
19200,-150,100,"sd","13:39:42",204700
19150,-200,400,"sd","13:37:19",204600
19150,-200,200,"sd","13:37:19",204200
19200,-150,7400,"bu","13:37:14",204000
19200,-150,1000,"sd","13:36:51",196600
19200,-150,300,"sd","13:36:51",195600
19200,-150,1000,"sd","13:36:51",195300
19200,-150,1000,"sd","13:36:51",194300
19200,-150,800,"sd","13:36:51",193300
19200,-150,500,"sd","13:36:34",192500
19200,-150,400,"sd","13:36:34",192000
19200,-150,100,"sd","13:36:34",191600
19200,-150,100,"sd","13:36:34",191500
19200,-150,1000,"sd","13:36:34",191400
19200,-150,100,"sd","13:36:34",190400
19200,-150,200,"sd","13:36:34",190300
19200,-150,1000,"sd","13:36:34",190100
19200,-150,100,"sd","13:36:34",189100
19200,-150,1500,"sd","13:36:34",189000
19200,-150,100,"sd","13:34:41",187500
19250,-100,500,"sd","13:34:19",187400
19250,-100,1200,"sd","13:34:06",186900
19250,-100,1800,"sd","13:34:06",185700
19250,-100,1000,"sd","13:33:34",183900
19250,-100,1000,"sd","13:33:34",182900
19250,-100,100,"sd","13:33:34",181900
19250,-100,900,"sd","13:33:34",181800
19300,-50,200,"bu","13:33:13",180900
19300,-50,100,"bu","13:32:41",180700
19300,-50,100,"sd","13:32:40",180600
19350,0,200,"bu","13:32:03",180500
19350,0,900,"bu","13:29:05",180300
19350,0,200,"bu","13:29:05",179400
19350,0,500,"bu","13:29:05",179200
19300,-50,1900,"sd","13:27:31",178700
19300,-50,100,"sd","13:27:31",176800
19300,-50,1400,"sd","13:26:58",176700
19300,-50,600,"sd","13:26:58",175300
19300,-50,1700,"sd","13:25:28",174700
19300,-50,200,"sd","13:25:28",173000
19300,-50,100,"sd","13:25:28",172800
19350,0,2100,"bu","13:22:04",172700
19350,0,100,"bu","13:20:48",170600
19300,-50,1000,"bu","13:18:24",170500
19300,-50,1000,"bu","13:18:04",169500
19250,-100,700,"bu","13:16:37",168500
19250,-100,800,"bu","13:16:35",167800
19250,-100,300,"bu","13:15:59",167000
19250,-100,200,"bu","13:14:56",166700
19300,-50,4000,"bu","13:14:50",166500
19300,-50,1000,"bu","13:14:50",162500
19250,-100,1100,"bu","13:14:26",161500
19250,-100,700,"bu","13:14:26",160400
19200,-150,4000,"sd","13:13:44",159700
19200,-150,1000,"sd","13:13:28",155700
19200,-150,400,"sd","13:12:25",154700
19200,-150,3000,"sd","13:12:23",154300
19250,-100,100,"bu","13:12:07",151300
19250,-100,200,"sd","13:11:49",151200
19250,-100,1800,"sd","13:11:08",151000
19250,-100,200,"sd","13:11:08",149200
19250,-100,800,"sd","13:09:48",149000
19250,-100,200,"sd","13:09:48",148200
19250,-100,1500,"sd","13:08:55",148000
19250,-100,1000,"sd","13:08:55",146500
19250,-100,100,"sd","13:08:55",145500
19250,-100,100,"sd","13:08:55",145400
19250,-100,300,"sd","13:08:55",145300
19250,-100,600,"sd","13:08:40",145000
19350,0,100,"bu","13:07:19",144400
19250,-100,600,"sd","13:07:00",144300
19250,-100,500,"sd","13:07:00",143700
19250,-100,900,"sd","13:07:00",143200
19250,-100,100,"sd","13:05:02",142300
19250,-100,500,"sd","13:04:37",142200
19250,-100,200,"sd","13:04:37",141700
19250,-100,1100,"sd","13:04:37",141500
19250,-100,300,"sd","13:03:09",140400
19250,-100,600,"sd","13:02:56",140100
19250,-100,800,"sd","13:02:56",139500
19250,-100,1000,"sd","13:02:56",138700
19250,-100,2400,"sd","13:02:56",137700
19250,-100,1600,"sd","13:02:56",135300
19300,-50,500,"sd","13:02:05",133700
19300,-50,500,"sd","13:02:05",133200
19300,-50,200,"sd","13:02:05",132700
19350,0,100,"bu","13:00:23",132500
19300,-50,100,"sd","13:00:05",132400
19300,-50,200,"sd","13:00:00",132300
19300,-50,500,"sd","13:00:00",132100
19300,-50,300,"sd","13:00:00",131600
19350,0,100,"sd","11:22:49",131300
19350,0,800,"sd","11:22:24",131200
19350,0,2000,"sd","11:22:17",130400
19350,0,1000,"bu","11:22:00",128400
19350,0,200,"bu","11:22:00",127400
19350,0,1000,"bu","11:22:00",127200
19300,-50,1700,"sd","11:20:49",126200
19300,-50,300,"sd","11:20:49",124500
19300,-50,700,"bu","11:13:56",124200
19250,-100,400,"sd","11:12:39",123500
19250,-100,700,"sd","11:12:39",123100
19250,-100,900,"sd","11:12:39",122400
19250,-100,100,"sd","11:11:29",121500
19250,-100,1000,"sd","11:11:29",121400
19250,-100,500,"sd","11:11:29",120400
19300,-50,600,"bu","11:09:34",119900
19300,-50,1700,"bu","11:09:24",119300
19300,-50,300,"bu","11:09:24",117600
19300,-50,100,"bu","11:08:33",117300
19300,-50,400,"bu","11:07:51",117200
19300,-50,300,"bu","11:05:49",116800
19300,-50,300,"sd","11:05:18",116500
19300,-50,1800,"sd","11:05:18",116200
19300,-50,3200,"sd","11:04:58",114400
19300,-50,500,"sd","11:04:58",111200
19300,-50,200,"sd","11:04:58",110700
19300,-50,1800,"sd","11:04:58",110500
19300,-50,2300,"sd","11:04:58",108700
19300,-50,200,"sd","11:04:58",106400
19300,-50,500,"sd","11:04:58",106200
19300,-50,600,"sd","11:04:58",105700
19350,0,700,"sd","11:04:58",105100
19350,0,100,"bu","11:04:45",104400
19350,0,200,"bu","11:04:45",104300
19350,0,500,"bu","10:59:52",104100
19350,0,100,"sd","10:51:31",103600
19350,0,1000,"sd","10:47:20",103500
19350,0,800,"bu","10:47:07",102500
19350,0,100,"bu","10:47:07",101700
19350,0,1000,"sd","10:45:04",101600
19350,0,1000,"sd","10:45:04",100600
19350,0,1000,"sd","10:43:14",99600
19400,50,1300,"bu","10:42:26",98600
19400,50,300,"bu","10:42:26",97300
19350,0,1200,"bu","10:42:26",97000
19350,0,1000,"bu","10:39:40",95800
19350,0,100,"sd","10:36:23",94800
19350,0,900,"sd","10:36:23",94700
19350,0,100,"sd","10:32:32",93800
19350,0,100,"sd","10:32:32",93700
19350,0,100,"sd","10:30:57",93600
19350,0,100,"sd","10:23:53",93500
19400,50,100,"bu","10:21:48",93400
19400,50,800,"bu","10:21:05",93300
19350,0,1200,"bu","10:21:04",92500
19300,-50,400,"sd","10:20:11",91300
19300,-50,5000,"sd","10:20:11",90900
19350,0,700,"sd","10:20:11",85900
19350,0,300,"sd","10:20:11",85200
19350,0,500,"sd","10:17:25",84900
19350,0,1000,"sd","10:17:24",84400
19350,0,600,"sd","10:16:35",83400
19350,0,700,"bu","10:15:41",82800
19350,0,2000,"bu","10:14:56",82100
19350,0,100,"sd","10:14:10",80100
19350,0,200,"sd","10:14:10",80000
19350,0,800,"sd","10:13:13",79800
19350,0,1200,"sd","10:13:13",79000
19400,50,500,"bu","10:13:11",77800
19350,0,4500,"sd","10:12:57",77300
19400,50,100,"bu","10:12:44",72800
19350,0,4300,"sd","10:12:09",72700
19350,0,400,"sd","10:12:09",68400
19400,50,500,"bu","10:11:48",68000
19350,0,600,"sd","10:07:24",67500
19350,0,500,"sd","10:07:24",66900
19400,50,1000,"bu","10:06:19",66400
19400,50,1000,"bu","10:06:19",65400
19350,0,400,"sd","10:06:15",64400
19350,0,800,"sd","10:06:15",64000
19350,0,1200,"sd","10:05:31",63200
19350,0,800,"sd","10:05:31",62000
19350,0,1000,"bu","10:04:51",61200
19350,0,2000,"bu","10:04:20",60200
19350,0,500,"sd","10:03:56",58200
19350,0,1600,"sd","09:59:49",57700
19350,0,100,"sd","09:59:49",56100
19350,0,300,"sd","09:59:49",56000
19350,0,600,"sd","09:59:30",55700
19350,0,100,"sd","09:58:48",55100
19350,0,200,"sd","09:58:48",55000
19350,0,5000,"sd","09:58:48",54800
19350,0,400,"sd","09:58:48",49800
19400,50,1200,"bu","09:58:01",49400
19350,0,3000,"sd","09:57:00",48200
19350,0,100,"sd","09:56:59",45200
19350,0,100,"sd","09:56:51",45100
19350,0,1400,"sd","09:54:57",45000
19350,0,200,"sd","09:54:57",43600
19350,0,500,"sd","09:54:57",43400
19350,0,200,"sd","09:54:57",42900
19350,0,200,"sd","09:54:57",42700
19400,50,500,"sd","09:54:34",42500
19400,50,1000,"sd","09:54:22",42000
19400,50,500,"sd","09:52:38",41000
19400,50,500,"bu","09:52:26",40500
19400,50,200,"bu","09:52:17",40000
19400,50,300,"sd","09:51:41",39800
19400,50,200,"sd","09:51:29",39500
19400,50,1100,"sd","09:50:59",39300
19400,50,900,"sd","09:50:59",38200
19450,100,400,"bu","09:48:24",37300
19450,100,400,"bu","09:48:21",36900
19450,100,200,"bu","09:48:09",36500
19450,100,200,"bu","09:48:00",36300
19450,100,100,"bu","09:47:48",36100
19450,100,1400,"sd","09:47:45",36000
19450,100,2500,"sd","09:47:30",34600
19450,100,100,"bu","09:47:15",32100
19450,100,1000,"bu","09:47:06",32000
19450,100,100,"bu","09:45:17",31000
19400,50,100,"sd","09:45:01",30900
19450,100,200,"bu","09:44:44",30800
19500,150,1200,"bu","09:42:40",30600
19450,100,1100,"sd","09:42:33",29400
19450,100,3700,"sd","09:41:47",28300
19450,100,100,"sd","09:41:47",24600
19450,100,200,"sd","09:41:47",24500
19500,150,500,"bu","09:40:13",24300
19450,100,300,"sd","09:37:38",23800
19500,150,600,"bu","09:37:35",23500
19500,150,1200,"bu","09:37:35",22900
19450,100,100,"sd","09:34:26",21700
19450,100,1000,"sd","09:33:25",21600
19450,100,4000,"sd","09:33:25",20600
19500,150,1000,"bu","09:32:11",16600
19450,100,1000,"sd","09:29:00",15600
19500,150,1000,"bu","09:28:35",14600
19500,150,100,"bu","09:27:55",13600
19500,150,100,"bu","09:27:43",13500
19500,150,200,"bu","09:27:27",13400
19500,150,500,"sd","09:26:24",13200
19500,150,100,"sd","09:26:24",12700
19550,200,200,"bu","09:25:57",12600
19550,200,300,"bu","09:25:51",12400
19500,150,500,"sd","09:24:58",12100
19500,150,4400,"bu","09:24:09",11600
19500,150,500,"bu","09:22:16",7200
19500,150,100,"bu","09:21:34",6700
19500,150,1000,"bu","09:19:25",6600
19500,150,400,"bu","09:19:25",5600
19500,150,2000,"bu","09:19:25",5200
19450,100,100,"bu","09:19:25",3200
19450,100,300,"bu","09:19:25",3100
19400,50,200,"bu","09:19:25",2800
19400,50,100,"bu","09:16:47",2600
19400,50,2500,"bu","09:15:00",2500
