"price","change","match_qtty","side","time","total_vol"
9090,40,3400,"unknown","14:44:59",1058400
9090,40,1000,"bu","14:29:56",1055000
9070,20,400,"sd","14:28:29",1054000
9070,20,2000,"sd","14:28:29",1053600
9070,20,100,"sd","14:28:29",1051600
9080,30,1000,"sd","14:28:14",1051500
9080,30,500,"sd","14:28:14",1050500
9080,30,200,"sd","14:28:14",1050000
9090,40,200,"sd","14:27:47",1049800
9090,40,100,"sd","14:27:47",1049600
9090,40,100,"sd","14:27:47",1049500
9090,40,100,"sd","14:27:47",1049400
9090,40,300,"sd","14:27:47",1049300
9100,50,1000,"bu","14:27:44",1049000
9090,40,100,"sd","14:27:34",1048000
9090,40,500,"sd","14:27:34",1047900
9090,40,300,"sd","14:27:34",1047400
9090,40,900,"sd","14:27:34",1047100
9090,40,1200,"sd","14:27:34",1046200
9100,50,200,"sd","14:27:27",1045000
9100,50,400,"bu","14:26:46",1044800
9100,50,400,"bu","14:26:46",1044400
9100,50,100,"sd","14:26:38",1044000
9100,50,100,"sd","14:26:38",1043900
9100,50,100,"sd","14:25:54",1043800
9110,60,5100,"bu","14:25:30",1043700
9110,60,1000,"bu","14:25:30",1038600
9110,60,100,"bu","14:25:30",1037600
9100,50,1800,"bu","14:25:03",1037500
9100,50,1200,"sd","14:24:50",1035700
9100,50,300,"bu","14:24:47",1034500
9100,50,500,"bu","14:24:47",1034200
9100,50,1000,"bu","14:23:59",1033700
9100,50,300,"bu","14:23:39",1032700
9100,50,500,"sd","14:23:07",1032400
9100,50,500,"sd","14:23:07",1031900
9100,50,200,"sd","14:23:07",1031400
9100,50,100,"sd","14:23:07",1031200
9100,50,100,"sd","14:22:52",1031100
9100,50,1000,"sd","14:21:55",1031000
9100,50,18800,"sd","14:20:30",1030000
9100,50,1000,"sd","14:20:30",1011200
9100,50,200,"sd","14:20:30",1010200
9100,50,200,"sd","14:20:03",1010000
9100,50,600,"bu","14:18:56",1009800
9100,50,500,"bu","14:18:56",1009200
9100,50,2000,"bu","14:18:53",1008700
9100,50,1000,"bu","14:18:34",1006700
9100,50,1100,"bu","14:17:49",1005700
9100,50,300,"sd","14:17:38",1004600
9100,50,200,"sd","14:17:38",1004300
9100,50,100,"sd","14:17:09",1004100
9100,50,4700,"sd","14:17:04",1004000
9100,50,300,"sd","14:17:04",999300
9100,50,200,"sd","14:16:03",999000
9100,50,200,"sd","14:16:03",998800
9100,50,300,"sd","14:15:51",998600
9100,50,3000,"sd","14:15:30",998300
9100,50,1500,"sd","14:14:58",995300
9100,50,1100,"sd","14:14:58",993800
9100,50,900,"sd","14:14:48",992700
9100,50,1000,"sd","14:13:27",991800
9100,50,2200,"sd","14:13:05",990800
9100,50,400,"sd","14:11:42",988600
9100,50,4100,"sd","14:11:42",988200
9110,60,500,"bu","14:10:46",984100
9100,50,500,"sd","14:10:24",983600
9100,50,100,"sd","14:10:24",983100
9100,50,400,"sd","14:10:24",983000
9100,50,600,"sd","14:08:44",982600
9100,50,400,"sd","14:08:44",982000
9100,50,400,"bu","14:08:23",981600
9100,50,100,"bu","14:08:06",981200
9100,50,200,"bu","14:08:04",981100
9100,50,5000,"bu","14:07:53",980900
9100,50,3300,"sd","14:06:40",975900
9100,50,1000,"bu","14:06:32",972600
9100,50,700,"bu","14:06:32",971600
9090,40,400,"bu","14:02:06",970900
9090,40,400,"bu","14:02:06",970500
9090,40,200,"sd","14:00:07",970100
9090,40,100,"sd","14:00:07",969900
9090,40,300,"sd","14:00:07",969800
9090,40,100,"sd","14:00:07",969500
9090,40,500,"sd","14:00:07",969400
9090,40,5000,"sd","14:00:07",968900
9090,40,2900,"sd","14:00:07",963900
9100,50,500,"sd","14:00:07",961000
9100,50,1000,"bu","14:00:03",960500
9100,50,1500,"bu","14:00:03",959500
9100,50,1500,"bu","13:59:55",958000
9100,50,100,"bu","13:59:55",956500
9100,50,400,"bu","13:59:55",956400
9090,40,2900,"sd","13:59:30",956000
9090,40,3000,"sd","13:59:22",953100
9090,40,1200,"sd","13:58:30",950100
9100,50,100,"sd","13:58:15",948900
9100,50,1500,"sd","13:58:15",948800
9100,50,1000,"sd","13:58:15",947300
9110,60,200,"bu","13:56:47",946300
9110,60,200,"bu","13:56:20",946100
9100,50,1000,"bu","13:56:07",945900
9100,50,2000,"sd","13:54:41",944900
9100,50,500,"sd","13:53:27",942900
9100,50,300,"sd","13:53:27",942400
9100,50,1000,"sd","13:53:27",942100
9100,50,500,"sd","13:53:27",941100
9100,50,700,"sd","13:53:27",940600
9100,50,400,"sd","13:53:03",939900
9100,50,2000,"sd","13:53:03",939500
9100,50,2000,"sd","13:53:03",937500
9100,50,4000,"sd","13:53:03",935500
9100,50,100,"sd","13:53:03",931500
9110,60,2000,"sd","13:51:24",931400
9110,60,1000,"sd","13:51:24",929400
9110,60,100,"sd","13:51:24",928400
9110,60,500,"sd","13:51:24",928300
9110,60,100,"sd","13:51:24",927800
9110,60,300,"sd","13:51:24",927700
9110,60,500,"sd","13:51:24",927400
9110,60,1000,"sd","13:51:24",926900
9110,60,8500,"sd","13:51:24",925900
9120,70,200,"bu","13:50:09",917400
9120,70,900,"bu","13:49:19",917200
9110,60,100,"sd","13:46:47",916300
9120,70,2000,"sd","13:46:46",916200
9120,70,2400,"sd","13:46:46",914200
9120,70,300,"sd","13:46:46",911800
9120,70,3000,"sd","13:46:46",911500
9120,70,200,"sd","13:46:46",908500
9120,70,2000,"sd","13:44:51",908300
9120,70,7800,"bu","13:42:08",906300
9120,70,1000,"sd","13:41:53",898500
9120,70,1200,"sd","13:41:53",897500
9120,70,1900,"sd","13:41:04",896300
9120,70,6900,"sd","13:40:25",894400
9120,70,500,"sd","13:40:25",887500
9120,70,400,"sd","13:40:25",887000
9120,70,2200,"sd","13:40:25",886600
9120,70,1000,"sd","13:39:03",884400
9140,90,100,"bu","13:38:57",883400
9130,80,100,"bu","13:38:52",883300
9120,70,1800,"bu","13:37:30",883200
9120,70,2000,"sd","13:37:24",881400
9120,70,200,"sd","13:37:24",879400
9120,70,6000,"sd","13:37:24",879200
9120,70,500,"bu","13:36:32",873200
9120,70,3500,"bu","13:36:32",872700
9120,70,500,"bu","13:36:02",869200
9120,70,2000,"bu","13:35:35",868700
9120,70,5000,"bu","13:35:35",866700
9120,70,3000,"bu","13:35:35",861700
9110,60,1400,"sd","13:33:38",858700
9110,60,600,"sd","13:33:38",857300
9110,60,400,"sd","13:32:37",856700
9110,60,1600,"sd","13:32:37",856300
9110,60,1100,"sd","13:31:08",854700
9120,70,2000,"bu","13:30:40",853600
9120,70,1600,"bu","13:30:17",851600
9110,60,100,"sd","13:30:11",850000
9120,70,2000,"bu","13:29:58",849900
9120,70,4500,"bu","13:29:41",847900
9110,60,200,"sd","13:29:33",843400
9110,60,300,"sd","13:29:33",843200
9110,60,1000,"sd","13:29:33",842900
9110,60,500,"sd","13:29:33",841900
9110,60,800,"sd","13:29:33",841400
9110,60,1000,"sd","13:29:33",840600
9110,60,300,"sd","13:29:33",839600
9110,60,100,"sd","13:28:29",839300
9110,60,500,"sd","13:27:19",839200
9110,60,100,"sd","13:26:16",838700
9110,60,400,"sd","13:26:16",838600
9110,60,1600,"sd","13:25:12",838200
9120,70,4100,"bu","13:25:10",836600
9120,70,900,"bu","13:25:10",832500
9120,70,10000,"bu","13:22:15",831600
9110,60,1300,"sd","13:22:12",821600
9110,60,600,"sd","13:20:56",820300
9120,70,3000,"bu","13:20:46",819700
9120,70,1000,"sd","13:20:26",816700
9120,70,5400,"sd","13:20:26",815700
9120,70,3000,"sd","13:18:35",810300
9110,60,200,"sd","13:17:42",807300
9110,60,200,"sd","13:17:42",807100
9110,60,1900,"sd","13:17:42",806900
9120,70,1000,"sd","13:17:42",805000
9120,70,1700,"sd","13:17:42",804000
9130,80,2900,"sd","13:17:22",802300
9130,80,100,"unknown","13:16:24",799400
9130,80,2000,"unknown","13:16:24",799300
9120,70,300,"bu","13:15:38",797300
9120,70,700,"sd","13:14:40",797000
9120,70,1100,"bu","13:14:34",796300
9120,70,200,"bu","13:14:34",795200
9120,70,100,"bu","13:14:20",795000
9120,70,1000,"bu","13:14:18",794900
9120,70,100,"sd","13:14:11",793900
9120,70,1000,"sd","13:14:11",793800
9120,70,900,"bu","13:13:08",792800
9120,70,900,"bu","13:13:08",791900
9110,60,100,"sd","13:12:38",791000
9110,60,100,"sd","13:12:38",790900
9110,60,100,"sd","13:11:32",790800
9110,60,200,"sd","13:11:02",790700
9100,50,700,"bu","13:09:41",790500
9100,50,700,"sd","13:09:14",789800
9100,50,100,"sd","13:09:14",789100
9100,50,1000,"sd","13:09:14",789000
9100,50,10000,"sd","13:09:14",788000
9100,50,3000,"sd","13:09:14",778000
9100,50,10000,"sd","13:09:14",775000
9100,50,100,"sd","13:09:14",765000
9100,50,200,"sd","13:09:14",764900
9100,50,1000,"sd","13:09:14",764700
9100,50,15000,"sd","13:09:14",763700
9100,50,600,"sd","13:09:14",748700
9110,60,300,"sd","13:09:14",748100
9100,50,200,"sd","13:09:14",747800
9110,60,400,"sd","13:09:14",747600
9100,50,6500,"sd","13:09:14",747200
9100,50,100,"sd","13:09:14",740700
9100,50,100,"sd","13:09:14",740600
9110,60,600,"sd","13:07:53",740500
9110,60,1000,"sd","13:07:53",739900
9110,60,300,"sd","13:07:53",738900
9110,60,3400,"sd","13:07:53",738600
9120,70,200,"bu","13:07:50",735200
9110,60,200,"sd","13:06:46",735000
9110,60,400,"sd","13:06:27",734800
9110,60,800,"sd","13:06:27",734400
9120,70,200,"bu","13:06:00",733600
9110,60,1000,"sd","13:06:00",733400
9110,60,100,"sd","13:05:31",732400
9110,60,100,"sd","13:05:04",732300
9110,60,500,"sd","13:04:51",732200
9120,70,700,"bu","13:04:26",731700
9120,70,100,"bu","13:04:26",731000
9120,70,100,"bu","13:04:26",730900
9120,70,500,"sd","13:01:53",730800
9120,70,4400,"sd","13:01:53",730300
9120,70,5000,"sd","13:01:47",725900
9120,70,100,"sd","13:01:32",720900
9120,70,9100,"sd","13:01:27",720800
9120,70,3000,"sd","13:00:48",711700
9120,70,5000,"sd","13:00:41",708700
9120,70,100,"sd","13:00:21",703700
9120,70,100,"sd","13:00:19",703600
9120,70,1000,"sd","13:00:11",703500
9120,70,1000,"sd","13:00:09",702500
9120,70,5000,"sd","13:00:04",701500
9120,70,100,"sd","13:00:04",696500
9120,70,3900,"sd","11:29:34",696400
9130,80,2000,"bu","11:27:02",692500
9130,80,400,"bu","11:26:34",690500
9130,80,500,"bu","11:26:00",690100
9130,80,800,"sd","11:21:37",689600
9130,80,1000,"sd","11:21:37",688800
9130,80,100,"sd","11:21:37",687800
9130,80,100,"sd","11:21:37",687700
9130,80,700,"sd","11:20:58",687600
9130,80,5000,"sd","11:17:47",686900
9130,80,2100,"sd","11:17:43",681900
9130,80,100,"bu","11:15:47",679800
9130,80,200,"bu","11:15:47",679700
9130,80,1800,"bu","11:15:47",679500
9120,70,5400,"sd","11:15:40",677700
9130,80,6000,"bu","11:15:32",672300
9130,80,100,"bu","11:14:36",666300
9120,70,2000,"sd","11:12:36",666200
9130,80,100,"bu","11:12:13",664200
9120,70,1000,"sd","11:11:42",664100
9120,70,3800,"sd","11:11:15",663100
9130,80,1000,"sd","11:11:15",659300
9130,80,500,"sd","11:11:15",658300
9130,80,6100,"sd","11:11:15",657800
9130,80,8600,"sd","11:11:15",651700
9130,80,200,"sd","11:10:29",643100
9130,80,500,"sd","11:10:08",642900
9140,90,3900,"bu","11:09:57",642400
9140,90,100,"bu","11:09:57",638500
9130,80,300,"sd","11:07:52",638400
9130,80,4200,"sd","11:07:52",638100
9130,80,700,"sd","11:07:52",633900
9130,80,1000,"sd","11:07:52",633200
9140,90,900,"sd","11:06:41",632200
9140,90,5500,"sd","11:06:41",631300
9140,90,3600,"sd","11:06:27",625800
9140,90,200,"sd","11:06:27",622200
9140,90,1000,"sd","11:06:27",622000
9140,90,200,"sd","11:06:27",621000
9140,90,2800,"sd","11:05:53",620800
9140,90,1000,"sd","11:05:53",618000
9140,90,200,"sd","11:05:53",617000
9140,90,1000,"sd","11:05:53",616800
9140,90,1000,"sd","11:04:54",615800
9140,90,900,"sd","11:04:20",614800
9140,90,100,"sd","11:04:19",613900
9140,90,5000,"sd","11:03:19",613800
9150,100,100,"bu","11:01:54",608800
9150,100,1000,"bu","11:01:12",608700
9150,100,700,"sd","11:00:23",607700
9150,100,6400,"sd","11:00:11",607000
9150,100,2900,"sd","10:58:16",600600
9150,100,100,"sd","10:58:16",597700
9150,100,1000,"sd","10:58:07",597600
9150,100,9000,"sd","10:57:42",596600
9150,100,500,"sd","10:57:42",587600
9150,100,500,"sd","10:57:42",587100
9150,100,1000,"sd","10:57:42",586600
9150,100,300,"sd","10:57:42",585600
9150,100,700,"sd","10:57:42",585300
9170,120,200,"bu","10:56:03",584600
9150,100,500,"sd","10:55:04",584400
9150,100,800,"sd","10:54:55",583900
9150,100,200,"sd","10:54:55",583100
9150,100,600,"sd","10:47:09",582900
9150,100,1400,"sd","10:47:09",582300
9150,100,3000,"sd","10:46:24",580900
9150,100,100,"sd","10:45:59",577900
9160,110,1000,"sd","10:45:37",577800
9170,120,100,"bu","10:44:43",576800
9170,120,500,"bu","10:44:43",576700
9170,120,900,"bu","10:44:43",576200
9170,120,200,"bu","10:44:43",575300
9170,120,1000,"bu","10:44:43",575100
9170,120,100,"bu","10:44:43",574100
9170,120,300,"bu","10:40:02",574000
9170,120,200,"bu","10:39:08",573700
9170,120,200,"bu","10:39:08",573500
9150,100,2000,"sd","10:38:48",573300
9150,100,800,"sd","10:36:48",571300
9150,100,2700,"sd","10:36:41",570500
9150,100,300,"sd","10:36:41",567800
9150,100,1000,"sd","10:36:41",567500
9150,100,1200,"sd","10:35:45",566500
9160,110,1300,"sd","10:35:45",565300
9160,110,4000,"bu","10:35:30",564000
9160,110,4700,"bu","10:35:30",560000
9150,100,1000,"sd","10:34:55",555300
9150,100,300,"sd","10:31:19",554300
9150,100,100,"sd","10:31:19",554000
9150,100,300,"bu","10:30:51",553900
9150,100,200,"bu","10:30:51",553600
9150,100,200,"bu","10:30:51",553400
9150,100,200,"bu","10:30:51",553200
9150,100,500,"bu","10:30:26",553000
9150,100,300,"sd","10:28:57",552500
9160,110,300,"bu","10:28:37",552200
9150,100,3000,"sd","10:27:58",551900
9150,100,700,"bu","10:26:59",548900
9150,100,1000,"bu","10:26:59",548200
9150,100,100,"bu","10:26:57",547200
9150,100,500,"bu","10:26:52",547100
9150,100,1300,"bu","10:25:07",546600
9150,100,500,"sd","10:24:55",545300
9150,100,100,"sd","10:24:55",544800
9150,100,1500,"sd","10:24:55",544700
9150,100,3300,"sd","10:24:32",543200
9160,110,200,"sd","10:24:32",539900
9160,110,500,"sd","10:24:32",539700
9170,120,100,"sd","10:24:08",539200
9170,120,200,"sd","10:24:08",539100
9170,120,1400,"sd","10:22:02",538900
9170,120,100,"sd","10:20:51",537500
9170,120,100,"sd","10:20:51",537400
9170,120,100,"bu","10:20:01",537300
9170,120,100,"bu","10:20:01",537200
9160,110,500,"sd","10:19:50",537100
9160,110,800,"sd","10:19:50",536600
9160,110,100,"sd","10:19:43",535800
9160,110,4100,"sd","10:19:11",535700
9160,110,900,"sd","10:19:11",531600
9160,110,5000,"sd","10:19:10",530700
9160,110,2000,"sd","10:17:22",525700
9160,110,2000,"sd","10:17:08",523700
9160,110,100,"sd","10:16:26",521700
9170,120,100,"sd","10:15:47",521600
9170,120,500,"sd","10:15:47",521500
9170,120,4000,"sd","10:15:47",521000
9180,130,300,"sd","10:15:30",517000
9180,130,100,"sd","10:15:30",516700
9180,130,800,"sd","10:15:30",516600
9180,130,200,"sd","10:14:19",515800
9180,130,1000,"sd","10:14:19",515600
9180,130,800,"sd","10:14:19",514600
9180,130,7000,"sd","10:13:39",513800
9180,130,2000,"sd","10:13:14",506800
9180,130,200,"sd","10:13:10",504800
9180,130,100,"sd","10:13:10",504600
9180,130,800,"sd","10:13:10",504500
9180,130,3000,"sd","10:12:01",503700
9190,140,2000,"sd","10:11:19",500700
9180,130,1200,"sd","10:10:54",498700
9180,130,3700,"sd","10:10:54",497500
9200,150,1000,"sd","10:10:35",493800
9220,170,100,"bu","10:10:02",492800
9220,170,500,"bu","10:10:02",492700
9210,160,2000,"bu","10:10:02",492200
9210,160,200,"bu","10:10:02",490200
9200,150,100,"bu","10:10:02",490000
9200,150,100,"bu","10:10:02",489900
9200,150,1000,"bu","10:09:54",489800
9200,150,3900,"sd","10:09:33",488800
9200,150,2000,"sd","10:09:08",484900
9200,150,200,"bu","10:08:58",482900
9200,150,500,"bu","10:08:58",482700
9200,150,3000,"bu","10:08:58",482200
9200,150,200,"bu","10:08:58",479200
9200,150,1700,"bu","10:08:58",479000
9200,150,100,"bu","10:08:58",477300
9200,150,15300,"bu","10:08:58",477200
9190,140,2000,"bu","10:08:58",461900
9190,140,100,"bu","10:08:58",459900
9190,140,1000,"bu","10:08:58",459800
9180,130,100,"sd","10:08:56",458800
9180,130,1200,"sd","10:08:17",458700
9180,130,1900,"sd","10:08:17",457500
9180,130,100,"sd","10:07:53",455600
9190,140,5000,"sd","10:07:27",455500
9190,140,1000,"sd","10:07:27",450500
9190,140,4000,"sd","10:07:22",449500
9190,140,1000,"sd","10:07:22",445500
9190,140,1000,"sd","10:06:42",444500
9190,140,3000,"sd","10:04:48",443500
9200,150,9700,"sd","10:03:32",440500
9210,160,800,"bu","10:03:31",430800
9210,160,500,"bu","10:03:31",430000
9210,160,200,"bu","10:03:31",429500
9200,150,2000,"sd","10:03:29",429300
9200,150,1000,"bu","10:02:50",427300
9200,150,600,"bu","10:02:50",426300
9200,150,500,"bu","10:02:50",425700
9200,150,300,"bu","10:02:50",425200
9200,150,100,"bu","10:02:50",424900
9200,150,5800,"bu","10:02:50",424800
9180,130,500,"sd","10:02:34",419000
9180,130,400,"sd","10:02:34",418500
9180,130,500,"sd","10:02:34",418100
9180,130,200,"sd","10:02:34",417600
9180,130,300,"sd","10:02:34",417400
9180,130,100,"sd","10:02:34",417100
9190,140,4000,"bu","10:00:48",417000
9190,140,400,"bu","10:00:46",413000
9190,140,600,"bu","09:59:24",412600
9190,140,1400,"bu","09:59:24",412000
9190,140,100,"bu","09:58:53",410600
9190,140,500,"bu","09:58:37",410500
9190,140,3000,"bu","09:58:37",410000
9190,140,100,"bu","09:58:19",407000
9190,140,200,"bu","09:57:32",406900
9190,140,3000,"bu","09:57:31",406700
9180,130,100,"sd","09:56:25",403700
9180,130,1100,"bu","09:56:12",403600
9170,120,1000,"sd","09:55:19",402500
9160,110,2600,"sd","09:52:03",401500
9160,110,900,"sd","09:52:03",398900
9160,110,100,"sd","09:51:38",398000
9160,110,100,"sd","09:51:38",397900
9160,110,500,"sd","09:51:38",397800
9170,120,100,"sd","09:51:38",397300
9160,110,100,"sd","09:50:17",397200
9180,130,200,"sd","09:49:27",397100
9180,130,1000,"bu","09:48:27",396900
9190,140,300,"bu","09:48:11",395900
9160,110,9400,"sd","09:47:58",395600
9160,110,600,"sd","09:47:58",386200
9160,110,100,"sd","09:47:55",385600
9180,130,700,"sd","09:47:31",385500
9200,150,1000,"sd","09:46:32",384800
9200,150,3500,"sd","09:46:32",383800
9200,150,4900,"sd","09:46:30",380300
9200,150,100,"sd","09:46:30",375400
9200,150,100,"sd","09:46:28",375300
9200,150,200,"sd","09:46:07",375200
9200,150,3100,"sd","09:45:44",375000
9210,160,1000,"sd","09:45:20",371900
9210,160,11200,"sd","09:45:20",370900
9210,160,3000,"sd","09:45:12",359700
9210,160,1500,"sd","09:45:05",356700
9210,160,300,"sd","09:44:31",355200
9210,160,4000,"sd","09:44:08",354900
9250,200,200,"bu","09:44:04",350900
9250,200,100,"bu","09:44:04",350700
9250,200,100,"bu","09:44:04",350600
9250,200,800,"bu","09:44:04",350500
9250,200,2200,"bu","09:44:01",349700
9250,200,2000,"bu","09:44:01",347500
9250,200,100,"bu","09:44:01",345500
9250,200,1000,"bu","09:44:01",345400
9250,200,1000,"bu","09:44:01",344400
9250,200,1000,"bu","09:44:01",343400
9250,200,3800,"bu","09:44:01",342400
9250,200,3000,"bu","09:43:32",338600
9250,200,1900,"bu","09:43:32",335600
9240,190,100,"bu","09:43:32",333700
9240,190,400,"bu","09:43:32",333600
9240,190,1000,"bu","09:43:32",333200
9240,190,600,"bu","09:43:32",332200
9250,200,2900,"bu","09:42:21",331600
9240,190,100,"bu","09:42:21",328700
9250,200,1600,"bu","09:42:09",328600
9240,190,900,"bu","09:42:09",327000
9240,190,500,"bu","09:42:09",326100
9240,190,500,"bu","09:42:09",325600
9220,170,5000,"bu","09:42:09",325100
9220,170,100,"bu","09:42:09",320100
9220,170,500,"bu","09:42:09",320000
9220,170,500,"bu","09:42:09",319500
9220,170,400,"bu","09:42:09",319000
9200,150,100,"bu","09:42:01",318600
9200,150,100,"bu","09:42:01",318500
9200,150,200,"bu","09:42:01",318400
9200,150,100,"bu","09:41:58",318200
9200,150,200,"bu","09:41:55",318100
9200,150,100,"bu","09:41:55",317900
9200,150,200,"bu","09:41:51",317800
9200,150,1000,"bu","09:41:51",317600
9200,150,13800,"bu","09:41:51",316600
9190,140,500,"sd","09:41:23",302800
9190,140,500,"bu","09:41:21",302300
9190,140,100,"bu","09:41:21",301800
9190,140,400,"bu","09:41:15",301700
9190,140,1000,"bu","09:41:15",301300
9190,140,500,"bu","09:41:15",300300
9190,140,900,"bu","09:41:15",299800
9190,140,200,"bu","09:41:15",298900
9180,130,100,"sd","09:40:49",298700
9180,130,700,"sd","09:40:37",298600
9190,140,300,"bu","09:40:18",297900
9190,140,3200,"bu","09:40:18",297600
9180,130,100,"sd","09:40:01",294400
9180,130,100,"bu","09:39:47",294300
9180,130,900,"sd","09:39:36",294200
9190,140,100,"bu","09:39:36",293300
9180,130,100,"sd","09:39:30",293200
9180,130,500,"bu","09:39:15",293100
9180,130,500,"bu","09:39:15",292600
9190,140,1000,"sd","09:39:00",292100
9190,140,700,"sd","09:39:00",291100
9190,140,2300,"bu","09:38:40",290400
9190,140,1000,"bu","09:38:27",288100
9190,140,500,"bu","09:37:58",287100
9190,140,1000,"sd","09:37:58",286600
9190,140,11200,"sd","09:37:58",285600
9200,150,19000,"bu","09:37:57",274400
9190,140,200,"sd","09:37:56",255400
9200,150,27900,"bu","09:37:54",255200
9200,150,1000,"bu","09:37:54",227300
9200,150,1100,"bu","09:37:54",226300
9190,140,500,"sd","09:37:48",225200
9200,150,400,"bu","09:37:44",224700
9200,150,100,"bu","09:37:44",224300
9200,150,900,"bu","09:37:13",224200
9200,150,500,"bu","09:37:13",223300
9200,150,100,"bu","09:37:13",222800
9200,150,8100,"bu","09:37:13",222700
9200,150,400,"bu","09:37:13",214600
9200,150,600,"bu","09:36:56",214200
9200,150,400,"bu","09:36:56",213600
9200,150,500,"bu","09:36:46",213200
9200,150,1000,"bu","09:36:38",212700
9200,150,100,"sd","09:36:28",211700
9200,150,100,"bu","09:36:27",211600
9200,150,1000,"bu","09:36:27",211500
9200,150,600,"bu","09:36:27",210500
9200,150,1000,"bu","09:36:27",209900
9200,150,2200,"bu","09:36:27",208900
9190,140,100,"bu","09:36:20",206700
9200,150,3100,"bu","09:35:35",206600
9200,150,100,"bu","09:35:35",203500
9200,150,100,"bu","09:35:35",203400
9200,150,2000,"bu","09:35:35",203300
9200,150,1200,"bu","09:35:35",201300
9200,150,100,"bu","09:35:35",200100
9200,150,2000,"bu","09:35:35",200000
9200,150,100,"bu","09:35:35",198000
9200,150,200,"bu","09:35:35",197900
9200,150,100,"bu","09:35:35",197700
9200,150,9200,"bu","09:35:35",197600
9200,150,4500,"bu","09:35:35",188400
9200,150,200,"bu","09:35:35",183900
9200,150,100,"bu","09:35:35",183700
9200,150,200,"bu","09:35:35",183600
9200,150,2100,"bu","09:35:35",183400
9200,150,400,"bu","09:35:35",181300
9200,150,100,"bu","09:35:35",180900
9200,150,4600,"bu","09:35:35",180800
9200,150,1000,"bu","09:35:35",176200
9190,140,900,"bu","09:35:35",175200
9200,150,1000,"bu","09:35:35",174300
9200,150,1000,"bu","09:35:35",173300
9190,140,5000,"bu","09:35:35",172300
9200,150,3000,"bu","09:35:35",167300
9190,140,1000,"bu","09:35:35",164300
9200,150,3000,"bu","09:35:35",163300
9190,140,3700,"bu","09:35:35",160300
9190,140,6300,"bu","09:35:27",156600
9190,140,200,"bu","09:35:27",150300
9190,140,300,"bu","09:35:27",150100
9180,130,1000,"bu","09:35:27",149800
9180,130,200,"bu","09:35:27",148800
9180,130,500,"bu","09:35:27",148600
9180,130,1000,"bu","09:35:27",148100
9160,110,500,"bu","09:35:27",147100
9140,90,2000,"bu","09:35:17",146600
9140,90,2000,"sd","09:34:59",144600
9130,80,500,"bu","09:33:52",142600
9100,50,100,"sd","09:33:47",142100
9130,80,2900,"bu","09:33:46",142000
9130,80,600,"bu","09:33:33",139100
9120,70,400,"bu","09:33:33",138500
9100,50,400,"sd","09:33:31",138100
9100,50,1100,"sd","09:33:31",137700
9100,50,1000,"sd","09:33:31",136600
9100,50,1000,"sd","09:33:31",135600
9100,50,800,"sd","09:33:31",134600
9110,60,1200,"sd","09:33:31",133800
9110,60,4500,"sd","09:33:31",132600
9110,60,500,"bu","09:33:26",128100
9110,60,1200,"bu","09:33:24",127600
9110,60,100,"sd","09:33:10",126400
9110,60,100,"sd","09:33:10",126300
9110,60,100,"sd","09:33:10",126200
9110,60,3000,"sd","09:33:10",126100
9110,60,1000,"sd","09:33:10",123100
9120,70,2700,"sd","09:32:57",122100
9120,70,1900,"sd","09:32:57",119400
9120,70,100,"sd","09:32:57",117500
9130,80,200,"bu","09:32:55",117400
9130,80,2000,"sd","09:32:42",117200
9130,80,1800,"sd","09:32:42",115200
9130,80,1900,"sd","09:32:42",113400
9140,90,100,"sd","09:32:42",111500
9130,80,100,"sd","09:30:43",111400
9160,110,500,"bu","09:30:25",111300
9160,110,500,"bu","09:30:25",110800
9160,110,500,"bu","09:30:25",110300
9160,110,500,"bu","09:30:25",109800
9130,80,100,"sd","09:30:25",109300
9160,110,500,"bu","09:29:37",109200
9160,110,500,"bu","09:29:37",108700
9130,80,1400,"sd","09:29:27",108200
9130,80,1000,"sd","09:29:27",106800
9140,90,2000,"sd","09:29:27",105800
9140,90,600,"sd","09:29:27",103800
9140,90,400,"sd","09:28:54",103200
9150,100,500,"bu","09:28:35",102800
9150,100,300,"bu","09:28:35",102300
9120,70,100,"bu","09:26:20",102000
9110,60,1000,"sd","09:25:49",101900
9110,60,100,"bu","09:25:30",100900
9100,50,200,"sd","09:24:58",100800
9100,50,100,"sd","09:24:58",100600
9100,50,500,"sd","09:24:58",100500
9100,50,100,"sd","09:24:58",100000
9100,50,1100,"sd","09:24:58",99900
9100,50,100,"sd","09:23:54",98800
9100,50,200,"sd","09:22:50",98700
9150,100,200,"sd","09:22:50",98500
9150,100,10000,"sd","09:22:50",98300
9160,110,200,"sd","09:22:50",88300
9160,110,4400,"sd","09:22:50",88100
9160,110,600,"sd","09:22:47",83700
9160,110,1000,"sd","09:22:33",83100
9170,120,6900,"sd","09:22:16",82100
9170,120,2000,"sd","09:22:11",75200
9170,120,500,"sd","09:21:50",73200
9170,120,100,"sd","09:21:41",72700
9170,120,800,"sd","09:21:04",72600
9200,150,100,"bu","09:20:18",71800
9190,140,2000,"bu","09:20:18",71700
9190,140,400,"bu","09:20:18",69700
9170,120,500,"sd","09:19:54",69300
9190,140,100,"bu","09:19:53",68800
9190,140,1000,"bu","09:19:37",68700
9200,150,400,"bu","09:18:59",67700
9190,140,1600,"bu","09:18:59",67300
9190,140,100,"bu","09:18:55",65700
9190,140,900,"bu","09:18:55",65600
9190,140,200,"bu","09:18:45",64700
9190,140,300,"bu","09:18:45",64500
9190,140,300,"bu","09:18:09",64200
9200,150,9900,"bu","09:17:46",63900
9190,140,100,"bu","09:17:46",54000
9160,110,100,"sd","09:17:36",53900
9200,150,1500,"bu","09:17:30",53800
9190,140,1000,"bu","09:17:30",52300
9190,140,500,"bu","09:17:29",51300
9180,130,500,"bu","09:17:29",50800
9170,120,500,"bu","09:17:29",50300
9170,120,1000,"bu","09:17:29",49800
9160,110,400,"bu","09:17:17",48800
9160,110,100,"bu","09:17:14",48400
9150,100,100,"bu","09:16:44",48300
9150,100,1000,"bu","09:16:44",48200
9150,100,400,"bu","09:16:44",47200
9150,100,5000,"bu","09:16:44",46800
9150,100,100,"bu","09:16:44",41800
9150,100,2000,"bu","09:16:44",41700
9150,100,2000,"bu","09:16:44",39700
9150,100,1000,"bu","09:16:44",37700
9150,100,2800,"bu","09:16:44",36700
9140,90,1900,"bu","09:16:44",33900
9140,90,100,"bu","09:16:34",32000
9140,90,100,"bu","09:16:34",31900
9150,100,200,"bu","09:16:07",31800
9140,90,400,"bu","09:15:58",31600
9150,100,3900,"bu","09:15:58",31200
9140,90,5700,"bu","09:15:58",27300
9140,90,100,"bu","09:15:52",21600
9120,70,500,"bu","09:15:52",21500
9100,50,21000,"unknown","09:14:59",21000
