"price","change","match_qtty","side","time","total_vol"
27700,0,1344100,"unknown","14:45:00",25713000
27900,200,100,"sd","14:29:59",24368900
27950,250,2500,"bu","14:29:58",24368800
27950,250,400,"bu","14:29:58",24366300
27950,250,500,"bu","14:29:58",24365900
27950,250,6000,"bu","14:29:58",24365400
27950,250,600,"bu","14:29:58",24359400
27950,250,500,"bu","14:29:57",24358800
27900,200,100,"sd","14:29:57",24358300
27950,250,200,"bu","14:29:55",24358200
27950,250,2000,"bu","14:29:54",24358000
27950,250,300,"bu","14:29:54",24356000
27900,200,100,"sd","14:29:52",24355700
27950,250,1400,"bu","14:29:47",24355600
27950,250,100,"bu","14:29:47",24354200
27950,250,300,"bu","14:29:47",24354100
27950,250,1400,"bu","14:29:47",24353800
27950,250,1000,"bu","14:29:47",24352400
27900,200,100,"sd","14:29:45",24351400
27900,200,200,"sd","14:29:45",24351300
27900,200,600,"sd","14:29:43",24351100
27900,200,2000,"sd","14:29:42",24350500
27950,250,500,"bu","14:29:42",24348500
27900,200,100,"sd","14:29:41",24348000
27900,200,100,"sd","14:29:41",24347900
27900,200,700,"sd","14:29:41",24347800
27900,200,300,"sd","14:29:41",24347100
27900,200,900,"sd","14:29:41",24346800
27900,200,1700,"sd","14:29:40",24345900
27900,200,500,"sd","14:29:40",24344200
27900,200,1000,"sd","14:29:38",24343700
27900,200,100,"sd","14:29:37",24342700
27900,200,100,"sd","14:29:36",24342600
27900,200,2000,"sd","14:29:36",24342500
27950,250,5000,"bu","14:29:33",24340500
27900,200,1000,"sd","14:29:33",24335500
27900,200,2300,"sd","14:29:32",24334500
27950,250,200,"bu","14:29:30",24332200
27900,200,1000,"sd","14:29:29",24332000
27900,200,1600,"sd","14:29:27",24331000
27900,200,4000,"sd","14:29:26",24329400
27900,200,500,"sd","14:29:26",24325400
27900,200,500,"sd","14:29:26",24324900
27900,200,500,"sd","14:29:23",24324400
27900,200,2000,"sd","14:29:22",24323900
27950,250,1600,"bu","14:29:22",24321900
27900,200,2000,"sd","14:29:22",24320300
27900,200,1300,"sd","14:29:21",24318300
27900,200,2000,"sd","14:29:21",24317000
27900,200,100,"sd","14:29:21",24315000
27900,200,5000,"sd","14:29:21",24314900
27900,200,100,"sd","14:29:20",24309900
27900,200,500,"sd","14:29:18",24309800
27900,200,2400,"sd","14:29:16",24309300
27900,200,500,"sd","14:29:16",24306900
27900,200,1000,"sd","14:29:16",24306400
27900,200,100,"sd","14:29:16",24305400
27900,200,1000,"sd","14:29:16",24305300
27900,200,1000,"sd","14:29:16",24304300
27950,250,300,"bu","14:29:15",24303300
27950,250,1700,"bu","14:29:15",24303000
27950,250,4000,"bu","14:29:15",24301300
27900,200,2000,"sd","14:29:14",24297300
27900,200,500,"sd","14:29:14",24295300
27900,200,200,"sd","14:29:11",24294800
27950,250,1600,"bu","14:29:10",24294600
27900,200,100,"sd","14:29:10",24293000
27950,250,500,"bu","14:29:10",24292900
27900,200,200,"sd","14:29:10",24292400
27900,200,200,"sd","14:29:10",24292200
27900,200,600,"sd","14:29:10",24292000
27950,250,500,"bu","14:29:09",24291400
27900,200,700,"sd","14:29:09",24290900
27900,200,2000,"sd","14:29:03",24290200
27900,200,700,"sd","14:29:03",24288200
27900,200,5600,"sd","14:29:03",24287500
27900,200,100,"sd","14:29:03",24281900
27900,200,1000,"sd","14:29:03",24281800
27900,200,100,"sd","14:29:03",24280800
27900,200,200,"sd","14:29:03",24280700
27900,200,20000,"sd","14:29:03",24280500
27900,200,200,"sd","14:29:03",24260500
27900,200,1100,"sd","14:29:03",24260300
27900,200,5000,"sd","14:29:03",24259200
27900,200,2000,"sd","14:29:03",24254200
27900,200,300,"sd","14:29:03",24252200
27900,200,100,"sd","14:29:03",24251900
27900,200,1000,"sd","14:29:03",24251800
27900,200,3000,"sd","14:29:03",24250800
27900,200,200,"sd","14:29:03",24247800
27900,200,500,"sd","14:29:03",24247600
27900,200,600,"sd","14:29:03",24247100
27900,200,2000,"sd","14:29:03",24246500
27900,200,1000,"sd","14:29:03",24244500
27900,200,1000,"sd","14:29:03",24243500
27900,200,500,"sd","14:29:03",24242500
27900,200,22000,"sd","14:29:03",24242000
27900,200,2000,"sd","14:29:03",24220000
27900,200,900,"sd","14:29:03",24218000
27900,200,100,"sd","14:29:03",24217100
27900,200,800,"sd","14:29:03",24217000
27900,200,1000,"sd","14:29:03",24216200
27900,200,2000,"sd","14:29:03",24215200
27900,200,400,"sd","14:29:03",24213200
27900,200,800,"sd","14:29:03",24212800
27900,200,1100,"sd","14:29:03",24212000
27900,200,10000,"sd","14:29:03",24210900
27900,200,100,"sd","14:29:03",24200900
27900,200,300,"sd","14:29:03",24200800
27900,200,100,"sd","14:29:03",24200500
27900,200,100,"sd","14:29:03",24200400
27900,200,3300,"sd","14:29:03",24200300
27900,200,200,"sd","14:29:03",24197000
27900,200,5000,"sd","14:29:03",24196800
27900,200,100,"sd","14:29:03",24191800
27900,200,1000,"sd","14:29:03",24191700
27900,200,500,"sd","14:29:03",24190700
27950,250,500,"bu","14:29:00",24190200
27950,250,10000,"bu","14:28:58",24189700
27900,200,400,"sd","14:28:58",24179700
27900,200,500,"sd","14:28:54",24179300
27900,200,1500,"sd","14:28:54",24178800
27900,200,500,"sd","14:28:54",24177300
27950,250,100,"bu","14:28:53",24176800
27950,250,100,"bu","14:28:52",24176700
27950,250,100,"bu","14:28:51",24176600
27950,250,100,"bu","14:28:51",24176500
27950,250,2000,"bu","14:28:49",24176400
27950,250,2000,"bu","14:28:48",24174400
27950,250,1500,"bu","14:28:48",24172400
27950,250,3000,"bu","14:28:47",24170900
27950,250,100,"bu","14:28:46",24167900
27950,250,200,"bu","14:28:45",24167800
27950,250,2600,"bu","14:28:45",24167600
27950,250,300,"sd","14:28:43",24165000
27950,250,400,"sd","14:28:43",24164700
27950,250,300,"sd","14:28:43",24164300
27950,250,31200,"sd","14:28:43",24164000
27950,250,5000,"sd","14:28:43",24132800
27950,250,100,"sd","14:28:43",24127800
27950,250,1000,"sd","14:28:43",24127700
27950,250,100,"sd","14:28:43",24126700
27950,250,2700,"sd","14:28:43",24126600
27950,250,1000,"sd","14:28:43",24123900
27950,250,1000,"sd","14:28:43",24122900
27950,250,500,"sd","14:28:42",24121900
27950,250,12300,"sd","14:28:41",24121400
27950,250,100,"sd","14:28:41",24109100
27950,250,500,"sd","14:28:41",24109000
27950,250,2100,"sd","14:28:41",24108500
27950,250,2000,"sd","14:28:36",24106400
28000,300,500,"bu","14:28:35",24104400
27950,250,400,"sd","14:28:35",24103900
27950,250,500,"sd","14:28:34",24103500
27950,250,400,"sd","14:28:34",24103000
27950,250,600,"sd","14:28:34",24102600
27950,250,100,"sd","14:28:34",24102000
27950,250,500,"sd","14:28:34",24101900
27950,250,1000,"sd","14:28:34",24101400
27950,250,1100,"sd","14:28:34",24100400
27950,250,900,"sd","14:28:29",24099300
27950,250,1100,"sd","14:28:29",24098400
27950,250,100,"sd","14:28:28",24097300
27950,250,1500,"sd","14:28:28",24097200
27950,250,700,"sd","14:28:28",24095700
27950,250,200,"sd","14:28:28",24095000
27950,250,1400,"sd","14:28:28",24094800
27950,250,1200,"sd","14:28:28",24093400
27950,250,300,"sd","14:28:28",24092200
27950,250,14000,"sd","14:28:27",24091900
27950,250,200,"sd","14:28:24",24077900
27950,250,34800,"sd","14:28:24",24077700
27950,250,6800,"sd","14:28:24",24042900
27950,250,300,"sd","14:28:24",24036100
27950,250,1000,"sd","14:28:24",24035800
27950,250,2000,"sd","14:28:24",24034800
27950,250,400,"sd","14:28:24",24032800
27950,250,200,"sd","14:28:24",24032400
27950,250,5000,"sd","14:28:24",24032200
27950,250,100,"sd","14:28:24",24027200
27950,250,500,"sd","14:28:24",24027100
27950,250,3700,"sd","14:28:24",24026600
28000,300,200,"bu","14:28:23",24022900
27950,250,1300,"sd","14:28:19",24022700
27950,250,2000,"sd","14:28:19",24021400
27950,250,100,"sd","14:28:19",24019400
27950,250,100,"sd","14:28:19",24019300
28000,300,400,"bu","14:28:18",24019200
27950,250,100,"sd","14:28:17",24018800
27950,250,300,"sd","14:28:17",24018700
27950,250,700,"sd","14:28:17",24018400
27950,250,2300,"sd","14:28:17",24017700
27950,250,100,"sd","14:28:17",24015400
27950,250,1000,"sd","14:28:17",24015300
27950,250,2300,"sd","14:28:17",24014300
27950,250,1000,"sd","14:28:15",24012000
27950,250,1700,"sd","14:28:15",24011000
27950,250,1000,"sd","14:28:15",24009300
27950,250,300,"sd","14:28:15",24008300
28000,300,100,"bu","14:28:14",24008000
27950,250,200,"sd","14:28:12",24007900
27950,250,1000,"sd","14:28:12",24007700
27950,250,500,"sd","14:28:12",24006700
27950,250,500,"sd","14:28:12",24006200
27950,250,1200,"sd","14:28:12",24005700
28000,300,200,"bu","14:28:10",24004500
28000,300,1000,"bu","14:28:00",24004300
28000,300,100,"bu","14:27:56",24003300
28000,300,200,"bu","14:27:47",24003200
27950,250,3800,"sd","14:27:44",24003000
27950,250,10000,"sd","14:27:44",23999200
27950,250,2000,"sd","14:27:44",23989200
27950,250,500,"sd","14:27:44",23987200
27950,250,3000,"sd","14:27:44",23986700
27950,250,300,"sd","14:27:44",23983700
27950,250,500,"sd","14:27:44",23983400
27950,250,200,"sd","14:27:44",23982900
28000,300,100,"bu","14:27:44",23982700
27950,250,1300,"sd","14:27:43",23982600
27950,250,100,"sd","14:27:43",23981300
27950,250,100,"sd","14:27:43",23981200
28000,300,200,"bu","14:27:41",23981100
28000,300,1000,"bu","14:27:41",23980900
28000,300,200,"bu","14:27:38",23979900
28000,300,900,"bu","14:27:38",23979700
28000,300,2000,"sd","14:27:34",23978800
28000,300,600,"sd","14:27:34",23976800
28000,300,200,"sd","14:27:34",23976200
28000,300,100,"sd","14:27:34",23976000
28000,300,1000,"sd","14:27:34",23975900
28000,300,100,"sd","14:27:34",23974900
28000,300,200,"sd","14:27:34",23974800
28000,300,400,"sd","14:27:34",23974600
28000,300,100,"sd","14:27:34",23974200
28000,300,1000,"sd","14:27:34",23974100
28000,300,1000,"sd","14:27:34",23973100
28000,300,500,"sd","14:27:34",23972100
28000,300,1600,"sd","14:27:34",23971600
28000,300,300,"sd","14:27:34",23970000
28050,350,100,"bu","14:27:34",23969700
28000,300,2900,"sd","14:27:34",23969600
28000,300,100,"sd","14:27:34",23966700
28000,300,2000,"sd","14:27:34",23966600
28000,300,6400,"sd","14:27:32",23964600
28000,300,1000,"sd","14:27:32",23958200
28000,300,100,"sd","14:27:32",23957200
28000,300,100,"sd","14:27:32",23957100
28000,300,1000,"sd","14:27:32",23957000
28000,300,500,"sd","14:27:32",23956000
28000,300,900,"sd","14:27:32",23955500
28000,300,2100,"sd","14:27:31",23954600
28000,300,900,"sd","14:27:31",23952500
28000,300,1000,"sd","14:27:31",23951600
28000,300,500,"sd","14:27:31",23950600
28000,300,100,"sd","14:27:31",23950100
28000,300,1000,"sd","14:27:31",23950000
28000,300,200,"sd","14:27:31",23949000
28000,300,500,"sd","14:27:31",23948800
28000,300,100,"sd","14:27:31",23948300
28000,300,1000,"sd","14:27:31",23948200
28000,300,200,"sd","14:27:31",23947200
28000,300,1300,"sd","14:27:31",23947000
28000,300,5000,"sd","14:27:31",23945700
28000,300,100,"sd","14:27:31",23940700
28000,300,3000,"sd","14:27:31",23940600
28000,300,10000,"sd","14:27:28",23937600
28000,300,400,"sd","14:27:28",23927600
28000,300,10000,"sd","14:27:28",23927200
28000,300,10000,"sd","14:27:28",23917200
28000,300,400,"sd","14:27:28",23907200
28000,300,500,"sd","14:27:28",23906800
28000,300,200,"sd","14:27:28",23906300
28000,300,100,"sd","14:27:28",23906100
28000,300,700,"sd","14:27:28",23906000
28000,300,100,"sd","14:27:28",23905300
28000,300,300,"sd","14:27:28",23905200
28000,300,1000,"sd","14:27:28",23904900
28000,300,1900,"sd","14:27:28",23903900
28000,300,700,"sd","14:27:28",23902000
28000,300,300,"sd","14:27:28",23901300
28000,300,500,"sd","14:27:28",23901000
28000,300,10000,"sd","14:27:28",23900500
28000,300,500,"sd","14:27:28",23890500
28000,300,300,"sd","14:27:28",23890000
28000,300,100,"sd","14:27:28",23889700
28000,300,500,"sd","14:27:28",23889600
28000,300,1400,"sd","14:27:28",23889100
28000,300,4500,"sd","14:27:28",23887700
28000,300,50000,"sd","14:27:28",23883200
28000,300,200,"sd","14:27:28",23833200
28000,300,500,"sd","14:27:28",23833000
28000,300,2000,"sd","14:27:28",23832500
28000,300,5400,"sd","14:27:28",23830500
28050,350,3000,"bu","14:27:28",23825100
28000,300,4600,"sd","14:27:27",23822100
28000,300,300,"sd","14:27:27",23817500
28000,300,100,"sd","14:27:27",23817200
28050,350,100,"bu","14:27:25",23817100
28000,300,900,"sd","14:27:23",23817000
28000,300,300,"sd","14:27:23",23816100
28050,350,100,"bu","14:27:22",23815800
28000,300,1000,"sd","14:27:20",23815700
28000,300,600,"sd","14:27:20",23814700
28000,300,100,"sd","14:27:14",23814100
28000,300,500,"sd","14:27:14",23814000
28000,300,300,"sd","14:27:14",23813500
28000,300,300,"sd","14:27:14",23813200
28000,300,200,"sd","14:27:14",23812900
28000,300,1000,"sd","14:27:14",23812700
28000,300,1000,"sd","14:27:14",23811700
28000,300,2600,"sd","14:27:14",23810700
28000,300,100,"sd","14:27:11",23808100
28000,300,1000,"sd","14:27:11",23808000
28050,350,1000,"bu","14:27:09",23807000
28050,350,4800,"bu","14:27:00",23806000
28050,350,400,"bu","14:26:58",23801200
28050,350,1000,"bu","14:26:57",23800800
28050,350,2000,"bu","14:26:55",23799800
28000,300,100,"sd","14:26:50",23797800
28050,350,2000,"bu","14:26:43",23797700
28050,350,200,"bu","14:26:36",23795700
28050,350,100,"bu","14:26:35",23795500
28050,350,7500,"bu","14:26:33",23795400
28050,350,300,"bu","14:26:27",23787900
28050,350,400,"bu","14:26:16",23787600
28050,350,100,"bu","14:26:16",23787200
28050,350,100,"bu","14:26:13",23787100
28050,350,2000,"bu","14:26:08",23787000
28050,350,2800,"bu","14:26:08",23785000
28050,350,7200,"sd","14:26:08",23782200
28050,350,3800,"sd","14:26:07",23775000
28050,350,500,"sd","14:26:07",23771200
28050,350,100,"sd","14:26:07",23770700
28050,350,100,"sd","14:26:07",23770600
28050,350,100,"sd","14:26:07",23770500
28050,350,400,"sd","14:26:07",23770400
28050,350,200,"sd","14:26:07",23770000
28050,350,900,"sd","14:26:07",23769800
28050,350,1100,"sd","14:26:07",23768900
28050,350,500,"sd","14:26:06",23767800
28050,350,300,"sd","14:26:06",23767300
28050,350,400,"sd","14:26:06",23767000
28050,350,2000,"sd","14:26:05",23766600
28050,350,700,"sd","14:26:05",23764600
28050,350,300,"sd","14:26:05",23763900
28050,350,4900,"sd","14:26:04",23763600
28050,350,900,"sd","14:26:04",23758700
28050,350,800,"sd","14:26:04",23757800
28050,350,500,"sd","14:26:04",23757000
28050,350,800,"sd","14:26:04",23756500
28050,350,200,"sd","14:26:02",23755700
28050,350,500,"sd","14:26:02",23755500
28050,350,1000,"sd","14:26:01",23755000
28050,350,600,"sd","14:25:59",23754000
28050,350,4200,"sd","14:25:59",23753400
28050,350,4500,"sd","14:25:59",23749200
28050,350,45500,"sd","14:25:56",23744700
28050,350,1100,"sd","14:25:56",23699200
28050,350,300,"sd","14:25:56",23698100
28050,350,5500,"sd","14:25:56",23697800
28050,350,2000,"sd","14:25:56",23692300
28050,350,1000,"sd","14:25:56",23690300
28050,350,1400,"sd","14:25:56",23689300
28050,350,1000,"sd","14:25:56",23687900
28050,350,1000,"sd","14:25:56",23686900
28050,350,1800,"sd","14:25:56",23685900
28050,350,1000,"sd","14:25:56",23684100
28050,350,2000,"sd","14:25:56",23683100
28050,350,12300,"sd","14:25:56",23681100
28050,350,3000,"sd","14:25:56",23668800
28050,350,5000,"sd","14:25:56",23665800
28050,350,100,"sd","14:25:56",23660800
28050,350,3500,"sd","14:25:56",23660700
28050,350,10000,"sd","14:25:56",23657200
28050,350,300,"sd","14:25:56",23647200
28050,350,1000,"sd","14:25:56",23646900
28050,350,1200,"sd","14:25:56",23645900
28100,400,6000,"bu","14:25:46",23644700
28100,400,500,"bu","14:25:45",23638700
28100,400,1600,"bu","14:25:45",23638200
28100,400,100,"bu","14:25:45",23636600
28100,400,2700,"bu","14:25:45",23636500
28100,400,100,"bu","14:25:45",23633800
28100,400,100,"bu","14:25:45",23633700
28100,400,1000,"bu","14:25:45",23633600
28100,400,600,"bu","14:25:45",23632600
28100,400,2500,"bu","14:25:45",23632000
28100,400,20000,"bu","14:25:45",23629500
28100,400,400,"bu","14:25:45",23609500
28100,400,1000,"bu","14:25:45",23609100
28100,400,1000,"bu","14:25:45",23608100
28100,400,5000,"sd","14:25:45",23607100
28100,400,300,"sd","14:25:45",23602100
28100,400,2000,"sd","14:25:45",23601800
28100,400,3600,"sd","14:25:45",23599800
28100,400,1000,"sd","14:25:45",23596200
28100,400,500,"sd","14:25:45",23595200
28100,400,1000,"sd","14:25:45",23594700
28100,400,1000,"sd","14:25:45",23593700
28100,400,200,"sd","14:25:45",23592700
28100,400,200,"sd","14:25:45",23592500
28100,400,1000,"sd","14:25:45",23592300
28100,400,8800,"sd","14:25:45",23591300
28100,400,1000,"sd","14:25:45",23582500
28100,400,300,"sd","14:25:45",23581500
28150,450,500,"bu","14:25:44",23581200
28100,400,2000,"sd","14:25:43",23580700
28150,450,100,"bu","14:25:41",23578700
28150,450,300,"bu","14:25:41",23578600
28150,450,700,"bu","14:25:41",23578300
28100,400,2000,"sd","14:25:39",23577600
28100,400,500,"sd","14:25:39",23575600
28150,450,300,"bu","14:25:37",23575100
28150,450,400,"bu","14:25:37",23574800
28150,450,1100,"bu","14:25:31",23574400
28150,450,2800,"bu","14:25:31",23573300
28100,400,300,"sd","14:25:26",23570500
28100,400,4500,"sd","14:25:21",23570200
28100,400,500,"sd","14:25:21",23565700
28100,400,400,"sd","14:25:17",23565200
28100,400,100,"sd","14:25:17",23564800
28100,400,200,"sd","14:25:15",23564700
28100,400,1000,"sd","14:25:14",23564500
28150,450,1000,"bu","14:25:12",23563500
28100,400,1000,"sd","14:25:11",23562500
28100,400,500,"sd","14:25:07",23561500
28100,400,1000,"sd","14:25:07",23561000
28100,400,1000,"sd","14:25:04",23560000
28100,400,6500,"sd","14:25:03",23559000
28100,400,200,"sd","14:25:03",23552500
28100,400,300,"sd","14:25:03",23552300
28100,400,100,"sd","14:24:58",23552000
28100,400,100,"sd","14:24:50",23551900
28150,450,300,"bu","14:24:46",23551800
28100,400,200,"sd","14:24:46",23551500
28100,400,1000,"sd","14:24:38",23551300
28150,450,900,"bu","14:24:38",23550300
28150,450,100,"bu","14:24:38",23549400
28150,450,1000,"bu","14:24:38",23549300
28150,450,100,"bu","14:24:34",23548300
28150,450,900,"bu","14:24:33",23548200
28150,450,1000,"bu","14:24:23",23547300
28150,450,100,"bu","14:24:22",23546300
28150,450,400,"bu","14:24:21",23546200
28150,450,1000,"bu","14:24:19",23545800
28150,450,2000,"bu","14:24:18",23544800
28150,450,100,"bu","14:24:18",23542800
28150,450,600,"bu","14:24:06",23542700
28150,450,2000,"bu","14:24:06",23542100
28150,450,900,"sd","14:24:04",23540100
28150,450,4900,"sd","14:24:04",23539200
28200,500,100,"bu","14:24:03",23534300
28200,500,100,"bu","14:24:03",23534200
28150,450,100,"sd","14:23:55",23534100
28150,450,900,"sd","14:23:46",23534000
28150,450,100,"sd","14:23:46",23533100
28150,450,500,"sd","14:23:43",23533000
28150,450,400,"bu","14:23:39",23532500
28150,450,300,"sd","14:23:38",23532100
28150,450,600,"bu","14:23:30",23531800
28150,450,1000,"bu","14:23:30",23531200
28150,450,400,"bu","14:23:30",23530200
28150,450,500,"bu","14:23:30",23529800
28150,450,200,"bu","14:23:30",23529300
28150,450,300,"bu","14:23:30",23529100
28150,450,100,"bu","14:23:30",23528800
28150,450,3900,"bu","14:23:30",23528700
28150,450,100,"bu","14:23:29",23524800
28150,450,1000,"bu","14:23:18",23524700
28150,450,1000,"bu","14:23:18",23523700
28150,450,1000,"bu","14:23:18",23522700
28150,450,500,"bu","14:23:18",23521700
28150,450,500,"bu","14:23:18",23521200
28150,450,100,"bu","14:23:16",23520700
28150,450,200,"bu","14:23:14",23520600
28150,450,200,"bu","14:23:07",23520400
28100,400,1200,"sd","14:23:06",23520200
28150,450,100,"bu","14:23:04",23519000
28150,450,300,"bu","14:23:04",23518900
28150,450,100,"bu","14:23:04",23518600
28150,450,600,"bu","14:23:04",23518500
28150,450,1600,"bu","14:23:03",23517900
28100,400,1500,"sd","14:22:58",23516300
28150,450,300,"bu","14:22:58",23514800
28150,450,500,"bu","14:22:57",23514500
28150,450,500,"bu","14:22:57",23514000
28150,450,200,"bu","14:22:57",23513500
28150,450,200,"bu","14:22:57",23513300
28150,450,200,"bu","14:22:57",23513100
28150,450,3900,"bu","14:22:56",23512900
28150,450,1100,"bu","14:22:56",23509000
28150,450,200,"bu","14:22:56",23507900
28100,400,100,"sd","14:22:54",23507700
28150,450,700,"bu","14:22:53",23507600
28150,450,100,"bu","14:22:53",23506900
28150,450,200,"bu","14:22:53",23506800
28150,450,300,"bu","14:22:50",23506600
28150,450,600,"bu","14:22:50",23506300
28150,450,500,"bu","14:22:50",23505700
28150,450,100,"bu","14:22:50",23505200
28150,450,1400,"bu","14:22:50",23505100
28150,450,1600,"bu","14:22:47",23503700
28150,450,500,"bu","14:22:47",23502100
28150,450,300,"bu","14:22:47",23501600
28150,450,200,"bu","14:22:47",23501300
28150,450,2400,"bu","14:22:47",23501100
28150,450,200,"bu","14:22:43",23498700
28100,400,1000,"sd","14:22:39",23498500
28150,450,200,"bu","14:22:35",23497500
28150,450,200,"bu","14:22:35",23497300
28150,450,2000,"bu","14:22:35",23497100
28150,450,4500,"bu","14:22:35",23495100
28150,450,200,"bu","14:22:35",23490600
28150,450,300,"bu","14:22:34",23490400
28150,450,1000,"bu","14:22:34",23490100
28150,450,2200,"bu","14:22:34",23489100
28150,450,1000,"bu","14:22:34",23486900
28150,450,1000,"bu","14:22:34",23485900
28150,450,4500,"bu","14:22:34",23484900
28150,450,100,"bu","14:22:28",23480400
28150,450,100,"bu","14:22:24",23480300
28150,450,200,"bu","14:22:22",23480200
28150,450,100,"bu","14:22:14",23480000
28150,450,300,"bu","14:22:14",23479900
28150,450,500,"bu","14:22:12",23479600
28150,450,1000,"bu","14:22:10",23479100
28150,450,400,"bu","14:22:09",23478100
28150,450,7800,"bu","14:22:08",23477700
28150,450,200,"bu","14:22:08",23469900
28150,450,500,"bu","14:22:08",23469700
28150,450,500,"bu","14:22:08",23469200
28150,450,100,"bu","14:22:08",23468700
28150,450,400,"bu","14:22:05",23468600
28150,450,2000,"bu","14:22:05",23468200
28150,450,1400,"bu","14:22:05",23466200
28150,450,5000,"bu","14:22:05",23464800
28150,450,1000,"bu","14:22:05",23459800
28150,450,200,"bu","14:22:05",23458800
28150,450,100,"bu","14:22:03",23458600
28150,450,200,"bu","14:21:59",23458500
28150,450,200,"bu","14:21:59",23458300
28150,450,100,"bu","14:21:59",23458100
28150,450,500,"bu","14:21:59",23458000
28150,450,100,"bu","14:21:58",23457500
28150,450,2000,"bu","14:21:53",23457400
28100,400,700,"sd","14:21:52",23455400
28150,450,300,"bu","14:21:48",23454700
28150,450,100,"bu","14:21:48",23454400
28150,450,100,"bu","14:21:48",23454300
28150,450,300,"bu","14:21:48",23454200
28150,450,1000,"bu","14:21:45",23453900
28150,450,100,"bu","14:21:45",23452900
28150,450,100,"bu","14:21:45",23452800
28150,450,500,"bu","14:21:45",23452700
28150,450,100,"bu","14:21:43",23452200
28150,450,1800,"bu","14:21:43",23452100
28150,450,100,"bu","14:21:43",23450300
28150,450,12500,"bu","14:21:41",23450200
28150,450,4900,"bu","14:21:41",23437700
28150,450,1000,"bu","14:21:41",23432800
28150,450,100,"bu","14:21:41",23431800
28150,450,2000,"bu","14:21:41",23431700
28150,450,200,"bu","14:21:38",23429700
28150,450,1400,"bu","14:21:38",23429500
28150,450,2000,"bu","14:21:38",23428100
28150,450,500,"bu","14:21:38",23426100
28150,450,100,"bu","14:21:38",23425600
28150,450,4000,"bu","14:21:38",23425500
28150,450,1000,"bu","14:21:38",23421500
28150,450,4300,"bu","14:21:38",23420500
28150,450,1500,"bu","14:21:38",23416200
28150,450,500,"bu","14:21:38",23414700
28150,450,200,"bu","14:21:37",23414200
28150,450,300,"bu","14:21:33",23414000
28150,450,500,"bu","14:21:32",23413700
28150,450,1200,"bu","14:21:28",23413200
28150,450,3800,"bu","14:21:28",23412000
28150,450,100,"bu","14:21:27",23408200
28150,450,1000,"bu","14:21:23",23408100
28150,450,100,"bu","14:21:23",23407100
28100,400,500,"sd","14:21:14",23407000
28150,450,10000,"bu","14:21:08",23406500
28100,400,400,"bu","14:21:06",23396500
28100,400,2000,"bu","14:21:06",23396100
28100,400,500,"bu","14:21:06",23394100
28100,400,1500,"bu","14:21:06",23393600
28100,400,100,"bu","14:21:06",23392100
28100,400,700,"bu","14:21:06",23392000
28100,400,4000,"bu","14:21:06",23391300
28100,400,9000,"bu","14:21:06",23387300
28100,400,1500,"bu","14:21:06",23378300
28100,400,100,"bu","14:21:06",23376800
28100,400,1000,"bu","14:21:05",23376700
28100,400,500,"bu","14:21:02",23375700
28100,400,400,"bu","14:21:00",23375200
28100,400,300,"bu","14:21:00",23374800
28100,400,300,"bu","14:21:00",23374500
28100,400,100,"bu","14:21:00",23374200
28100,400,2000,"bu","14:21:00",23374100
28100,400,100,"bu","14:21:00",23372100
28100,400,1000,"bu","14:21:00",23372000
28100,400,800,"bu","14:21:00",23371000
28100,400,1600,"bu","14:21:00",23370200
28100,400,2700,"bu","14:21:00",23368600
28100,400,400,"bu","14:21:00",23365900
28100,400,600,"bu","14:20:59",23365500
28100,400,300,"bu","14:20:57",23364900
28100,400,200,"bu","14:20:55",23364600
28050,350,300,"sd","14:20:55",23364400
28100,400,1000,"bu","14:20:53",23364100
28100,400,900,"bu","14:20:50",23363100
28100,400,300,"bu","14:20:49",23362200
28100,400,100,"bu","14:20:48",23361900
28100,400,4000,"bu","14:20:48",23361800
28100,400,200,"bu","14:20:47",23357800
28100,400,800,"bu","14:20:45",23357600
28100,400,200,"bu","14:20:45",23356800
28100,400,1000,"bu","14:20:45",23356600
28100,400,100,"bu","14:20:45",23355600
28100,400,100,"bu","14:20:42",23355500
28100,400,200,"bu","14:20:41",23355400
28100,400,2100,"bu","14:20:40",23355200
28100,400,100,"bu","14:20:38",23353100
28100,400,100,"bu","14:20:35",23353000
28100,400,1000,"bu","14:20:34",23352900
28100,400,200,"bu","14:20:29",23351900
28100,400,100,"bu","14:20:28",23351700
28100,400,100,"bu","14:20:28",23351600
28100,400,800,"bu","14:20:28",23351500
28100,400,900,"bu","14:20:26",23350700
28100,400,100,"bu","14:20:26",23349800
28100,400,1000,"bu","14:20:26",23349700
28100,400,200,"bu","14:20:26",23348700
28100,400,200,"bu","14:20:26",23348500
28100,400,600,"bu","14:20:26",23348300
28100,400,400,"bu","14:20:24",23347700
28100,400,1000,"bu","14:20:24",23347300
28100,400,1100,"bu","14:20:24",23346300
28100,400,1300,"bu","14:20:24",23345200
28100,400,500,"bu","14:20:21",23343900
28100,400,1000,"bu","14:20:20",23343400
28100,400,100,"bu","14:20:18",23342400
28100,400,1100,"bu","14:20:17",23342300
28100,400,2900,"bu","14:20:17",23341200
28100,400,100,"bu","14:20:17",23338300
28100,400,400,"bu","14:20:17",23338200
28100,400,4600,"bu","14:20:13",23337800
28100,400,5000,"bu","14:20:13",23333200
28100,400,800,"bu","14:20:13",23328200
28100,400,2000,"bu","14:20:13",23327400
28100,400,200,"bu","14:20:13",23325400
28100,400,1000,"bu","14:20:13",23325200
28100,400,6900,"bu","14:20:13",23324200
28100,400,900,"bu","14:20:13",23317300
28100,400,1500,"bu","14:20:13",23316400
28100,400,5000,"bu","14:20:13",23314900
28100,400,11000,"bu","14:20:13",23309900
28100,400,900,"bu","14:20:13",23298900
28100,400,500,"bu","14:20:13",23298000
28100,400,10000,"bu","14:20:13",23297500
28100,400,21300,"bu","14:20:13",23287500
28100,400,100,"bu","14:20:12",23266200
28100,400,1200,"bu","14:20:03",23266100
28100,400,14100,"bu","14:20:01",23264900
28100,400,10000,"bu","14:19:53",23250800
28100,400,1000,"bu","14:19:52",23240800
28100,400,500,"bu","14:19:49",23239800
28050,350,400,"sd","14:19:47",23239300
28050,350,900,"sd","14:19:47",23238900
28050,350,500,"sd","14:19:47",23238000
28050,350,100,"sd","14:19:47",23237500
28050,350,100,"sd","14:19:47",23237400
28050,350,500,"sd","14:19:47",23237300
28050,350,5700,"sd","14:19:47",23236800
28050,350,300,"sd","14:19:47",23231100
28050,350,600,"sd","14:19:47",23230800
28050,350,2900,"sd","14:19:47",23230200
28100,400,200,"bu","14:19:38",23227300
28100,400,4000,"bu","14:19:35",23227100
28100,400,6000,"bu","14:19:33",23223100
28100,400,100,"bu","14:19:23",23217100
28050,350,2000,"sd","14:19:19",23217000
28100,400,2000,"bu","14:19:15",23215000
28100,400,1000,"bu","14:19:10",23213000
28100,400,500,"bu","14:19:09",23212000
28050,350,400,"bu","14:18:56",23211500
28050,350,100,"bu","14:18:56",23211100
28050,350,4600,"bu","14:18:56",23211000
28050,350,4500,"bu","14:18:56",23206400
28050,350,1000,"bu","14:18:50",23201900
28000,300,100,"sd","14:18:49",23200900
28000,300,100,"sd","14:18:48",23200800
28050,350,1000,"bu","14:18:42",23200700
28050,350,1000,"bu","14:18:41",23199700
28050,350,2000,"bu","14:18:41",23198700
28050,350,700,"bu","14:18:39",23196700
28050,350,1000,"bu","14:18:39",23196000
28050,350,100,"bu","14:18:39",23195000
28000,300,200,"sd","14:18:38",23194900
28000,300,500,"sd","14:18:38",23194700
28000,300,300,"sd","14:18:38",23194200
28050,350,1000,"bu","14:18:38",23193900
28050,350,4000,"bu","14:18:32",23192900
28050,350,3000,"sd","14:18:31",23188900
28050,350,1900,"sd","14:18:31",23185900
28050,350,100,"sd","14:18:31",23184000
28050,350,500,"sd","14:18:23",23183900
28050,350,2000,"sd","14:18:23",23183400
28050,350,500,"sd","14:18:23",23181400
28050,350,1000,"sd","14:18:22",23180900
28050,350,100,"sd","14:18:22",23179900
28050,350,900,"sd","14:18:20",23179800
28050,350,2100,"sd","14:18:20",23178900
28050,350,6900,"sd","14:18:17",23176800
28050,350,1000,"sd","14:18:17",23169900
28050,350,100,"sd","14:18:17",23168900
28050,350,100,"sd","14:18:17",23168800
28050,350,5000,"sd","14:18:17",23168700
28050,350,2900,"sd","14:18:17",23163700
28050,350,800,"sd","14:18:15",23160800
28050,350,1100,"sd","14:18:15",23160000
28050,350,1100,"sd","14:18:15",23158900
28050,350,4900,"sd","14:18:15",23157800
28050,350,1000,"sd","14:18:02",23152900
28050,350,2700,"bu","14:17:51",23151900
28050,350,1000,"bu","14:17:51",23149200
28050,350,4500,"bu","14:17:51",23148200
28050,350,500,"bu","14:17:47",23143700
28050,350,4800,"bu","14:17:44",23143200
28050,350,100,"bu","14:17:44",23138400
28050,350,300,"bu","14:17:44",23138300
28050,350,4800,"bu","14:17:44",23138000
28050,350,5000,"bu","14:17:44",23133200
28000,300,500,"sd","14:17:40",23128200
28000,300,2000,"sd","14:17:39",23127700
28000,300,500,"sd","14:17:34",23125700
28050,350,200,"bu","14:17:31",23125200
28050,350,800,"bu","14:17:31",23125000
28050,350,19300,"bu","14:17:17",23124200
28050,350,1400,"bu","14:17:08",23104900
28050,350,100,"bu","14:17:08",23103500
28050,350,200,"bu","14:17:08",23103400
28050,350,100,"bu","14:17:08",23103200
28050,350,100,"bu","14:17:08",23103100
28050,350,3000,"bu","14:17:08",23103000
28050,350,11500,"bu","14:17:08",23100000
28050,350,3600,"bu","14:17:08",23088500
28000,300,100,"sd","14:17:02",23084900
28050,350,500,"bu","14:17:00",23084800
28000,300,6700,"sd","14:16:57",23084300
28050,350,3200,"bu","14:16:39",23077600
28050,350,1000,"bu","14:16:39",23074400
28050,350,800,"bu","14:16:39",23073400
28000,300,200,"sd","14:16:37",23072600
28050,350,200,"bu","14:16:26",23072400
28050,350,500,"bu","14:16:26",23072200
28050,350,5000,"bu","14:16:26",23071700
28050,350,4300,"bu","14:16:26",23066700
28000,300,200,"sd","14:16:26",23062400
28000,300,300,"sd","14:16:24",23062200
28000,300,9200,"sd","14:16:24",23061900
28000,300,800,"sd","14:16:24",23052700
28000,300,1400,"sd","14:16:17",23051900
28000,300,100,"sd","14:16:17",23050500
28000,300,100,"sd","14:16:17",23050400
28000,300,1400,"sd","14:16:17",23050300
28000,300,500,"sd","14:16:16",23048900
28000,300,3400,"sd","14:16:08",23048400
28000,300,100,"sd","14:16:08",23045000
28000,300,1000,"sd","14:16:08",23044900
28000,300,1900,"sd","14:16:08",23043900
28000,300,1000,"sd","14:16:08",23042000
28000,300,500,"sd","14:16:08",23041000
28000,300,1000,"sd","14:16:08",23040500
28000,300,1100,"sd","14:16:08",23039500
28000,300,1400,"sd","14:16:01",23038400
28000,300,500,"sd","14:16:01",23037000
28000,300,500,"sd","14:16:01",23036500
28000,300,100,"sd","14:16:01",23036000
28000,300,400,"sd","14:15:57",23035900
28050,350,200,"bu","14:15:52",23035500
28000,300,900,"sd","14:15:44",23035300
28000,300,200,"bu","14:15:36",23034400
28000,300,6000,"bu","14:15:36",23034200
28000,300,500,"bu","14:15:36",23028200
28000,300,1900,"bu","14:15:36",23027700
28000,300,700,"bu","14:15:35",23025800
28000,300,2000,"bu","14:15:33",23025100
28000,300,3000,"bu","14:15:33",23023100
28000,300,200,"bu","14:15:29",23020100
28000,300,100,"bu","14:15:29",23019900
28000,300,100,"bu","14:15:27",23019800
28000,300,1000,"bu","14:15:27",23019700
28000,300,100,"bu","14:15:24",23018700
28000,300,500,"bu","14:15:24",23018600
28000,300,400,"bu","14:15:24",23018100
28000,300,500,"bu","14:15:24",23017700
28000,300,100,"bu","14:15:24",23017200
28000,300,100,"bu","14:15:23",23017100
28000,300,200,"bu","14:15:22",23017000
28000,300,100,"bu","14:15:22",23016800
28000,300,400,"bu","14:15:22",23016700
28000,300,300,"bu","14:15:19",23016300
28000,300,700,"bu","14:15:19",23016000
28000,300,2000,"bu","14:15:18",23015300
28000,300,100,"bu","14:15:17",23013300
28000,300,200,"bu","14:15:08",23013200
28000,300,500,"bu","14:15:06",23013000
28000,300,7400,"bu","14:15:06",23012500
28000,300,200,"bu","14:15:06",23005100
28000,300,2000,"bu","14:15:06",23004900
28000,300,100,"bu","14:15:06",23002900
28000,300,500,"bu","14:15:01",23002800
28000,300,900,"bu","14:15:01",23002300
28000,300,500,"bu","14:15:00",23001400
28000,300,2000,"bu","14:14:56",23000900
28000,300,100,"bu","14:14:54",22998900
28000,300,1000,"bu","14:14:52",22998800
28000,300,100,"bu","14:14:49",22997800
28000,300,100,"bu","14:14:47",22997700
28000,300,2000,"sd","14:14:40",22997600
28000,300,500,"sd","14:14:40",22995600
28000,300,3000,"sd","14:14:40",22995100
28000,300,1500,"sd","14:14:40",22992100
28000,300,100,"sd","14:14:40",22990600
28000,300,23000,"sd","14:14:40",22990500
28000,300,500,"sd","14:14:40",22967500
28000,300,3000,"sd","14:14:40",22967000
28000,300,400,"sd","14:14:40",22964000
28000,300,100,"sd","14:14:40",22963600
28000,300,1000,"sd","14:14:40",22963500
28000,300,1000,"sd","14:14:40",22962500
28000,300,10000,"sd","14:14:40",22961500
28000,300,700,"sd","14:14:40",22951500
28000,300,20000,"sd","14:14:40",22950800
28000,300,5000,"sd","14:14:40",22930800
28000,300,300,"sd","14:14:40",22925800
28000,300,200,"sd","14:14:40",22925500
28000,300,100,"sd","14:14:40",22925300
28000,300,200,"sd","14:14:40",22925200
28000,300,10000,"sd","14:14:40",22925000
28000,300,500,"sd","14:14:40",22915000
28000,300,700,"sd","14:14:40",22914500
28000,300,1000,"sd","14:14:40",22913800
28000,300,2400,"sd","14:14:40",22912800
28000,300,1000,"sd","14:14:37",22910400
28000,300,3000,"sd","14:14:27",22909400
28000,300,1000,"sd","14:14:26",22906400
28000,300,200,"sd","14:14:24",22905400
28000,300,200,"sd","14:14:21",22905200
28000,300,300,"sd","14:14:07",22905000
28000,300,4900,"sd","14:13:55",22904700
28000,300,100,"sd","14:13:55",22899800
28050,350,1000,"bu","14:13:50",22899700
28050,350,5000,"bu","14:13:46",22898700
28050,350,100,"bu","14:13:44",22893700
28050,350,50000,"sd","14:13:44",22893600
28050,350,3700,"sd","14:13:44",22843600
28050,350,100,"sd","14:13:44",22839900
28100,400,5500,"bu","14:13:35",22839800
28100,400,100,"bu","14:13:28",22834300
28100,400,100,"sd","14:13:27",22834200
28100,400,3000,"sd","14:13:26",22834100
28100,400,10000,"sd","14:13:26",22831100
28100,400,9400,"sd","14:13:26",22821100
28100,400,500,"sd","14:13:26",22811700
28100,400,100,"sd","14:13:26",22811200
28100,400,1000,"sd","14:13:26",22811100
28100,400,800,"sd","14:13:26",22810100
28100,400,1900,"sd","14:13:26",22809300
28100,400,500,"sd","14:13:26",22807400
28100,400,300,"sd","14:13:26",22806900
28100,400,100,"sd","14:13:26",22806600
28100,400,500,"sd","14:13:26",22806500
28100,400,200,"sd","14:13:26",22806000
28100,400,4000,"sd","14:13:26",22805800
28100,400,500,"sd","14:13:24",22801800
28100,400,10500,"sd","14:13:20",22801300
28100,400,1000,"sd","14:13:15",22790800
28100,400,9900,"sd","14:13:15",22789800
28100,400,400,"sd","14:13:14",22779900
28150,450,100,"bu","14:13:14",22779500
28100,400,10000,"sd","14:13:12",22779400
28100,400,1000,"sd","14:13:11",22769400
28100,400,500,"sd","14:13:10",22768400
28100,400,1000,"sd","14:13:10",22767900
28100,400,5800,"sd","14:13:00",22766900
28100,400,200,"sd","14:13:00",22761100
28100,400,12000,"sd","14:13:00",22760900
28100,400,100,"sd","14:12:54",22748900
28100,400,500,"sd","14:12:53",22748800
28100,400,400,"sd","14:12:48",22748300
28100,400,100,"sd","14:12:48",22747900
28100,400,500,"sd","14:12:48",22747800
28100,400,2000,"sd","14:12:48",22747300
28100,400,100,"sd","14:12:48",22745300
28100,400,1000,"sd","14:12:48",22745200
28100,400,1000,"sd","14:12:48",22744200
28100,400,6900,"sd","14:12:48",22743200
28100,400,300,"sd","14:12:45",22736300
28150,450,200,"bu","14:12:34",22736000
28150,450,4900,"bu","14:12:30",22735800
28150,450,100,"bu","14:12:30",22730900
28150,450,5000,"bu","14:12:30",22730800
28150,450,3500,"bu","14:12:30",22725800
28150,450,1500,"bu","14:12:28",22722300
28150,450,1100,"bu","14:12:28",22720800
28150,450,500,"bu","14:12:28",22719700
28150,450,900,"bu","14:12:28",22719200
28150,450,300,"bu","14:12:28",22718300
28150,450,100,"bu","14:12:28",22718000
28150,450,500,"bu","14:12:28",22717900
28150,450,100,"bu","14:12:28",22717400
28150,450,500,"bu","14:12:28",22717300
28150,450,5000,"bu","14:12:28",22716800
28150,450,500,"bu","14:12:28",22711800
28150,450,5500,"bu","14:12:28",22711300
28150,450,1000,"bu","14:12:28",22705800
28150,450,2500,"bu","14:12:28",22704800
28150,450,200,"bu","14:12:20",22702300
28100,400,7900,"sd","14:12:13",22702100
28150,450,700,"bu","14:12:11",22694200
28150,450,1300,"bu","14:12:10",22693500
28150,450,200,"bu","14:12:10",22692200
28150,450,100,"bu","14:12:09",22692000
28150,450,300,"bu","14:12:04",22691900
28150,450,2500,"bu","14:12:03",22691600
28150,450,2500,"bu","14:12:03",22689100
28150,450,4400,"bu","14:11:56",22686600
28150,450,100,"bu","14:11:56",22682200
28150,450,800,"bu","14:11:56",22682100
28150,450,1000,"bu","14:11:56",22681300
28150,450,500,"bu","14:11:56",22680300
28150,450,500,"bu","14:11:56",22679800
28150,450,300,"bu","14:11:56",22679300
28150,450,500,"bu","14:11:56",22679000
28150,450,500,"bu","14:11:56",22678500
28150,450,11400,"bu","14:11:56",22678000
28150,450,100,"bu","14:11:55",22666600
28100,400,200,"sd","14:11:51",22666500
28150,450,1300,"bu","14:11:47",22666300
28150,450,5000,"bu","14:11:43",22665000
28150,450,100,"bu","14:11:41",22660000
28100,400,100,"sd","14:11:40",22659900
28100,400,500,"sd","14:11:37",22659800
28100,400,2000,"sd","14:11:32",22659300
28150,450,26100,"bu","14:11:31",22657300
28150,450,500,"bu","14:11:31",22631200
28150,450,100,"bu","14:11:31",22630700
28150,450,500,"bu","14:11:31",22630600
28150,450,700,"bu","14:11:31",22630100
28150,450,100,"bu","14:11:31",22629400
28150,450,500,"bu","14:11:31",22629300
28150,450,400,"bu","14:11:31",22628800
28150,450,100,"bu","14:11:31",22628400
28150,450,100,"bu","14:11:31",22628300
28150,450,1000,"bu","14:11:31",22628200
28150,450,800,"bu","14:11:31",22627200
28150,450,500,"bu","14:11:31",22626400
28150,450,10000,"bu","14:11:31",22625900
28150,450,4600,"bu","14:11:31",22615900
28150,450,100,"bu","14:11:31",22611300
28150,450,1000,"bu","14:11:31",22611200
28150,450,1000,"bu","14:11:31",22610200
28150,450,10000,"bu","14:11:31",22609200
28150,450,1300,"bu","14:11:31",22599200
28150,450,3000,"bu","14:11:31",22597900
28150,450,6500,"bu","14:11:31",22594900
28150,450,1000,"bu","14:11:31",22588400
28150,450,1000,"bu","14:11:31",22587400
28150,450,2000,"bu","14:11:31",22586400
28150,450,2000,"bu","14:11:31",22584400
28100,400,2000,"sd","14:11:30",22582400
28150,450,3500,"bu","14:11:20",22580400
28150,450,500,"bu","14:11:20",22576900
28150,450,2000,"bu","14:11:20",22576400
28150,450,2000,"bu","14:11:20",22574400
28150,450,200,"bu","14:11:20",22572400
28150,450,100,"bu","14:11:19",22572200
28150,450,200,"bu","14:11:19",22572100
28150,450,1000,"bu","14:11:19",22571900
28150,450,500,"bu","14:11:19",22570900
28100,400,400,"sd","14:11:19",22570400
28100,400,2000,"sd","14:11:11",22570000
28100,400,500,"sd","14:11:08",22568000
28100,400,6000,"sd","14:11:07",22567500
28100,400,1000,"sd","14:11:02",22561500
28100,400,200,"sd","14:10:53",22560500
28100,400,400,"sd","14:10:49",22560300
28100,400,1100,"sd","14:10:44",22559900
28100,400,5000,"sd","14:10:33",22558800
28150,450,300,"bu","14:10:31",22553800
28100,400,300,"sd","14:10:29",22553500
28100,400,100,"sd","14:10:24",22553200
28100,400,200,"sd","14:10:20",22553100
28100,400,1000,"sd","14:10:19",22552900
28100,400,24000,"sd","14:10:15",22551900
28100,400,4000,"sd","14:10:10",22527900
28100,400,500,"sd","14:10:05",22523900
28100,400,100,"bu","14:10:03",22523400
28100,400,800,"bu","14:10:03",22523300
28100,400,1000,"bu","14:10:03",22522500
28100,400,100,"bu","14:10:03",22521500
28100,400,10000,"bu","14:10:03",22521400
28100,400,500,"bu","14:10:03",22511400
28100,400,100,"bu","14:10:03",22510900
28100,400,2000,"bu","14:10:03",22510800
28100,400,1500,"bu","14:10:03",22508800
28100,400,16600,"bu","14:10:03",22507300
28100,400,200,"bu","14:10:03",22490700
28100,400,500,"bu","14:10:03",22490500
28050,350,1000,"sd","14:10:01",22490000
28100,400,100,"bu","14:09:59",22489000
28100,400,500,"bu","14:09:52",22488900
28100,400,7900,"bu","14:09:52",22488400
28100,400,5000,"bu","14:09:52",22480500
28100,400,1000,"bu","14:09:52",22475500
28100,400,200,"bu","14:09:52",22474500
28100,400,4900,"bu","14:09:52",22474300
28100,400,5000,"bu","14:09:52",22469400
28100,400,100,"bu","14:09:52",22464400
28100,400,5000,"bu","14:09:52",22464300
28100,400,500,"bu","14:09:52",22459300
28100,400,100,"bu","14:09:52",22458800
28100,400,100,"bu","14:09:52",22458700
28100,400,1000,"bu","14:09:52",22458600
28100,400,1000,"bu","14:09:52",22457600
28100,400,10000,"bu","14:09:52",22456600
28100,400,100,"bu","14:09:52",22446600
28100,400,500,"bu","14:09:52",22446500
28100,400,100,"bu","14:09:52",22446000
28100,400,300,"bu","14:09:52",22445900
28100,400,500,"bu","14:09:52",22445600
28100,400,500,"bu","14:09:52",22445100
28100,400,400,"bu","14:09:52",22444600
28100,400,10000,"bu","14:09:52",22444200
28100,400,2200,"bu","14:09:52",22434200
28100,400,1600,"bu","14:09:52",22432000
28100,400,300,"bu","14:09:52",22430400
28100,400,500,"bu","14:09:52",22430100
28100,400,100,"bu","14:09:52",22429600
28100,400,100,"bu","14:09:52",22429500
28100,400,1000,"bu","14:09:52",22429400
28100,400,5000,"bu","14:09:52",22428400
28100,400,10000,"bu","14:09:52",22423400
28100,400,1000,"bu","14:09:52",22413400
28100,400,300,"bu","14:09:52",22412400
28100,400,100,"bu","14:09:52",22412100
28100,400,1000,"bu","14:09:52",22412000
28100,400,500,"bu","14:09:52",22411000
28100,400,1000,"bu","14:09:52",22410500
28100,400,200,"bu","14:09:52",22409500
28100,400,100,"bu","14:09:52",22409300
28100,400,1000,"bu","14:09:52",22409200
28100,400,6000,"bu","14:09:52",22408200
28100,400,1500,"bu","14:09:52",22402200
28100,400,2000,"bu","14:09:52",22400700
28100,400,1000,"bu","14:09:52",22398700
28100,400,2000,"bu","14:09:52",22397700
28100,400,1000,"bu","14:09:52",22395700
28100,400,6300,"bu","14:09:52",22394700
28100,400,100,"bu","14:09:36",22388400
28100,400,4100,"bu","14:09:35",22388300
28100,400,500,"bu","14:09:35",22384200
28100,400,4000,"bu","14:09:35",22383700
28100,400,2000,"bu","14:09:35",22379700
28100,400,100,"bu","14:09:35",22377700
28100,400,800,"bu","14:09:35",22377600
28100,400,300,"bu","14:09:35",22376800
28100,400,5000,"bu","14:09:35",22376500
28100,400,300,"bu","14:09:35",22371500
28100,400,500,"bu","14:09:35",22371200
28050,350,20000,"bu","14:09:26",22370700
28050,350,600,"bu","14:09:26",22350700
28050,350,3500,"bu","14:09:26",22350100
28050,350,6500,"bu","14:09:23",22346600
28050,350,100,"bu","14:09:23",22340100
28050,350,17200,"bu","14:09:23",22340000
28050,350,1000,"bu","14:09:23",22322800
28050,350,2000,"bu","14:09:23",22321800
28050,350,500,"bu","14:09:23",22319800
28050,350,2000,"bu","14:09:23",22319300
28050,350,700,"bu","14:09:23",22317300
28050,350,900,"bu","14:09:21",22316600
28050,350,400,"bu","14:09:18",22315700
28050,350,100,"bu","14:09:18",22315300
28050,350,10000,"bu","14:09:15",22315200
28050,350,4900,"bu","14:09:13",22305200
28050,350,10000,"bu","14:09:13",22300300
28050,350,5000,"bu","14:09:13",22290300
28050,350,3000,"bu","14:09:13",22285300
28050,350,100,"bu","14:09:13",22282300
28050,350,3100,"bu","14:09:13",22282200
28050,350,500,"bu","14:09:13",22279100
28050,350,200,"bu","14:09:13",22278600
28050,350,5000,"bu","14:09:13",22278400
28050,350,500,"bu","14:09:13",22273400
28050,350,1000,"bu","14:09:13",22272900
28050,350,5000,"bu","14:09:13",22271900
28050,350,100,"bu","14:09:13",22266900
28050,350,10000,"bu","14:09:13",22266800
28050,350,1600,"bu","14:09:13",22256800
28000,300,2000,"sd","14:08:59",22255200
28000,300,500,"sd","14:08:59",22253200
28000,300,100,"bu","14:08:54",22252700
28000,300,500,"bu","14:08:54",22252600
28000,300,300,"bu","14:08:54",22252100
28000,300,100,"bu","14:08:54",22251800
28000,300,4400,"bu","14:08:54",22251700
28000,300,500,"bu","14:08:54",22247300
28000,300,2000,"bu","14:08:54",22246800
28000,300,4000,"bu","14:08:54",22244800
28000,300,100,"bu","14:08:54",22240800
28000,300,100,"bu","14:08:54",22240700
28000,300,2000,"bu","14:08:54",22240600
28000,300,2500,"bu","14:08:54",22238600
28000,300,800,"bu","14:08:54",22236100
28000,300,1500,"bu","14:08:54",22235300
28000,300,600,"bu","14:08:54",22233800
28000,300,500,"bu","14:08:54",22233200
28000,300,1000,"bu","14:08:54",22232700
28000,300,5000,"bu","14:08:54",22231700
28000,300,100,"bu","14:08:54",22226700
28000,300,700,"bu","14:08:54",22226600
28000,300,100,"bu","14:08:54",22225900
28000,300,100,"bu","14:08:54",22225800
28000,300,1000,"bu","14:08:54",22225700
28000,300,1000,"bu","14:08:54",22224700
28000,300,300,"bu","14:08:54",22223700
28000,300,400,"bu","14:08:54",22223400
28000,300,3000,"bu","14:08:54",22223000
28000,300,500,"bu","14:08:54",22220000
28000,300,2500,"bu","14:08:54",22219500
28000,300,98800,"bu","14:08:54",22217000
28000,300,1200,"bu","14:08:54",22118200
28000,300,400,"bu","14:08:54",22117000
28000,300,500,"bu","14:08:54",22116600
28000,300,300,"bu","14:08:54",22116100
28000,300,2600,"bu","14:08:54",22115800
27950,250,2000,"sd","14:08:49",22113200
27950,250,200,"sd","14:08:29",22111200
28000,300,300,"bu","14:08:25",22111000
28000,300,100,"bu","14:08:20",22110700
27950,250,300,"sd","14:08:18",22110600
28000,300,1000,"bu","14:08:16",22110300
28000,300,300,"bu","14:08:15",22109300
28000,300,5000,"bu","14:08:12",22109000
28000,300,2000,"bu","14:07:44",22104000
27950,250,3700,"sd","14:07:39",22102000
27950,250,1000,"sd","14:07:39",22098300
28000,300,500,"bu","14:07:35",22097300
28000,300,1000,"bu","14:07:32",22096800
28000,300,2000,"bu","14:07:19",22095800
27950,250,2000,"sd","14:07:18",22093800
28000,300,300,"bu","14:07:09",22091800
28000,300,500,"bu","14:07:08",22091500
28000,300,2500,"bu","14:07:03",22091000
27950,250,1000,"sd","14:06:57",22088500
27950,250,100,"sd","14:06:56",22087500
28000,300,1000,"bu","14:06:52",22087400
28000,300,10000,"bu","14:06:52",22086400
28000,300,100,"bu","14:06:48",22076400
28000,300,500,"bu","14:06:44",22076300
28000,300,10000,"bu","14:06:41",22075800
28000,300,200,"bu","14:06:41",22065800
28000,300,200,"bu","14:06:38",22065600
28000,300,400,"bu","14:06:37",22065400
28000,300,20000,"bu","14:06:36",22065000
28000,300,100,"bu","14:06:35",22045000
28000,300,1000,"bu","14:06:31",22044900
28000,300,3000,"bu","14:06:29",22043900
27950,250,200,"sd","14:06:27",22040900
27950,250,500,"sd","14:06:27",22040700
28000,300,300,"bu","14:06:24",22040200
28000,300,10000,"sd","14:06:24",22039900
28000,300,500,"sd","14:06:24",22029900
28000,300,200,"sd","14:06:24",22029400
28000,300,800,"sd","14:06:24",22029200
28000,300,2000,"sd","14:06:24",22028400
28000,300,3000,"sd","14:06:24",22026400
28000,300,500,"sd","14:06:24",22023400
28000,300,300,"sd","14:06:24",22022900
28000,300,4000,"sd","14:06:24",22022600
28000,300,1000,"sd","14:06:24",22018600
28000,300,4000,"sd","14:06:24",22017600
28000,300,700,"sd","14:06:24",22013600
28000,300,200,"sd","14:06:24",22012900
28000,300,400,"sd","14:06:24",22012700
28000,300,300,"sd","14:06:24",22012300
28000,300,100,"sd","14:06:24",22012000
28000,300,400,"sd","14:06:24",22011900
28000,300,200,"sd","14:06:24",22011500
28000,300,1000,"sd","14:06:24",22011300
28000,300,1800,"sd","14:06:24",22010300
28000,300,400,"sd","14:06:24",22008500
28000,300,3000,"sd","14:06:24",22008100
28000,300,300,"sd","14:06:24",22005100
28050,350,400,"bu","14:06:18",22004800
28050,350,900,"bu","14:06:18",22004400
28050,350,200,"bu","14:06:18",22003500
28000,300,100,"sd","14:06:18",22003300
28050,350,100,"bu","14:06:17",22003200
28000,300,5000,"sd","14:06:17",22003100
28000,300,300,"sd","14:06:12",21998100
28000,300,7900,"sd","14:06:05",21997800
28000,300,2000,"sd","14:06:04",21989900
28000,300,3700,"sd","14:06:01",21987900
28000,300,700,"sd","14:06:00",21984200
28000,300,1000,"sd","14:05:51",21983500
28000,300,100,"sd","14:05:43",21982500
28000,300,10000,"sd","14:05:43",21982400
28000,300,5000,"sd","14:05:42",21972400
28000,300,500,"sd","14:05:42",21967400
28000,300,13400,"sd","14:05:41",21966900
28000,300,100,"bu","14:05:36",21953500
28000,300,200,"bu","14:05:36",21953400
28000,300,100,"sd","14:05:32",21953200
28000,300,2700,"sd","14:05:32",21953100
28000,300,200,"bu","14:05:30",21950400
28000,300,100,"bu","14:05:30",21950200
28000,300,2000,"bu","14:05:30",21950100
28000,300,1000,"bu","14:05:27",21948100
28000,300,5000,"bu","14:05:26",21947100
28000,300,2000,"bu","14:05:26",21942100
28000,300,500,"bu","14:05:26",21940100
28000,300,500,"bu","14:05:24",21939600
28000,300,5000,"bu","14:05:24",21939100
28000,300,400,"bu","14:05:24",21934100
28000,300,500,"bu","14:05:24",21933700
28000,300,1000,"bu","14:05:24",21933200
28000,300,1600,"bu","14:05:22",21932200
28000,300,5000,"bu","14:05:21",21930600
28000,300,100,"bu","14:05:16",21925600
28000,300,2400,"bu","14:05:07",21925500
28000,300,100,"bu","14:05:07",21923100
28000,300,1500,"bu","14:05:07",21923000
28000,300,1000,"bu","14:05:07",21921500
28000,300,200,"bu","14:05:07",21920500
28000,300,200,"bu","14:05:07",21920300
28000,300,100,"bu","14:05:07",21920100
28000,300,9600,"bu","14:05:07",21920000
28000,300,1800,"bu","14:05:07",21910400
28000,300,1600,"bu","14:05:07",21908600
28000,300,1000,"bu","14:05:07",21907000
28000,300,100,"bu","14:05:07",21906000
28000,300,500,"bu","14:05:07",21905900
28000,300,4000,"bu","14:05:07",21905400
28000,300,5800,"bu","14:05:07",21901400
28000,300,100,"bu","14:05:07",21895600
28000,300,2000,"bu","14:05:07",21895500
28000,300,2000,"bu","14:05:07",21893500
28000,300,10000,"bu","14:05:07",21891500
28000,300,400,"bu","14:05:07",21881500
28000,300,900,"bu","14:05:03",21881100
28000,300,200,"bu","14:05:02",21880200
28000,300,800,"bu","14:04:58",21880000
28000,300,1200,"bu","14:04:58",21879200
28000,300,100,"bu","14:04:58",21878000
28000,300,500,"bu","14:04:58",21877900
28000,300,1500,"bu","14:04:58",21877400
28000,300,1500,"bu","14:04:58",21875900
28000,300,400,"bu","14:04:58",21874400
28000,300,100,"bu","14:04:58",21874000
28000,300,200,"bu","14:04:56",21873900
28000,300,700,"bu","14:04:56",21873700
28000,300,4100,"bu","14:04:56",21873000
27950,250,300,"sd","14:04:55",21868900
28000,300,100,"bu","14:04:55",21868600
28000,300,800,"bu","14:04:53",21868500
28000,300,200,"bu","14:04:53",21867700
28000,300,300,"bu","14:04:53",21867500
28000,300,100,"bu","14:04:53",21867200
28000,300,100,"bu","14:04:53",21867100
27950,250,200,"sd","14:04:53",21867000
28000,300,600,"bu","14:04:44",21866800
27950,250,600,"sd","14:04:42",21866200
27950,250,100,"sd","14:04:42",21865600
27950,250,4300,"sd","14:04:42",21865500
27950,250,300,"sd","14:04:26",21861200
27950,250,400,"sd","14:04:23",21860900
27950,250,1000,"sd","14:04:13",21860500
27950,250,1000,"sd","14:04:13",21859500
27950,250,300,"sd","14:04:13",21858500
27950,250,2700,"bu","14:04:13",21858200
27900,200,300,"sd","14:04:13",21855500
27950,250,12300,"bu","14:04:11",21855200
27950,250,500,"bu","14:04:11",21842900
27950,250,1000,"bu","14:04:11",21842400
27950,250,2000,"bu","14:04:11",21841400
27950,250,4200,"bu","14:04:11",21839400
27950,250,5000,"bu","14:04:01",21835200
27900,200,500,"sd","14:03:58",21830200
27900,200,4800,"sd","14:03:56",21829700
27950,250,3000,"bu","14:03:55",21824900
27900,200,500,"sd","14:03:55",21821900
27900,200,100,"sd","14:03:55",21821400
27900,200,700,"sd","14:03:55",21821300
27900,200,500,"sd","14:03:54",21820600
27900,200,2000,"sd","14:03:47",21820100
27900,200,1500,"sd","14:03:42",21818100
27900,200,5300,"bu","14:03:39",21816600
27900,200,100,"bu","14:03:39",21811300
27900,200,2000,"bu","14:03:38",21811200
27900,200,600,"bu","14:03:36",21809200
27900,200,200,"bu","14:03:36",21808600
27900,200,2000,"bu","14:03:34",21808400
27900,200,100,"bu","14:03:32",21806400
27900,200,50000,"bu","14:03:30",21806300
27900,200,700,"bu","14:03:28",21756300
27900,200,700,"bu","14:03:25",21755600
27900,200,10000,"bu","14:03:23",21754900
27900,200,2600,"bu","14:03:23",21744900
27900,200,1000,"sd","14:03:23",21742300
27900,200,200,"sd","14:03:23",21741300
27900,200,1000,"sd","14:03:23",21741100
27900,200,10000,"sd","14:03:23",21740100
27900,200,4000,"sd","14:03:23",21730100
27900,200,400,"sd","14:03:23",21726100
27900,200,5000,"sd","14:03:23",21725700
27900,200,300,"sd","14:03:23",21720700
27900,200,100,"sd","14:03:23",21720400
27900,200,2000,"sd","14:03:23",21720300
27900,200,1000,"sd","14:03:23",21718300
27900,200,100,"sd","14:03:23",21717300
27900,200,200,"sd","14:03:23",21717200
27900,200,400,"sd","14:03:23",21717000
27900,200,700,"sd","14:03:13",21716600
27900,200,300,"sd","14:03:06",21715900
27900,200,500,"sd","14:03:05",21715600
27900,200,1000,"bu","14:03:00",21715100
27900,200,1100,"bu","14:03:00",21714100
27900,200,800,"sd","14:02:57",21713000
27900,200,100,"sd","14:02:57",21712200
27900,200,900,"bu","14:02:57",21712100
27900,200,1000,"bu","14:02:54",21711200
27900,200,100,"bu","14:02:50",21710200
27900,200,100,"bu","14:02:48",21710100
27900,200,900,"sd","14:02:47",21710000
27900,200,300,"sd","14:02:44",21709100
27900,200,3800,"bu","14:02:43",21708800
27900,200,100,"bu","14:02:43",21705000
27900,200,500,"bu","14:02:43",21704900
27900,200,100,"sd","14:02:43",21704400
27900,200,1000,"sd","14:02:43",21704300
27900,200,200,"sd","14:02:43",21703300
27900,200,200,"sd","14:02:43",21703100
27900,200,100,"sd","14:02:43",21702900
27900,200,500,"sd","14:02:43",21702800
27900,200,700,"sd","14:02:43",21702300
27900,200,1000,"sd","14:02:43",21701600
27900,200,100,"sd","14:02:43",21700600
27900,200,6000,"sd","14:02:43",21700500
27900,200,300,"sd","14:02:43",21694500
27900,200,400,"sd","14:02:43",21694200
27900,200,200,"sd","14:02:39",21693800
27900,200,300,"sd","14:02:33",21693600
27900,200,300,"sd","14:02:32",21693300
27900,200,500,"sd","14:02:29",21693000
27900,200,300,"sd","14:02:23",21692500
27900,200,500,"sd","14:02:19",21692200
27900,200,500,"sd","14:02:16",21691700
27900,200,5000,"sd","14:02:16",21691200
27900,200,700,"sd","14:02:16",21686200
27900,200,500,"sd","14:02:16",21685500
27900,200,100,"sd","14:02:16",21685000
27900,200,500,"sd","14:02:16",21684900
27900,200,400,"sd","14:02:16",21684400
27900,200,100,"sd","14:02:16",21684000
27900,200,1200,"sd","14:02:16",21683900
27900,200,3800,"sd","14:02:14",21682700
27900,200,100,"sd","14:02:14",21678900
27900,200,2000,"sd","14:02:14",21678800
27900,200,200,"sd","14:02:14",21676800
27900,200,100,"sd","14:02:14",21676600
27900,200,800,"sd","14:02:14",21676500
27900,200,100,"sd","14:02:06",21675700
27900,200,1000,"sd","14:02:06",21675600
27900,200,100,"sd","14:02:06",21674600
27900,200,1000,"sd","14:02:06",21674500
27900,200,10500,"sd","14:02:06",21673500
27900,200,2000,"sd","14:02:06",21663000
27900,200,1000,"sd","14:02:06",21661000
27900,200,100,"sd","14:02:06",21660000
27900,200,1000,"sd","14:02:06",21659900
27900,200,23300,"sd","14:02:06",21658900
27900,200,21000,"sd","14:02:04",21635600
27900,200,2000,"sd","14:01:54",21614600
27950,250,3000,"bu","14:01:53",21612600
27950,250,300,"bu","14:01:44",21609600
27900,200,1000,"sd","14:01:40",21609300
27950,250,100,"bu","14:01:39",21608300
27900,200,1000,"sd","14:01:36",21608200
27950,250,100,"bu","14:01:34",21607200
27950,250,700,"bu","14:01:34",21607100
27900,200,300,"sd","14:01:33",21606400
27950,250,300,"bu","14:01:32",21606100
27950,250,800,"bu","14:01:32",21605800
27900,200,1100,"sd","14:01:31",21605000
27900,200,200,"sd","14:01:31",21603900
27900,200,2200,"sd","14:01:30",21603700
27900,200,20000,"bu","14:01:18",21601500
27900,200,2000,"bu","14:01:18",21581500
27900,200,2000,"bu","14:01:18",21579500
27900,200,4000,"bu","14:01:18",21577500
27900,200,6000,"bu","14:01:18",21573500
27900,200,1800,"bu","14:01:18",21567500
27900,200,100,"bu","14:01:18",21565700
27900,200,4000,"bu","14:01:18",21565600
27900,200,500,"bu","14:01:18",21561600
27900,200,700,"bu","14:01:17",21561100
27900,200,3000,"bu","14:01:17",21560400
27900,200,1000,"bu","14:01:17",21557400
27900,200,2800,"bu","14:01:17",21556400
27900,200,500,"bu","14:01:16",21553600
27900,200,500,"bu","14:01:14",21553100
27900,200,200,"bu","14:01:06",21552600
27850,150,200,"sd","14:01:04",21552400
27900,200,200,"bu","14:01:02",21552200
27900,200,100,"bu","14:01:01",21552000
27900,200,300,"bu","14:01:01",21551900
27900,200,600,"bu","14:01:01",21551600
27900,200,300,"bu","14:01:00",21551000
27900,200,200,"bu","14:01:00",21550700
27900,200,1000,"bu","14:01:00",21550500
27900,200,500,"bu","14:01:00",21549500
27900,200,100,"bu","14:00:59",21549000
27900,200,100,"bu","14:00:59",21548900
27900,200,400,"bu","14:00:55",21548800
27900,200,400,"bu","14:00:55",21548400
27900,200,600,"bu","14:00:54",21548000
27900,200,400,"bu","14:00:54",21547400
27850,150,400,"sd","14:00:54",21547000
27900,200,1000,"bu","14:00:54",21546600
27900,200,900,"bu","14:00:51",21545600
27900,200,100,"bu","14:00:48",21544700
27900,200,100,"bu","14:00:47",21544600
27900,200,100,"bu","14:00:43",21544500
27900,200,3000,"bu","14:00:41",21544400
27900,200,700,"bu","14:00:40",21541400
27900,200,400,"bu","14:00:34",21540700
27850,150,1000,"sd","14:00:31",21540300
27850,150,6000,"sd","14:00:28",21539300
27850,150,300,"sd","14:00:21",21533300
27900,200,600,"bu","14:00:20",21533000
27850,150,100,"sd","14:00:14",21532400
27900,200,1200,"bu","14:00:12",21532300
27850,150,5000,"sd","14:00:10",21531100
27900,200,100,"bu","14:00:09",21526100
27900,200,200,"bu","14:00:08",21526000
27900,200,100,"bu","14:00:04",21525800
27900,200,300,"bu","14:00:01",21525700
27850,150,300,"sd","13:59:41",21525400
27900,200,100,"sd","13:59:41",21525100
27900,200,10000,"sd","13:59:41",21525000
27900,200,200,"sd","13:59:41",21515000
27900,200,500,"sd","13:59:41",21514800
27900,200,1000,"sd","13:59:39",21514300
27900,200,2000,"bu","13:59:36",21513300
27900,200,500,"bu","13:59:36",21511300
27900,200,3500,"sd","13:59:35",21510800
27900,200,1000,"bu","13:59:33",21507300
27900,200,1000,"bu","13:59:33",21506300
27900,200,100,"bu","13:59:30",21505300
27900,200,200,"bu","13:59:30",21505200
27900,200,4000,"bu","13:59:30",21505000
27900,200,700,"bu","13:59:30",21501000
27900,200,300,"bu","13:59:30",21500300
27900,200,100,"bu","13:59:30",21500000
27900,200,100,"bu","13:59:29",21499900
27950,250,900,"bu","13:59:24",21499800
27900,200,2000,"bu","13:59:24",21498900
27900,200,2000,"bu","13:59:24",21496900
27900,200,100,"bu","13:59:24",21494900
27900,200,100,"bu","13:59:22",21494800
27900,200,200,"bu","13:59:22",21494700
27900,200,700,"bu","13:59:22",21494500
27900,200,100,"bu","13:59:20",21493800
27900,200,500,"sd","13:59:17",21493700
27900,200,500,"sd","13:59:17",21493200
27900,200,3200,"sd","13:59:17",21492700
27900,200,1000,"sd","13:59:17",21489500
27900,200,800,"sd","13:59:17",21488500
27900,200,100,"sd","13:59:17",21487700
27900,200,3000,"sd","13:59:17",21487600
27900,200,100,"sd","13:59:17",21484600
27900,200,100,"sd","13:59:17",21484500
27900,200,200,"sd","13:59:17",21484400
27900,200,700,"sd","13:59:17",21484200
27900,200,500,"sd","13:59:16",21483500
27900,200,800,"sd","13:59:16",21483000
27900,200,100,"sd","13:59:16",21482200
27900,200,500,"sd","13:59:16",21482100
27900,200,2500,"sd","13:59:13",21481600
27900,200,100,"sd","13:59:13",21479100
27900,200,700,"sd","13:59:13",21479000
27900,200,100,"sd","13:59:13",21478300
27900,200,1000,"sd","13:59:13",21478200
27900,200,500,"sd","13:59:13",21477200
27900,200,300,"sd","13:59:13",21476700
27900,200,100,"sd","13:59:13",21476400
27900,200,600,"sd","13:59:13",21476300
27900,200,3000,"sd","13:59:13",21475700
27900,200,300,"sd","13:59:13",21472700
27900,200,200,"sd","13:59:13",21472400
27900,200,200,"sd","13:59:13",21472200
27900,200,200,"sd","13:59:13",21472000
27900,200,2200,"sd","13:59:13",21471800
27900,200,500,"sd","13:59:13",21469600
27900,200,1600,"sd","13:59:12",21469100
27900,200,700,"sd","13:59:11",21467500
27900,200,5000,"sd","13:59:10",21466800
27900,200,1500,"sd","13:59:09",21461800
27900,200,2000,"sd","13:59:09",21460300
27900,200,6000,"sd","13:59:09",21458300
27900,200,2000,"sd","13:59:08",21452300
27900,200,500,"sd","13:59:07",21450300
27900,200,200,"sd","13:59:07",21449800
27900,200,4000,"sd","13:59:07",21449600
27900,200,300,"sd","13:59:07",21445600
27900,200,200,"sd","13:59:07",21445300
27900,200,1000,"sd","13:59:07",21445100
27900,200,600,"sd","13:59:07",21444100
27900,200,5000,"sd","13:59:07",21443500
27900,200,1000,"sd","13:59:07",21438500
27900,200,5000,"sd","13:59:07",21437500
27900,200,2000,"sd","13:59:07",21432500
27900,200,200,"sd","13:59:07",21430500
27900,200,2000,"sd","13:59:06",21430300
27900,200,100,"sd","13:59:03",21428300
27900,200,1000,"sd","13:59:03",21428200
27900,200,1900,"sd","13:59:02",21427200
27900,200,1500,"sd","13:59:02",21425300
27900,200,100,"sd","13:59:02",21423800
27900,200,500,"sd","13:59:02",21423700
27900,200,1000,"sd","13:59:02",21423200
27900,200,3200,"sd","13:59:02",21422200
27900,200,3000,"sd","13:59:02",21419000
27900,200,100,"sd","13:59:02",21416000
27900,200,3000,"sd","13:59:02",21415900
27900,200,1000,"sd","13:59:02",21412900
27900,200,700,"sd","13:59:02",21411900
27900,200,500,"sd","13:59:02",21411200
27900,200,2400,"sd","13:59:02",21410700
27900,200,10000,"sd","13:59:02",21408300
27900,200,100,"sd","13:59:02",21398300
27900,200,100,"sd","13:59:02",21398200
27900,200,1000,"sd","13:59:02",21398100
27900,200,100,"sd","13:59:02",21397100
27900,200,500,"sd","13:59:02",21397000
27900,200,4100,"sd","13:59:02",21396500
27900,200,2000,"sd","13:59:02",21392400
27900,200,3200,"sd","13:59:02",21390400
27900,200,500,"sd","13:59:00",21387200
27950,250,200,"bu","13:58:59",21386700
27900,200,1300,"sd","13:58:55",21386500
27900,200,500,"sd","13:58:51",21385200
27900,200,500,"sd","13:58:51",21384700
27900,200,1000,"sd","13:58:51",21384200
27900,200,2700,"sd","13:58:42",21383200
27950,250,1000,"bu","13:58:40",21380500
27900,200,300,"sd","13:58:39",21379500
27900,200,200,"sd","13:58:39",21379200
27900,200,500,"sd","13:58:37",21379000
27900,200,800,"sd","13:58:35",21378500
27900,200,200,"sd","13:58:35",21377700
27900,200,2000,"sd","13:58:35",21377500
27900,200,200,"sd","13:58:35",21375500
27900,200,2000,"sd","13:58:35",21375300
27900,200,1000,"sd","13:58:35",21373300
27900,200,3800,"sd","13:58:35",21372300
27900,200,1200,"sd","13:58:30",21368500
27950,250,400,"bu","13:58:25",21367300
27950,250,100,"bu","13:58:25",21366900
27950,250,5000,"bu","13:58:25",21366800
27950,250,200,"bu","13:58:25",21361800
27950,250,100,"bu","13:58:25",21361600
27950,250,1200,"bu","13:58:25",21361500
27950,250,1000,"bu","13:58:25",21360300
27950,250,4000,"bu","13:58:25",21359300
27950,250,300,"bu","13:58:25",21355300
27950,250,200,"bu","13:58:25",21355000
27950,250,1000,"bu","13:58:25",21354800
27950,250,200,"bu","13:58:25",21353800
27950,250,500,"bu","13:58:25",21353600
27950,250,1500,"bu","13:58:25",21353100
27950,250,100,"sd","13:58:25",21351600
27950,250,1000,"sd","13:58:25",21351500
27950,250,10000,"sd","13:58:25",21350500
27950,250,100,"sd","13:58:25",21340500
27950,250,200,"sd","13:58:25",21340400
27950,250,1000,"sd","13:58:23",21340200
27950,250,100,"sd","13:58:20",21339200
27950,250,1900,"sd","13:58:20",21339100
27950,250,3100,"sd","13:58:16",21337200
27950,250,1000,"sd","13:58:16",21334100
27950,250,3100,"sd","13:58:16",21333100
27950,250,11900,"sd","13:58:13",21330000
27950,250,5000,"sd","13:58:13",21318100
27950,250,200,"sd","13:58:13",21313100
27950,250,200,"sd","13:58:13",21312900
27950,250,1000,"sd","13:58:13",21312700
27950,250,1700,"sd","13:58:13",21311700
27950,250,100,"sd","13:58:13",21310000
27950,250,200,"sd","13:58:11",21309900
27950,250,800,"sd","13:58:11",21309700
27950,250,200,"sd","13:58:10",21308900
27950,250,1000,"sd","13:58:10",21308700
27950,250,800,"sd","13:58:10",21307700
27950,250,100,"sd","13:58:08",21306900
27950,250,3800,"sd","13:58:06",21306800
27950,250,1100,"sd","13:58:06",21303000
27950,250,100,"sd","13:58:06",21301900
27950,250,1200,"sd","13:57:56",21301800
27950,250,3800,"sd","13:57:56",21300600
27950,250,1200,"sd","13:57:55",21296800
27950,250,500,"sd","13:57:55",21295600
27950,250,20000,"sd","13:57:55",21295100
27950,250,700,"sd","13:57:55",21275100
27950,250,700,"sd","13:57:55",21274400
27950,250,1000,"sd","13:57:55",21273700
27950,250,100,"sd","13:57:55",21272700
27950,250,300,"sd","13:57:55",21272600
27950,250,1700,"sd","13:57:55",21272300
28000,300,2000,"bu","13:57:50",21270600
28000,300,17300,"bu","13:57:48",21268600
28000,300,1000,"bu","13:57:48",21251300
28000,300,1700,"bu","13:57:48",21250300
27950,250,1300,"sd","13:57:47",21248600
27950,250,1000,"sd","13:57:47",21247300
27950,250,900,"sd","13:57:47",21246300
27950,250,100,"sd","13:57:47",21245400
27950,250,600,"sd","13:57:47",21245300
27950,250,500,"sd","13:57:47",21244700
27950,250,10000,"sd","13:57:47",21244200
27950,250,600,"sd","13:57:47",21234200
27950,250,5000,"sd","13:57:47",21233600
27950,250,100,"sd","13:57:47",21228600
27950,250,500,"sd","13:57:47",21228500
27950,250,200,"sd","13:57:47",21228000
28000,300,1000,"bu","13:57:46",21227800
28000,300,1000,"bu","13:57:44",21226800
28000,300,2000,"bu","13:57:42",21225800
28000,300,500,"sd","13:57:40",21223800
28000,300,1100,"sd","13:57:40",21223300
28000,300,200,"sd","13:57:40",21222200
28000,300,1000,"sd","13:57:40",21222000
28000,300,1700,"sd","13:57:40",21221000
28050,350,900,"bu","13:57:37",21219300
28000,300,2300,"sd","13:57:36",21218400
28000,300,200,"sd","13:57:36",21216100
28000,300,2500,"sd","13:57:36",21215900
28050,350,2000,"bu","13:57:35",21213400
28000,300,300,"sd","13:57:35",21211400
28000,300,100,"sd","13:57:35",21211100
28000,300,300,"sd","13:57:35",21211000
28000,300,400,"sd","13:57:35",21210700
28000,300,11000,"sd","13:57:35",21210300
28000,300,200,"sd","13:57:35",21199300
28000,300,100,"sd","13:57:35",21199100
28000,300,1300,"sd","13:57:35",21199000
28000,300,3000,"sd","13:57:35",21197700
28000,300,300,"sd","13:57:35",21194700
28000,300,5700,"sd","13:57:35",21194400
28000,300,2600,"sd","13:57:35",21188700
28000,300,200,"sd","13:57:35",21186100
28000,300,900,"sd","13:57:35",21185900
28000,300,400,"sd","13:57:35",21185000
28000,300,600,"sd","13:57:35",21184600
28000,300,1100,"sd","13:57:35",21184000
28000,300,8700,"sd","13:57:35",21182900
28000,300,900,"sd","13:57:35",21174200
28000,300,100,"sd","13:57:35",21173300
28000,300,1600,"sd","13:57:35",21173200
28000,300,2000,"sd","13:57:35",21171600
28000,300,100,"sd","13:57:35",21169600
28000,300,9800,"sd","13:57:35",21169500
28000,300,1000,"sd","13:57:35",21159700
28000,300,12300,"sd","13:57:35",21158700
28000,300,500,"sd","13:57:35",21146400
28000,300,200,"sd","13:57:35",21145900
28000,300,10500,"sd","13:57:35",21145700
28000,300,300,"sd","13:57:35",21135200
28000,300,100,"sd","13:57:35",21134900
28000,300,2100,"sd","13:57:35",21134800
28000,300,20500,"sd","13:57:35",21132700
28000,300,100,"sd","13:57:35",21112200
28000,300,400,"sd","13:57:35",21112100
28000,300,2000,"sd","13:57:35",21111700
28000,300,100,"sd","13:57:35",21109700
28000,300,500,"sd","13:57:35",21109600
28000,300,100,"sd","13:57:35",21109100
28000,300,800,"sd","13:57:35",21109000
28000,300,500,"sd","13:57:35",21108200
28000,300,39000,"sd","13:57:35",21107700
28000,300,2100,"sd","13:57:35",21068700
28000,300,1000,"sd","13:57:35",21066600
28000,300,5000,"sd","13:57:35",21065600
28000,300,2000,"sd","13:57:35",21060600
28000,300,8000,"sd","13:57:35",21058600
28000,300,100,"sd","13:57:35",21050600
28000,300,1100,"sd","13:57:35",21050500
28000,300,2000,"sd","13:57:35",21049400
28000,300,3000,"sd","13:57:35",21047400
28000,300,4000,"sd","13:57:35",21044400
28000,300,100,"sd","13:57:35",21040400
28000,300,200,"sd","13:57:35",21040300
28000,300,1500,"sd","13:57:35",21040100
28000,300,700,"sd","13:57:35",21038600
28000,300,1000,"sd","13:57:35",21037900
28000,300,3000,"sd","13:57:35",21036900
28000,300,1600,"sd","13:57:35",21033900
28000,300,4500,"sd","13:57:35",21032300
28000,300,400,"sd","13:57:35",21027800
28000,300,2000,"sd","13:57:35",21027400
28000,300,500,"sd","13:57:35",21025400
28000,300,400,"sd","13:57:35",21024900
28000,300,1000,"sd","13:57:35",21024500
28000,300,9800,"sd","13:57:35",21023500
28000,300,2000,"sd","13:57:35",21013700
28000,300,100,"sd","13:57:35",21011700
28000,300,200,"sd","13:57:35",21011600
28000,300,7900,"sd","13:57:28",21011400
28000,300,3000,"sd","13:57:25",21003500
28050,350,8000,"bu","13:57:19",21000500
28050,350,1700,"bu","13:57:17",20992500
28050,350,5400,"bu","13:57:02",20990800
28050,350,500,"bu","13:57:02",20985400
28050,350,200,"bu","13:57:02",20984900
28050,350,200,"bu","13:57:02",20984700
28050,350,500,"bu","13:57:02",20984500
28050,350,1200,"bu","13:57:02",20984000
28000,300,100,"sd","13:57:00",20982800
28000,300,300,"sd","13:57:00",20982700
28050,350,1000,"bu","13:56:53",20982400
28050,350,1300,"bu","13:56:42",20981400
28000,300,700,"sd","13:56:38",20980100
28000,300,300,"sd","13:56:38",20979400
28000,300,4700,"sd","13:56:38",20979100
28000,300,300,"sd","13:56:38",20974400
28050,350,600,"bu","13:56:38",20974100
28000,300,100,"sd","13:56:32",20973500
28050,350,3500,"bu","13:56:28",20973400
28000,300,600,"sd","13:56:20",20969900
28000,300,100,"sd","13:56:20",20969300
28000,300,3100,"sd","13:56:20",20969200
28050,350,1500,"bu","13:56:12",20966100
28000,300,100,"sd","13:56:11",20964600
28000,300,100,"sd","13:56:04",20964500
28000,300,6700,"sd","13:56:02",20964400
28000,300,1000,"sd","13:56:02",20957700
28000,300,200,"sd","13:56:02",20956700
28000,300,300,"sd","13:56:02",20956500
28000,300,20000,"sd","13:56:02",20956200
28000,300,1000,"sd","13:56:02",20936200
28000,300,500,"sd","13:56:02",20935200
28000,300,20000,"sd","13:56:02",20934700
28000,300,100,"sd","13:56:02",20914700
28000,300,200,"sd","13:56:02",20914600
28000,300,100,"sd","13:56:01",20914400
28050,350,200,"bu","13:55:59",20914300
28000,300,200,"sd","13:55:53",20914100
28000,300,400,"sd","13:55:48",20913900
28000,300,100,"sd","13:55:45",20913500
28000,300,900,"sd","13:55:45",20913400
28000,300,200,"sd","13:55:39",20912500
28000,300,1000,"sd","13:55:37",20912300
28050,350,100,"bu","13:55:35",20911300
28050,350,5000,"bu","13:55:28",20911200
28050,350,100,"bu","13:55:28",20906200
28050,350,5000,"sd","13:55:27",20906100
28050,350,1000,"sd","13:55:27",20901100
28050,350,1000,"sd","13:55:27",20900100
28050,350,3000,"sd","13:55:27",20899100
28050,350,500,"sd","13:55:27",20896100
28050,350,500,"sd","13:55:27",20895600
28050,350,10000,"sd","13:55:27",20895100
28050,350,500,"sd","13:55:27",20885100
28050,350,1000,"sd","13:55:27",20884600
28050,350,500,"sd","13:55:27",20883600
28050,350,1000,"sd","13:55:27",20883100
28050,350,1100,"sd","13:55:27",20882100
28050,350,500,"sd","13:55:27",20881000
28050,350,2000,"sd","13:55:27",20880500
28050,350,2900,"sd","13:55:27",20878500
28050,350,700,"sd","13:55:27",20875600
28050,350,3800,"sd","13:55:27",20874900
28050,350,100,"sd","13:55:27",20871100
28050,350,13000,"sd","13:55:27",20871000
28050,350,400,"sd","13:55:27",20858000
28050,350,100,"sd","13:55:27",20857600
28050,350,200,"sd","13:55:27",20857500
28050,350,1000,"sd","13:55:27",20857300
28050,350,1700,"sd","13:55:27",20856300
28050,350,100,"sd","13:55:27",20854600
28050,350,3500,"sd","13:55:27",20854500
28050,350,100,"sd","13:55:27",20851000
28050,350,200,"sd","13:55:27",20850900
28050,350,29900,"sd","13:55:27",20850700
28050,350,200,"sd","13:55:27",20820800
28050,350,3000,"sd","13:55:26",20820600
28100,400,300,"bu","13:55:25",20817600
28050,350,500,"sd","13:55:23",20817300
28050,350,10000,"sd","13:55:18",20816800
28050,350,200,"sd","13:55:09",20806800
28050,350,300,"sd","13:55:05",20806600
28100,400,100,"bu","13:54:56",20806300
28050,350,100,"sd","13:54:54",20806200
28050,350,1000,"sd","13:54:52",20806100
28100,400,300,"bu","13:54:48",20805100
28100,400,200,"bu","13:54:48",20804800
28100,400,200,"bu","13:54:46",20804600
28050,350,7900,"sd","13:54:43",20804400
28100,400,10000,"bu","13:54:34",20796500
28050,350,100,"sd","13:54:31",20786500
28100,400,200,"bu","13:54:27",20786400
28100,400,100,"bu","13:54:27",20786200
28100,400,700,"bu","13:54:20",20786100
28100,400,100,"bu","13:54:18",20785400
28100,400,2000,"bu","13:54:16",20785300
28100,400,1000,"bu","13:54:06",20783300
28100,400,500,"bu","13:53:58",20782300
28100,400,1400,"bu","13:53:52",20781800
28100,400,1000,"bu","13:53:45",20780400
28050,350,200,"sd","13:53:43",20779400
28050,350,300,"sd","13:53:42",20779200
28100,400,100,"bu","13:53:36",20778900
28100,400,300,"bu","13:53:36",20778800
28100,400,100,"bu","13:53:33",20778500
28100,400,300,"bu","13:53:32",20778400
28100,400,300,"bu","13:53:29",20778100
28100,400,100,"bu","13:53:29",20777800
28100,400,2000,"bu","13:53:21",20777700
28100,400,9000,"bu","13:53:03",20775700
28050,350,200,"sd","13:53:02",20766700
28050,350,1900,"sd","13:52:57",20766500
28100,400,900,"bu","13:52:54",20764600
28050,350,100,"sd","13:52:54",20763700
28050,350,1000,"sd","13:52:39",20763600
28100,400,1000,"bu","13:52:33",20762600
28100,400,500,"bu","13:52:28",20761600
28100,400,400,"bu","13:52:18",20761100
28100,400,1000,"bu","13:52:17",20760700
28050,350,8800,"sd","13:52:16",20759700
28050,350,1100,"sd","13:52:16",20750900
28050,350,100,"sd","13:52:16",20749800
28100,400,1000,"bu","13:52:09",20749700
28050,350,1000,"sd","13:52:04",20748700
28100,400,900,"bu","13:51:47",20747700
28050,350,200,"sd","13:51:30",20746800
28100,400,14000,"bu","13:51:29",20746600
28100,400,200,"bu","13:51:29",20732600
28100,400,5800,"bu","13:51:29",20732400
28050,350,500,"sd","13:51:21",20726600
28050,350,100,"sd","13:51:19",20726100
28050,350,100,"bu","13:51:17",20726000
28000,300,200,"sd","13:51:14",20725900
28050,350,200,"bu","13:51:10",20725700
28050,350,800,"bu","13:51:10",20725500
28050,350,1000,"bu","13:51:05",20724700
28050,350,200,"bu","13:51:01",20723700
28050,350,500,"bu","13:51:01",20723500
28050,350,1600,"bu","13:51:01",20723000
28050,350,100,"bu","13:50:59",20721400
28050,350,800,"bu","13:50:59",20721300
28050,350,200,"bu","13:50:59",20720500
28050,350,100,"bu","13:50:50",20720300
28050,350,200,"bu","13:50:40",20720200
28050,350,700,"bu","13:50:39",20720000
28050,350,100,"bu","13:50:39",20719300
28050,350,100,"bu","13:50:39",20719200
28050,350,500,"bu","13:50:39",20719100
28000,300,1700,"sd","13:50:39",20718600
28050,350,300,"bu","13:50:29",20716900
28050,350,200,"bu","13:50:24",20716600
28050,350,800,"bu","13:50:24",20716400
28050,350,100,"bu","13:50:21",20715600
28050,350,500,"bu","13:50:21",20715500
28050,350,300,"bu","13:50:21",20715000
28050,350,700,"bu","13:50:09",20714700
28050,350,300,"bu","13:50:09",20714000
28050,350,1000,"bu","13:50:07",20713700
28050,350,200,"bu","13:50:07",20712700
28050,350,4800,"bu","13:50:07",20712500
28050,350,300,"bu","13:50:03",20707700
28050,350,700,"bu","13:49:55",20707400
28050,350,500,"bu","13:49:54",20706700
28050,350,100,"bu","13:49:47",20706200
28050,350,200,"bu","13:49:44",20706100
28050,350,600,"sd","13:49:43",20705900
28050,350,100,"sd","13:49:43",20705300
28050,350,4000,"sd","13:49:43",20705200
28050,350,800,"sd","13:49:43",20701200
28050,350,1000,"sd","13:49:43",20700400
28050,350,300,"sd","13:49:43",20699400
28050,350,1900,"sd","13:49:43",20699100
28050,350,1000,"sd","13:49:43",20697200
28050,350,5600,"sd","13:49:43",20696200
28050,350,2500,"sd","13:49:34",20690600
28050,350,1000,"sd","13:49:34",20688100
28050,350,200,"sd","13:49:34",20687100
28050,350,100,"sd","13:49:34",20686900
28050,350,1200,"sd","13:49:34",20686800
28050,350,600,"sd","13:49:33",20685600
28050,350,1900,"sd","13:49:33",20685000
28050,350,100,"sd","13:49:33",20683100
28050,350,500,"sd","13:49:33",20683000
28050,350,1000,"sd","13:49:33",20682500
28050,350,100,"sd","13:49:33",20681500
28050,350,200,"sd","13:49:33",20681400
28050,350,1500,"sd","13:49:33",20681200
28050,350,500,"sd","13:49:33",20679700
28050,350,100,"sd","13:49:33",20679200
28050,350,100,"sd","13:49:33",20679100
28050,350,400,"sd","13:49:33",20679000
28050,350,500,"sd","13:49:33",20678600
28050,350,800,"sd","13:49:31",20678100
28050,350,1000,"sd","13:49:31",20677300
28050,350,1000,"sd","13:49:31",20676300
28050,350,1000,"sd","13:49:31",20675300
28050,350,100,"sd","13:49:31",20674300
28050,350,4500,"sd","13:49:31",20674200
28050,350,1000,"sd","13:49:28",20669700
28050,350,4500,"sd","13:49:26",20668700
28050,350,100,"sd","13:49:26",20664200
28050,350,3100,"sd","13:49:26",20664100
28050,350,500,"sd","13:49:26",20661000
28050,350,1000,"sd","13:49:26",20660500
28050,350,800,"sd","13:49:26",20659500
28050,350,2200,"sd","13:49:20",20658700
28050,350,1000,"sd","13:49:20",20656500
28050,350,5000,"sd","13:49:20",20655500
28050,350,300,"sd","13:49:20",20650500
28050,350,200,"sd","13:49:04",20650200
28050,350,500,"sd","13:49:04",20650000
28050,350,500,"sd","13:49:04",20649500
28050,350,2000,"sd","13:49:04",20649000
28050,350,700,"sd","13:49:04",20647000
28050,350,300,"sd","13:49:04",20646300
28050,350,100,"sd","13:49:04",20646000
28050,350,200,"sd","13:49:04",20645900
28050,350,500,"sd","13:49:04",20645700
28050,350,3000,"sd","13:49:04",20645200
28050,350,1000,"sd","13:49:04",20642200
28050,350,100,"sd","13:49:04",20641200
28050,350,400,"sd","13:49:04",20641100
28050,350,500,"sd","13:49:04",20640700
28050,350,1000,"sd","13:48:47",20640200
28050,350,2000,"sd","13:48:41",20639200
28050,350,200,"sd","13:48:38",20637200
28050,350,1100,"sd","13:48:37",20637000
28050,350,1000,"sd","13:48:36",20635900
28050,350,1900,"sd","13:48:25",20634900
28050,350,20000,"sd","13:48:20",20633000
28050,350,300,"sd","13:48:14",20613000
28050,350,1000,"sd","13:48:11",20612700
28050,350,1000,"sd","13:48:08",20611700
28050,350,100,"sd","13:48:03",20610700
28050,350,2400,"sd","13:48:00",20610600
28050,350,100,"sd","13:47:55",20608200
28050,350,1000,"sd","13:47:54",20608100
28050,350,25000,"sd","13:47:48",20607100
28050,350,500,"sd","13:47:43",20582100
28050,350,100,"sd","13:47:42",20581600
28050,350,100,"sd","13:47:38",20581500
28050,350,1000,"sd","13:47:34",20581400
28050,350,900,"sd","13:47:32",20580400
28050,350,200,"sd","13:47:31",20579500
28050,350,3000,"sd","13:47:30",20579300
28050,350,3300,"sd","13:47:25",20576300
28050,350,1500,"sd","13:47:13",20573000
28100,400,100,"bu","13:47:13",20571500
28050,350,1000,"sd","13:47:10",20571400
28050,350,5000,"sd","13:47:02",20570400
28100,400,20000,"bu","13:46:58",20565400
28050,350,600,"sd","13:46:57",20545400
28050,350,300,"sd","13:46:57",20544800
28050,350,9300,"sd","13:46:55",20544500
28050,350,1000,"sd","13:46:55",20535200
28050,350,5000,"sd","13:46:55",20534200
28050,350,1000,"sd","13:46:55",20529200
28050,350,1000,"sd","13:46:55",20528200
28050,350,10000,"sd","13:46:55",20527200
28050,350,6800,"sd","13:46:55",20517200
28050,350,15900,"sd","13:46:55",20510400
28100,400,800,"bu","13:46:50",20494500
28100,400,500,"bu","13:46:43",20493700
28050,350,100,"sd","13:46:43",20493200
28050,350,3900,"sd","13:46:43",20493100
28050,350,1000,"sd","13:46:43",20489200
28050,350,500,"sd","13:46:43",20488200
28050,350,1000,"sd","13:46:43",20487700
28050,350,1000,"sd","13:46:43",20486700
28100,400,600,"bu","13:46:42",20485700
28100,400,1000,"bu","13:46:26",20485100
28100,400,700,"bu","13:46:16",20484100
28100,400,500,"sd","13:46:16",20483400
28100,400,100,"sd","13:46:16",20482900
28100,400,3000,"sd","13:46:16",20482800
28100,400,200,"sd","13:46:16",20479800
28100,400,100,"sd","13:46:16",20479600
28100,400,200,"sd","13:46:16",20479500
28100,400,100,"sd","13:46:16",20479300
28100,400,1000,"sd","13:46:16",20479200
28100,400,200,"sd","13:46:16",20478200
28100,400,2000,"sd","13:46:16",20478000
28100,400,300,"sd","13:46:16",20476000
28100,400,500,"sd","13:46:16",20475700
28100,400,500,"sd","13:46:16",20475200
28100,400,300,"sd","13:46:16",20474700
28100,400,300,"sd","13:46:16",20474400
28150,450,2800,"bu","13:46:15",20474100
28150,450,200,"bu","13:46:15",20471300
28150,450,1000,"bu","13:46:15",20471100
28150,450,1000,"bu","13:46:15",20470100
28100,400,500,"sd","13:46:11",20469100
28100,400,1000,"sd","13:46:09",20468600
28100,400,300,"sd","13:46:09",20467600
28100,400,1000,"sd","13:46:09",20467300
28100,400,2000,"sd","13:46:09",20466300
28100,400,900,"sd","13:46:09",20464300
28100,400,500,"sd","13:46:09",20463400
28100,400,100,"sd","13:46:09",20462900
28100,400,2000,"sd","13:46:09",20462800
28100,400,1000,"sd","13:46:08",20460800
28100,400,200,"sd","13:46:08",20459800
28100,400,100,"sd","13:46:08",20459600
28100,400,900,"sd","13:46:08",20459500
28100,400,800,"sd","13:46:05",20458600
28100,400,200,"sd","13:46:05",20457800
28100,400,600,"sd","13:46:05",20457600
28100,400,500,"sd","13:46:05",20457000
28100,400,2000,"sd","13:46:05",20456500
28100,400,5000,"sd","13:46:05",20454500
28100,400,700,"sd","13:46:05",20449500
28100,400,1600,"sd","13:46:05",20448800
28100,400,20000,"sd","13:46:05",20447200
28100,400,50000,"sd","13:46:05",20427200
28100,400,1000,"sd","13:46:05",20377200
28100,400,2500,"sd","13:46:05",20376200
28100,400,10000,"sd","13:46:05",20373700
28100,400,5000,"sd","13:46:05",20363700
28100,400,100,"sd","13:46:05",20358700
28100,400,500,"sd","13:46:02",20358600
28100,400,100,"sd","13:45:49",20358100
28100,400,300,"sd","13:45:41",20358000
28100,400,500,"sd","13:45:41",20357700
28100,400,2700,"sd","13:45:41",20357200
28100,400,11100,"sd","13:45:36",20354500
28100,400,1000,"sd","13:45:34",20343400
28150,450,700,"bu","13:45:33",20342400
28150,450,3000,"bu","13:45:30",20341700
28150,450,500,"bu","13:45:24",20338700
28100,400,400,"sd","13:45:22",20338200
28100,400,2000,"sd","13:45:20",20337800
28100,400,7900,"sd","13:45:19",20335800
28100,400,1000,"sd","13:45:14",20327900
28150,450,300,"bu","13:45:08",20326900
28100,400,1000,"sd","13:45:07",20326600
28100,400,2000,"sd","13:45:04",20325600
28100,400,200,"sd","13:45:03",20323600
28100,400,1000,"sd","13:45:01",20323400
28100,400,20000,"sd","13:44:57",20322400
28100,400,100,"sd","13:44:54",20302400
28100,400,13000,"sd","13:44:52",20302300
28100,400,1500,"sd","13:44:49",20289300
28100,400,100,"sd","13:44:49",20287800
28100,400,1000,"sd","13:44:47",20287700
28100,400,200,"sd","13:44:42",20286700
28100,400,500,"sd","13:44:23",20286500
28150,450,2000,"bu","13:44:08",20286000
28100,400,300,"sd","13:44:06",20284000
28150,450,2000,"bu","13:44:01",20283700
28150,450,100,"bu","13:43:54",20281700
28150,450,300,"bu","13:43:49",20281600
28150,450,100,"bu","13:43:49",20281300
28150,450,1200,"bu","13:43:49",20281200
28150,450,1400,"bu","13:43:47",20280000
28150,450,1000,"bu","13:43:29",20278600
28150,450,1000,"bu","13:43:26",20277600
28150,450,800,"bu","13:43:22",20276600
28150,450,1000,"bu","13:43:17",20275800
28150,450,2000,"bu","13:43:17",20274800
28150,450,500,"bu","13:43:15",20272800
28150,450,1100,"bu","13:43:06",20272300
28150,450,300,"bu","13:43:06",20271200
28150,450,500,"bu","13:43:06",20270900
28150,450,100,"bu","13:43:06",20270400
28150,450,1100,"bu","13:42:44",20270300
28150,450,300,"bu","13:42:44",20269200
28150,450,200,"bu","13:42:40",20268900
28150,450,100,"bu","13:42:39",20268700
28150,450,400,"bu","13:42:38",20268600
28150,450,2000,"bu","13:42:37",20268200
28150,450,700,"bu","13:42:30",20266200
28150,450,500,"bu","13:42:30",20265500
28150,450,500,"bu","13:42:27",20265000
28150,450,500,"bu","13:42:22",20264500
28150,450,900,"bu","13:42:17",20264000
28150,450,200,"bu","13:42:11",20263100
28150,450,2500,"bu","13:42:10",20262900
28150,450,400,"bu","13:42:10",20260400
28150,450,2100,"bu","13:42:10",20260000
28150,450,500,"bu","13:42:06",20257900
28150,450,100,"bu","13:42:06",20257400
28150,450,3000,"bu","13:42:05",20257300
28150,450,200,"bu","13:42:00",20254300
28150,450,3000,"bu","13:41:55",20254100
28150,450,3900,"bu","13:41:50",20251100
28150,450,1100,"bu","13:41:50",20247200
28150,450,200,"bu","13:41:45",20246100
28150,450,1000,"bu","13:41:43",20245900
28150,450,100,"bu","13:41:41",20244900
28150,450,400,"bu","13:41:41",20244800
28150,450,200,"bu","13:41:41",20244400
28150,450,200,"bu","13:41:41",20244200
28150,450,1300,"sd","13:41:40",20244000
28150,450,500,"sd","13:41:40",20242700
28150,450,1000,"sd","13:41:40",20242200
28150,450,500,"sd","13:41:40",20241200
28150,450,1000,"sd","13:41:40",20240700
28150,450,700,"sd","13:41:40",20239700
28150,450,300,"sd","13:41:38",20239000
28150,450,300,"sd","13:41:38",20238700
28150,450,400,"sd","13:41:38",20238400
28150,450,4600,"sd","13:41:37",20238000
28150,450,400,"sd","13:41:37",20233400
28150,450,500,"sd","13:41:37",20233000
28150,450,2500,"sd","13:41:37",20232500
28150,450,700,"sd","13:41:37",20230000
28150,450,4900,"sd","13:41:37",20229300
28150,450,100,"sd","13:41:36",20224400
28150,450,1900,"sd","13:41:36",20224300
28150,450,1000,"sd","13:41:34",20222400
28150,450,600,"sd","13:41:34",20221400
28150,450,1000,"sd","13:41:34",20220800
28150,450,1000,"sd","13:41:34",20219800
28150,450,5000,"sd","13:41:34",20218800
28150,450,1000,"sd","13:41:34",20213800
28150,450,11000,"sd","13:41:34",20212800
28150,450,1000,"sd","13:41:34",20201800
28150,450,1000,"sd","13:41:34",20200800
28150,450,800,"sd","13:41:34",20199800
28150,450,3000,"sd","13:41:34",20199000
28150,450,1000,"sd","13:41:34",20196000
28150,450,1000,"sd","13:41:34",20195000
28150,450,1000,"sd","13:41:34",20194000
28150,450,600,"sd","13:41:34",20193000
28150,450,900,"sd","13:41:32",20192400
28200,500,500,"bu","13:41:26",20191500
28150,450,100,"sd","13:41:22",20191000
28150,450,200,"sd","13:41:02",20190900
28200,500,2000,"bu","13:41:01",20190700
28150,450,500,"sd","13:40:47",20188700
28200,500,300,"bu","13:40:46",20188200
28200,500,500,"bu","13:40:44",20187900
28150,450,100,"sd","13:40:41",20187400
28200,500,500,"bu","13:40:39",20187300
28150,450,200,"sd","13:40:38",20186800
28150,450,500,"sd","13:40:25",20186600
28200,500,100,"bu","13:40:20",20186100
28150,450,500,"sd","13:40:18",20186000
28150,450,100,"sd","13:40:08",20185500
28150,450,500,"sd","13:40:03",20185400
28150,450,900,"sd","13:39:55",20184900
28150,450,1000,"sd","13:39:44",20184000
28150,450,1000,"sd","13:39:37",20183000
28150,450,900,"sd","13:39:37",20182000
28150,450,100,"sd","13:39:37",20181100
28150,450,1000,"bu","13:39:30",20181000
28150,450,1000,"bu","13:39:30",20180000
28150,450,100,"bu","13:39:30",20179000
28150,450,200,"bu","13:39:30",20178900
28150,450,200,"bu","13:39:30",20178700
28150,450,1000,"bu","13:39:29",20178500
28150,450,900,"bu","13:39:27",20177500
28150,450,100,"bu","13:39:27",20176600
28150,450,900,"bu","13:39:24",20176500
28150,450,100,"bu","13:39:24",20175600
28150,450,500,"bu","13:39:24",20175500
28150,450,18500,"bu","13:39:24",20175000
28150,450,2000,"bu","13:39:21",20156500
28150,450,10000,"bu","13:39:18",20154500
28150,450,1000,"bu","13:39:17",20144500
28100,400,900,"sd","13:39:13",20143500
28150,450,2000,"bu","13:39:08",20142600
28150,450,5000,"bu","13:39:05",20140600
28150,450,2000,"bu","13:39:03",20135600
28150,450,9500,"bu","13:39:02",20133600
28150,450,500,"bu","13:39:02",20124100
28150,450,500,"bu","13:38:59",20123600
28150,450,2000,"bu","13:38:59",20123100
28150,450,2400,"bu","13:38:59",20121100
28150,450,100,"bu","13:38:59",20118700
28100,400,8000,"sd","13:38:52",20118600
28150,450,3000,"bu","13:38:44",20110600
28150,450,200,"bu","13:38:43",20107600
28150,450,800,"bu","13:38:42",20107400
28150,450,100,"bu","13:38:40",20106600
28150,450,200,"bu","13:38:32",20106500
28150,450,500,"bu","13:38:26",20106300
28150,450,3000,"bu","13:38:20",20105800
28150,450,1000,"bu","13:38:17",20102800
28150,450,500,"bu","13:38:12",20101800
28150,450,5000,"bu","13:38:05",20101300
28150,450,3000,"sd","13:37:57",20096300
28150,450,300,"sd","13:37:57",20093300
28150,450,9900,"sd","13:37:57",20093000
28150,450,100,"sd","13:37:53",20083100
28150,450,400,"sd","13:37:53",20083000
28150,450,300,"sd","13:37:49",20082600
28150,450,100,"sd","13:37:49",20082300
28150,450,100,"sd","13:37:49",20082200
28150,450,2000,"sd","13:37:47",20082100
28150,450,100,"sd","13:37:46",20080100
28150,450,800,"sd","13:37:45",20080000
28150,450,200,"sd","13:37:45",20079200
28150,450,100,"sd","13:37:45",20079000
28150,450,600,"sd","13:37:45",20078900
28150,450,400,"sd","13:37:43",20078300
28150,450,4600,"sd","13:37:43",20077900
28150,450,500,"sd","13:37:37",20073300
28150,450,500,"sd","13:37:36",20072800
28150,450,1000,"sd","13:37:29",20072300
28150,450,200,"sd","13:37:27",20071300
28150,450,14200,"sd","13:37:22",20071100
28150,450,1000,"sd","13:37:22",20056900
28150,450,800,"sd","13:37:22",20055900
28150,450,2000,"sd","13:37:22",20055100
28150,450,1700,"sd","13:37:22",20053100
28150,450,200,"sd","13:37:22",20051400
28150,450,800,"sd","13:37:22",20051200
28150,450,1000,"sd","13:37:22",20050400
28150,450,1000,"sd","13:37:22",20049400
28150,450,300,"sd","13:37:22",20048400
28150,450,3000,"sd","13:37:22",20048100
28150,450,2000,"sd","13:37:22",20045100
28150,450,500,"sd","13:37:22",20043100
28150,450,1000,"sd","13:37:22",20042600
28150,450,200,"sd","13:37:22",20041600
28150,450,100,"sd","13:37:22",20041400
28150,450,200,"sd","13:37:22",20041300
28150,450,500,"sd","13:37:22",20041100
28150,450,400,"sd","13:37:22",20040600
28150,450,100,"sd","13:37:22",20040200
28150,450,1000,"sd","13:37:22",20040100
28150,450,2000,"sd","13:37:22",20039100
28150,450,36000,"sd","13:37:22",20037100
28150,450,200,"sd","13:37:19",20001100
28150,450,1000,"sd","13:37:09",20000900
28150,450,100,"sd","13:37:08",19999900
28150,450,1000,"sd","13:37:07",19999800
28150,450,300,"sd","13:37:03",19998800
28150,450,1400,"sd","13:37:00",19998500
28150,450,300,"sd","13:37:00",19997100
28150,450,300,"sd","13:37:00",19996800
28150,450,1000,"sd","13:37:00",19996500
28150,450,600,"sd","13:37:00",19995500
28150,450,400,"sd","13:36:59",19994900
28150,450,100,"sd","13:36:59",19994500
28150,450,1000,"sd","13:36:37",19994400
28150,450,500,"sd","13:36:35",19993400
28150,450,200,"sd","13:36:35",19992900
28150,450,5500,"sd","13:36:28",19992700
28150,450,200,"sd","13:36:28",19987200
28150,450,1500,"sd","13:36:28",19987000
28150,450,200,"sd","13:36:27",19985500
28150,450,5000,"sd","13:36:16",19985300
28200,500,1000,"bu","13:36:14",19980300
28150,450,2000,"sd","13:36:10",19979300
28200,500,200,"bu","13:36:01",19977300
28200,500,100,"bu","13:36:00",19977100
28200,500,200,"bu","13:35:51",19977000
28200,500,300,"bu","13:35:51",19976800
28200,500,300,"bu","13:35:51",19976500
28200,500,200,"bu","13:35:49",19976200
28200,500,100,"bu","13:35:48",19976000
28200,500,100,"bu","13:35:40",19975900
28200,500,900,"bu","13:35:38",19975800
28150,450,1000,"sd","13:35:32",19974900
28200,500,400,"bu","13:35:29",19973900
28200,500,1000,"bu","13:35:24",19973500
28200,500,2000,"bu","13:35:11",19972500
28200,500,9200,"bu","13:35:07",19970500
28200,500,1000,"bu","13:35:07",19961300
28200,500,400,"bu","13:35:07",19960300
28200,500,200,"bu","13:35:07",19959900
28200,500,200,"bu","13:35:07",19959700
28200,500,300,"bu","13:35:07",19959500
28200,500,400,"bu","13:35:07",19959200
28200,500,300,"bu","13:35:07",19958800
28200,500,1100,"bu","13:34:58",19958500
28200,500,200,"bu","13:34:57",19957400
28200,500,13400,"bu","13:34:57",19957200
28200,500,400,"bu","13:34:57",19943800
28200,500,200,"bu","13:34:57",19943400
28200,500,1000,"bu","13:34:53",19943200
28200,500,100,"bu","13:34:51",19942200
28200,500,2000,"bu","13:34:46",19942100
28200,500,700,"bu","13:34:37",19940100
28200,500,300,"bu","13:34:37",19939400
28150,450,2000,"sd","13:34:35",19939100
28200,500,200,"bu","13:34:29",19937100
28200,500,500,"bu","13:34:26",19936900
28200,500,500,"bu","13:34:26",19936400
28200,500,100,"bu","13:34:26",19935900
28200,500,300,"bu","13:34:21",19935800
28200,500,500,"bu","13:34:21",19935500
28200,500,100,"bu","13:34:21",19935000
28200,500,1200,"bu","13:34:21",19934900
28200,500,500,"bu","13:34:20",19933700
28200,500,100,"bu","13:34:20",19933200
28200,500,200,"bu","13:34:20",19933100
28200,500,100,"bu","13:34:19",19932900
28200,500,100,"bu","13:34:19",19932800
28200,500,100,"bu","13:34:19",19932700
28100,400,1800,"sd","13:34:14",19932600
28150,450,1000,"sd","13:34:14",19930800
28150,450,200,"sd","13:34:14",19929800
28150,450,17000,"sd","13:34:14",19929600
28150,450,200,"bu","13:34:12",19912600
28150,450,2000,"bu","13:34:12",19912400
28150,450,400,"bu","13:34:12",19910400
28150,450,500,"bu","13:34:12",19910000
28150,450,500,"bu","13:34:12",19909500
28150,450,1000,"bu","13:34:12",19909000
28150,450,200,"bu","13:34:12",19908000
28150,450,100,"bu","13:34:12",19907800
28150,450,200,"bu","13:34:12",19907700
28150,450,500,"bu","13:34:12",19907500
28150,450,500,"bu","13:34:12",19907000
28150,450,100,"bu","13:34:12",19906500
28150,450,500,"bu","13:34:12",19906400
28150,450,500,"bu","13:34:12",19905900
28150,450,5000,"bu","13:34:12",19905400
28150,450,10000,"bu","13:34:12",19900400
28150,450,4000,"bu","13:34:12",19890400
28150,450,100,"bu","13:34:12",19886400
28150,450,1000,"bu","13:34:12",19886300
28150,450,10000,"bu","13:34:12",19885300
28150,450,500,"bu","13:34:12",19875300
28150,450,100,"bu","13:34:12",19874800
28150,450,5000,"bu","13:34:12",19874700
28150,450,5000,"bu","13:34:12",19869700
28150,450,1500,"bu","13:34:12",19864700
28150,450,1000,"bu","13:34:12",19863200
28150,450,10000,"bu","13:34:12",19862200
28150,450,200,"bu","13:34:12",19852200
28150,450,500,"bu","13:34:12",19852000
28150,450,11300,"bu","13:34:12",19851500
28150,450,7500,"bu","13:34:12",19840200
28150,450,500,"bu","13:34:12",19832700
28150,450,100,"bu","13:34:12",19832200
28150,450,2500,"bu","13:34:12",19832100
28150,450,1100,"bu","13:34:12",19829600
28150,450,1000,"bu","13:34:11",19828500
28150,450,1600,"bu","13:34:08",19827500
28150,450,100,"bu","13:34:08",19825900
28150,450,500,"bu","13:34:07",19825800
28150,450,100,"bu","13:34:07",19825300
28150,450,500,"bu","13:34:07",19825200
28150,450,300,"bu","13:34:07",19824700
28150,450,100,"bu","13:34:07",19824400
28150,450,300,"bu","13:34:07",19824300
28150,450,500,"bu","13:34:07",19824000
28150,450,1000,"bu","13:34:07",19823500
28150,450,100,"bu","13:34:05",19822500
28150,450,100,"bu","13:34:05",19822400
28100,400,3000,"bu","13:33:51",19822300
28100,400,16100,"bu","13:33:51",19819300
28100,400,500,"bu","13:33:51",19803200
28100,400,200,"bu","13:33:51",19802700
28100,400,100,"bu","13:33:51",19802500
28100,400,300,"bu","13:33:51",19802400
28100,400,100,"bu","13:33:51",19802100
28100,400,1200,"bu","13:33:51",19802000
28100,400,800,"bu","13:33:51",19800800
28100,400,1200,"bu","13:33:50",19800000
28100,400,3800,"bu","13:33:50",19798800
28100,400,2500,"bu","13:33:48",19795000
28100,400,700,"bu","13:33:48",19792500
28100,400,200,"bu","13:33:48",19791800
28100,400,1600,"bu","13:33:48",19791600
28100,400,100,"bu","13:33:48",19790000
28100,400,400,"bu","13:33:46",19789900
28100,400,6600,"bu","13:33:46",19789500
28100,400,3400,"bu","13:33:45",19782900
28100,400,2000,"bu","13:33:45",19779500
28100,400,500,"bu","13:33:45",19777500
28100,400,1000,"bu","13:33:45",19777000
28100,400,300,"bu","13:33:45",19776000
28100,400,500,"bu","13:33:45",19775700
28100,400,1000,"bu","13:33:45",19775200
28100,400,10000,"bu","13:33:45",19774200
28100,400,6300,"bu","13:33:45",19764200
28100,400,1100,"bu","13:33:44",19757900
28100,400,2000,"bu","13:33:43",19756800
28100,400,800,"bu","13:33:42",19754800
28100,400,1000,"bu","13:33:41",19754000
28100,400,4800,"bu","13:33:37",19753000
28100,400,1000,"bu","13:33:37",19748200
28100,400,100,"bu","13:33:37",19747200
28100,400,4000,"bu","13:33:37",19747100
28100,400,1400,"bu","13:33:37",19743100
28100,400,100,"bu","13:33:37",19741700
28100,400,500,"bu","13:33:37",19741600
28100,400,10000,"bu","13:33:37",19741100
28100,400,5000,"bu","13:33:37",19731100
28100,400,1000,"bu","13:33:37",19726100
28100,400,2000,"bu","13:33:37",19725100
28100,400,400,"bu","13:33:37",19723100
28100,400,400,"bu","13:33:37",19722700
28100,400,200,"bu","13:33:37",19722300
28100,400,500,"bu","13:33:37",19722100
28100,400,2000,"bu","13:33:37",19721600
28100,400,4000,"bu","13:33:37",19719600
28100,400,1600,"bu","13:33:37",19715600
28100,400,500,"bu","13:33:34",19714000
28100,400,300,"bu","13:33:29",19713500
28100,400,1000,"bu","13:33:28",19713200
28100,400,5000,"bu","13:33:27",19712200
28100,400,1600,"bu","13:33:24",19707200
28100,400,400,"bu","13:33:24",19705600
28100,400,100,"bu","13:33:19",19705200
28100,400,900,"bu","13:33:19",19705100
28100,400,100,"bu","13:33:17",19704200
28100,400,400,"bu","13:33:17",19704100
28100,400,100,"bu","13:33:13",19703700
28100,400,500,"bu","13:32:51",19703600
28100,400,1100,"bu","13:32:50",19703100
28100,400,500,"bu","13:32:50",19702000
28100,400,2000,"bu","13:32:50",19701500
28100,400,100,"bu","13:32:50",19699500
28100,400,200,"bu","13:32:50",19699400
28100,400,400,"bu","13:32:50",19699200
28100,400,500,"bu","13:32:50",19698800
28100,400,1300,"bu","13:32:50",19698300
28050,350,900,"bu","13:32:50",19697000
28050,350,200,"bu","13:32:50",19696100
28050,350,100,"bu","13:32:48",19695900
28050,350,1500,"bu","13:32:46",19695800
28050,350,7300,"bu","13:32:45",19694300
28050,350,700,"bu","13:32:45",19687000
28050,350,600,"bu","13:32:45",19686300
28050,350,11400,"bu","13:32:45",19685700
28050,350,500,"bu","13:32:44",19674300
28050,350,500,"bu","13:32:44",19673800
28050,350,2600,"bu","13:32:42",19673300
28050,350,200,"bu","13:32:42",19670700
28050,350,100,"bu","13:32:42",19670500
28050,350,100,"bu","13:32:42",19670400
28050,350,4000,"bu","13:32:42",19670300
28050,350,500,"bu","13:32:42",19666300
28050,350,100,"bu","13:32:41",19665800
28050,350,3400,"bu","13:32:41",19665700
28050,350,1500,"bu","13:32:40",19662300
28050,350,200,"bu","13:32:40",19660800
28050,350,1000,"bu","13:32:40",19660600
28050,350,500,"bu","13:32:40",19659600
28050,350,100,"bu","13:32:40",19659100
28050,350,1700,"bu","13:32:40",19659000
28050,350,300,"bu","13:32:40",19657300
28050,350,3000,"bu","13:32:38",19657000
28050,350,2000,"bu","13:32:32",19654000
28050,350,500,"bu","13:32:30",19652000
28050,350,2500,"bu","13:32:29",19651500
28050,350,500,"bu","13:32:29",19649000
28050,350,2000,"bu","13:32:29",19648500
28050,350,300,"bu","13:32:27",19646500
28050,350,800,"bu","13:32:27",19646200
28000,300,300,"sd","13:32:24",19645400
28050,350,100,"bu","13:32:23",19645100
28050,350,700,"bu","13:32:21",19645000
28050,350,500,"bu","13:32:21",19644300
28050,350,600,"bu","13:32:21",19643800
28050,350,10000,"bu","13:32:18",19643200
28050,350,500,"bu","13:32:16",19633200
28050,350,100,"bu","13:32:15",19632700
28050,350,200,"bu","13:32:15",19632600
28050,350,100,"bu","13:32:14",19632400
28050,350,1000,"bu","13:32:14",19632300
28050,350,100,"bu","13:32:09",19631300
28050,350,8900,"bu","13:32:02",19631200
28050,350,1000,"bu","13:32:02",19622300
28050,350,100,"bu","13:32:02",19621300
28050,350,100,"bu","13:32:02",19621200
28050,350,1200,"bu","13:32:02",19621100
28050,350,8700,"bu","13:32:02",19619900
28050,350,1000,"bu","13:32:01",19611200
28050,350,300,"bu","13:31:47",19610200
28050,350,500,"bu","13:31:47",19609900
28050,350,200,"bu","13:31:47",19609400
28050,350,700,"bu","13:31:47",19609200
28050,350,300,"bu","13:31:47",19608500
28000,300,200,"sd","13:31:37",19608200
28050,350,200,"bu","13:31:30",19608000
28050,350,700,"bu","13:31:30",19607800
28050,350,1600,"bu","13:31:30",19607100
28000,300,700,"sd","13:31:29",19605500
28000,300,500,"sd","13:31:29",19604800
28000,300,1000,"sd","13:31:29",19604300
28000,300,400,"sd","13:31:29",19603300
28000,300,2000,"sd","13:31:29",19602900
28000,300,400,"sd","13:31:29",19600900
28000,300,400,"sd","13:31:24",19600500
28000,300,300,"sd","13:31:24",19600100
28000,300,1000,"sd","13:31:24",19599800
28000,300,3200,"sd","13:31:24",19598800
28000,300,100,"sd","13:31:24",19595600
28000,300,200,"sd","13:31:16",19595500
28000,300,700,"sd","13:31:10",19595300
28000,300,2000,"sd","13:31:10",19594600
28000,300,200,"sd","13:31:10",19592600
28000,300,200,"sd","13:31:10",19592400
28000,300,1000,"sd","13:31:10",19592200
28000,300,900,"sd","13:31:10",19591200
28000,300,800,"sd","13:31:03",19590300
28000,300,200,"sd","13:31:03",19589500
28000,300,200,"sd","13:30:50",19589300
28000,300,1600,"sd","13:30:45",19589100
28000,300,1000,"sd","13:30:45",19587500
28000,300,1000,"sd","13:30:45",19586500
28000,300,100,"sd","13:30:45",19585500
28000,300,100,"sd","13:30:45",19585400
28000,300,100,"sd","13:30:45",19585300
28000,300,500,"sd","13:30:45",19585200
28000,300,3000,"sd","13:30:45",19584700
28000,300,5000,"sd","13:30:45",19581700
28000,300,1000,"sd","13:30:45",19576700
28000,300,500,"sd","13:30:45",19575700
28000,300,1100,"sd","13:30:45",19575200
28000,300,100,"sd","13:30:40",19574100
