"price","change","match_qtty","side","time","total_vol"
24500,0,5100,"bu","14:45:01",124900
24500,0,2000,"bu","14:27:28",119800
24400,-100,100,"sd","14:25:46",117800
24400,-100,100,"sd","14:25:46",117700
24400,-100,500,"sd","14:25:46",117600
24400,-100,800,"sd","14:25:46",117100
24450,-50,200,"bu","14:24:09",116300
24450,-50,100,"sd","14:23:46",116100
24450,-50,1900,"sd","14:23:17",116000
24450,-50,400,"sd","14:23:17",114100
24500,0,1000,"bu","14:22:04",113700
24500,0,1000,"sd","14:21:34",112700
24500,0,5000,"sd","14:21:34",111700
24500,0,1000,"sd","14:21:34",106700
24500,0,5000,"sd","14:21:34",105700
24500,0,1000,"sd","14:21:34",100700
24500,0,1000,"sd","14:21:34",99700
24500,0,1000,"sd","14:21:34",98700
24500,0,1000,"sd","14:21:34",97700
24500,0,1000,"sd","14:21:34",96700
24500,0,2000,"sd","14:21:34",95700
24500,0,300,"sd","14:21:34",93700
24500,0,1000,"sd","14:21:34",93400
24500,0,100,"sd","14:21:34",92400
24500,0,100,"sd","14:21:34",92300
24500,0,100,"sd","14:21:34",92200
24500,0,200,"sd","14:21:34",92100
24500,0,1000,"sd","14:21:34",91900
24500,0,200,"sd","14:21:34",90900
24600,100,100,"bu","13:58:32",90700
24600,100,800,"bu","13:58:32",90600
24600,100,300,"bu","13:58:32",89800
24600,100,200,"bu","13:54:11",89500
24600,100,500,"bu","13:54:11",89300
24500,0,1000,"sd","13:53:54",88800
24500,0,300,"sd","13:53:54",87800
24500,0,600,"sd","13:53:54",87500
24500,0,1300,"sd","13:53:15",86900
24500,0,1500,"sd","13:48:29",85600
24500,0,4500,"sd","13:46:39",84100
24500,0,100,"sd","13:46:39",79600
24500,0,400,"sd","13:46:39",79500
24500,0,100,"sd","13:44:27",79100
24500,0,700,"sd","13:43:58",79000
24500,0,400,"sd","13:43:58",78300
24500,0,500,"sd","13:43:58",77900
24500,0,200,"sd","13:43:58",77400
24500,0,1000,"sd","13:43:58",77200
24500,0,500,"sd","13:43:58",76200
24500,0,1000,"sd","13:43:58",75700
24500,0,200,"sd","13:43:58",74700
24500,0,500,"sd","13:43:58",74500
24500,0,100,"sd","13:42:36",74000
24600,100,100,"bu","13:35:17",73900
24500,0,100,"sd","13:34:13",73800
24500,0,100,"sd","13:34:13",73700
24500,0,4900,"sd","13:32:46",73600
24600,100,3100,"sd","13:32:46",68700
24600,100,100,"sd","13:32:09",65600
24600,100,300,"bu","13:30:01",65500
24600,100,200,"bu","13:29:22",65200
24600,100,200,"bu","13:29:22",65000
24600,100,1000,"bu","13:29:22",64800
24600,100,200,"bu","13:29:22",63800
24500,0,400,"sd","13:27:00",63600
24500,0,200,"sd","13:17:49",63200
24500,0,200,"sd","13:15:29",63000
24500,0,100,"sd","13:15:29",62800
24500,0,100,"sd","13:15:28",62700
24500,0,300,"sd","13:15:28",62600
24500,0,1300,"sd","13:15:28",62300
24500,0,100,"sd","13:08:22",61000
24500,0,200,"sd","13:07:57",60900
24500,0,300,"sd","13:07:57",60700
24500,0,200,"sd","13:07:57",60400
24500,0,100,"sd","13:07:57",60200
24500,0,200,"sd","13:07:57",60100
24500,0,300,"sd","13:06:49",59900
24500,0,100,"sd","13:06:49",59600
24500,0,100,"sd","13:06:49",59500
24500,0,100,"sd","13:06:19",59400
24500,0,100,"sd","13:02:05",59300
24500,0,400,"sd","13:02:05",59200
24500,0,100,"sd","13:02:05",58800
24500,0,400,"sd","13:02:05",58700
24500,0,200,"sd","13:00:20",58300
24500,0,300,"sd","13:00:13",58100
24500,0,100,"sd","13:00:04",57800
24500,0,100,"sd","13:00:02",57700
24500,0,100,"sd","13:00:01",57600
24650,150,100,"bu","13:00:00",57500
24650,150,100,"bu","13:00:00",57400
24500,0,100,"sd","11:27:52",57300
24500,0,100,"sd","11:26:31",57200
24500,0,1000,"sd","11:26:27",57100
24500,0,100,"sd","11:11:13",56100
24600,100,100,"sd","11:11:13",56000
24500,0,100,"sd","11:06:29",55900
24500,0,300,"sd","10:59:01",55800
24600,100,200,"sd","10:59:01",55500
24600,100,2000,"bu","10:58:51",55300
24600,100,7800,"bu","10:58:51",53300
24600,100,100,"bu","10:47:05",45500
24600,100,1000,"bu","10:46:00",45400
24600,100,100,"bu","10:36:54",44400
24600,100,100,"bu","10:36:34",44300
24500,0,100,"sd","10:21:47",44200
24500,0,2000,"sd","10:13:00",44100
24500,0,200,"sd","10:13:00",42100
24500,0,2000,"sd","10:13:00",41900
24500,0,200,"sd","10:13:00",39900
24550,50,200,"sd","10:13:00",39700
24550,50,500,"sd","10:13:00",39500
24500,0,500,"sd","10:13:00",39000
24550,50,500,"sd","10:13:00",38500
24500,0,500,"sd","10:13:00",38000
24550,50,1000,"sd","10:13:00",37500
24500,0,500,"sd","10:12:59",36500
24500,0,200,"sd","10:12:59",36000
24500,0,300,"sd","10:12:59",35800
24500,0,300,"sd","10:12:59",35500
24500,0,500,"sd","10:12:59",35200
24500,0,500,"sd","10:12:59",34700
24500,0,100,"sd","10:12:59",34200
24600,100,100,"sd","10:12:18",34100
24600,100,800,"sd","10:12:18",34000
24600,100,200,"sd","10:00:40",33200
24600,100,500,"sd","10:00:40",33000
24600,100,300,"sd","10:00:40",32500
24600,100,800,"sd","10:00:40",32200
24650,150,1000,"sd","10:00:40",31400
24650,150,100,"sd","10:00:40",30400
24650,150,200,"sd","10:00:40",30300
24650,150,600,"sd","10:00:40",30100
24650,150,500,"sd","10:00:40",29500
24650,150,500,"sd","10:00:40",29000
24700,200,300,"sd","10:00:40",28500
24700,200,100,"bu","09:59:07",28200
24700,200,900,"bu","09:59:07",28100
24700,200,700,"bu","09:57:10",27200
24700,200,100,"bu","09:56:19",26500
24700,200,1000,"bu","09:55:06",26400
24700,200,2000,"bu","09:54:42",25400
24700,200,100,"bu","09:54:17",23400
24700,200,1100,"sd","09:53:44",23300
24700,200,900,"sd","09:53:41",22200
24700,200,900,"sd","09:53:41",21300
24700,200,100,"bu","09:48:22",20400
24700,200,100,"bu","09:45:10",20300
24700,200,100,"bu","09:44:24",20200
24700,200,900,"bu","09:43:50",20100
24700,200,300,"bu","09:43:50",19200
24700,200,100,"bu","09:43:29",18900
24700,200,100,"bu","09:42:54",18800
24700,200,500,"bu","09:40:44",18700
24700,200,500,"bu","09:40:44",18200
24700,200,2800,"bu","09:36:58",17700
24700,200,800,"bu","09:34:27",14900
24650,150,100,"sd","09:28:42",14100
24700,200,900,"bu","09:27:43",14000
24700,200,1500,"sd","09:25:34",13100
24700,200,100,"sd","09:24:58",11600
24700,200,2000,"bu","09:24:36",11500
24750,250,1800,"bu","09:21:19",9500
24750,250,300,"bu","09:21:07",7700
24750,250,500,"bu","09:20:38",7400
24700,200,100,"sd","09:20:35",6900
24700,200,1200,"bu","09:20:08",6800
24700,200,1000,"sd","09:20:02",5600
24750,250,800,"bu","09:19:39",4600
24700,200,1000,"bu","09:16:24",3800
24700,200,500,"sd","09:16:20",2800
24800,300,1700,"bu","09:16:18",2300
24800,300,100,"bu","09:16:18",600
24600,100,500,"sd","09:15:00",500
