"price","change","match_qtty","side","time","total_vol"
17350,-50,1011500,"unknown","14:45:01",18813300
17350,-50,500,"sd","14:29:58",17801800
17350,-50,5000,"sd","14:29:57",17801300
17350,-50,1100,"sd","14:29:57",17796300
17350,-50,5900,"sd","14:29:56",17795200
17350,-50,100,"sd","14:29:56",17789300
17350,-50,3400,"sd","14:29:53",17789200
17350,-50,1600,"sd","14:29:53",17785800
17350,-50,100,"sd","14:29:52",17784200
17350,-50,3000,"sd","14:29:51",17784100
17400,0,2000,"bu","14:29:51",17781100
17350,-50,5300,"sd","14:29:49",17779100
17350,-50,200,"sd","14:29:49",17773800
17350,-50,200,"sd","14:29:49",17773600
17350,-50,1300,"sd","14:29:49",17773400
17350,-50,400,"sd","14:29:48",17772100
17350,-50,200,"sd","14:29:47",17771700
17350,-50,1600,"sd","14:29:46",17771500
17350,-50,400,"sd","14:29:46",17769900
17350,-50,500,"sd","14:29:44",17769500
17350,-50,600,"sd","14:29:42",17769000
17350,-50,500,"sd","14:29:42",17768400
17350,-50,200,"sd","14:29:42",17767900
17350,-50,100,"sd","14:29:42",17767700
17350,-50,100,"sd","14:29:42",17767600
17350,-50,2100,"sd","14:29:42",17767500
17350,-50,1000,"sd","14:29:42",17765400
17350,-50,900,"sd","14:29:40",17764400
17350,-50,1000,"sd","14:29:40",17763500
17350,-50,600,"sd","14:29:40",17762500
17350,-50,200,"sd","14:29:37",17761900
17350,-50,200,"sd","14:29:37",17761700
17350,-50,100,"sd","14:29:37",17761500
17350,-50,1900,"sd","14:29:35",17761400
17350,-50,2000,"sd","14:29:35",17759500
17350,-50,600,"sd","14:29:35",17757500
17350,-50,1000,"sd","14:29:35",17756900
17350,-50,4000,"sd","14:29:33",17755900
17350,-50,2000,"sd","14:29:33",17751900
17350,-50,1000,"sd","14:29:33",17749900
17350,-50,300,"sd","14:29:33",17748900
17350,-50,100,"sd","14:29:33",17748600
17350,-50,100,"sd","14:29:33",17748500
17350,-50,1000,"sd","14:29:33",17748400
17350,-50,1000,"sd","14:29:33",17747400
17350,-50,3000,"sd","14:29:33",17746400
17350,-50,4900,"sd","14:29:33",17743400
17350,-50,1000,"sd","14:29:31",17738500
17400,0,500,"bu","14:29:31",17737500
17350,-50,4000,"sd","14:29:29",17737000
17350,-50,2000,"sd","14:29:27",17733000
17350,-50,1000,"sd","14:29:26",17731000
17350,-50,100,"sd","14:29:25",17730000
17350,-50,1000,"sd","14:29:25",17729900
17350,-50,1000,"sd","14:29:25",17728900
17350,-50,500,"sd","14:29:25",17727900
17350,-50,1000,"sd","14:29:25",17727400
17350,-50,200,"sd","14:29:25",17726400
17350,-50,200,"sd","14:29:25",17726200
17350,-50,300,"sd","14:29:25",17726000
17350,-50,2000,"sd","14:29:25",17725700
17350,-50,200,"sd","14:29:25",17723700
17350,-50,500,"sd","14:29:21",17723500
17400,0,100,"bu","14:29:20",17723000
17350,-50,100,"sd","14:29:18",17722900
17350,-50,1000,"sd","14:29:18",17722800
17350,-50,200,"sd","14:29:18",17721800
17350,-50,5000,"sd","14:29:18",17721600
17350,-50,2000,"sd","14:29:18",17716600
17350,-50,100,"sd","14:29:18",17714600
17350,-50,1000,"sd","14:29:18",17714500
17350,-50,700,"sd","14:29:18",17713500
17350,-50,1200,"sd","14:29:17",17712800
17350,-50,200,"sd","14:29:12",17711600
17400,0,300,"bu","14:29:11",17711400
17350,-50,5000,"sd","14:29:10",17711100
17350,-50,1000,"sd","14:29:08",17706100
17350,-50,1900,"sd","14:29:01",17705100
17350,-50,1100,"sd","14:29:01",17703200
17350,-50,100,"sd","14:28:50",17702100
17350,-50,300,"sd","14:28:50",17702000
17350,-50,500,"sd","14:28:50",17701700
17350,-50,3000,"sd","14:28:50",17701200
17350,-50,800,"sd","14:28:50",17698200
17350,-50,1000,"sd","14:28:50",17697400
17350,-50,3800,"sd","14:28:50",17696400
17350,-50,600,"sd","14:28:50",17692600
17400,0,200,"bu","14:28:49",17692000
17350,-50,1000,"sd","14:28:48",17691800
17400,0,100,"bu","14:28:48",17690800
17400,0,1000,"bu","14:28:46",17690700
17350,-50,800,"sd","14:28:45",17689700
17350,-50,2000,"sd","14:28:44",17688900
17350,-50,1000,"sd","14:28:43",17686900
17350,-50,100,"sd","14:28:42",17685900
17350,-50,500,"sd","14:28:41",17685800
17350,-50,5000,"sd","14:28:39",17685300
17350,-50,700,"sd","14:28:39",17680300
17350,-50,400,"sd","14:28:35",17679600
17350,-50,1000,"sd","14:28:30",17679200
17350,-50,10000,"sd","14:28:28",17678200
17350,-50,1500,"sd","14:28:28",17668200
17350,-50,1800,"sd","14:28:26",17666700
17400,0,1100,"bu","14:28:25",17664900
17350,-50,12000,"sd","14:28:24",17663800
17350,-50,1000,"sd","14:28:24",17651800
17350,-50,500,"sd","14:28:21",17650800
17400,0,1000,"bu","14:28:21",17650300
17350,-50,1000,"sd","14:28:21",17649300
17350,-50,200,"sd","14:28:21",17648300
17350,-50,500,"sd","14:28:11",17648100
17350,-50,10000,"sd","14:28:00",17647600
17350,-50,3200,"bu","14:27:58",17637600
17350,-50,1000,"bu","14:27:58",17634400
17350,-50,1500,"bu","14:27:58",17633400
17350,-50,1000,"bu","14:27:58",17631900
17350,-50,100,"bu","14:27:58",17630900
17350,-50,100,"bu","14:27:58",17630800
17350,-50,500,"bu","14:27:58",17630700
17350,-50,100,"bu","14:27:58",17630200
17350,-50,200,"bu","14:27:58",17630100
17350,-50,100,"bu","14:27:58",17629900
17350,-50,1000,"bu","14:27:58",17629800
17350,-50,100,"bu","14:27:58",17628800
17350,-50,300,"bu","14:27:58",17628700
17350,-50,3000,"bu","14:27:58",17628400
17350,-50,300,"bu","14:27:58",17625400
17350,-50,200,"bu","14:27:58",17625100
17350,-50,2500,"bu","14:27:58",17624900
17350,-50,7000,"bu","14:27:58",17622400
17350,-50,4000,"bu","14:27:58",17615400
17350,-50,1000,"bu","14:27:58",17611400
17350,-50,5000,"bu","14:27:58",17610400
17350,-50,5000,"bu","14:27:58",17605400
17350,-50,800,"bu","14:27:58",17600400
17350,-50,2500,"bu","14:27:58",17599600
17350,-50,2900,"bu","14:27:58",17597100
17350,-50,800,"bu","14:27:58",17594200
17350,-50,200,"bu","14:27:58",17593400
17350,-50,100,"bu","14:27:58",17593200
17350,-50,500,"bu","14:27:58",17593100
17350,-50,500,"bu","14:27:58",17592600
17350,-50,2000,"bu","14:27:58",17592100
17350,-50,200,"bu","14:27:58",17590100
17350,-50,12100,"bu","14:27:58",17589900
17350,-50,1700,"bu","14:27:58",17577800
17350,-50,100,"bu","14:27:58",17576100
17350,-50,2000,"bu","14:27:58",17576000
17350,-50,200,"bu","14:27:58",17574000
17350,-50,100,"bu","14:27:58",17573800
17350,-50,4000,"bu","14:27:58",17573700
17350,-50,1000,"bu","14:27:58",17569700
17350,-50,300,"bu","14:27:58",17568700
17350,-50,500,"bu","14:27:58",17568400
17350,-50,300,"bu","14:27:58",17567900
17350,-50,100,"bu","14:27:58",17567600
17350,-50,2000,"bu","14:27:58",17567500
17350,-50,4500,"bu","14:27:58",17565500
17350,-50,1500,"bu","14:27:58",17561000
17350,-50,600,"bu","14:27:58",17559500
17350,-50,2400,"bu","14:27:58",17558900
17350,-50,600,"bu","14:27:58",17556500
17350,-50,6000,"bu","14:27:58",17555900
17350,-50,700,"bu","14:27:58",17549900
17350,-50,100,"bu","14:27:58",17549200
17350,-50,2000,"bu","14:27:58",17549100
17350,-50,500,"bu","14:27:58",17547100
17350,-50,300,"bu","14:27:58",17546600
17350,-50,100,"bu","14:27:58",17546300
17350,-50,1000,"bu","14:27:58",17546200
17350,-50,200,"bu","14:27:58",17545200
17350,-50,1000,"bu","14:27:58",17545000
17350,-50,100,"bu","14:27:58",17544000
17350,-50,500,"bu","14:27:58",17543900
17350,-50,100,"bu","14:27:58",17543400
17350,-50,100,"bu","14:27:58",17543300
17350,-50,100,"bu","14:27:58",17543200
17350,-50,700,"bu","14:27:58",17543100
17350,-50,1300,"bu","14:27:58",17542400
17350,-50,300,"bu","14:27:58",17541100
17350,-50,400,"bu","14:27:58",17540800
17350,-50,5000,"bu","14:27:57",17540400
17350,-50,500,"bu","14:27:57",17535400
17350,-50,5000,"bu","14:27:57",17534900
17350,-50,400,"bu","14:27:56",17529900
17350,-50,300,"bu","14:27:55",17529500
17350,-50,1000,"bu","14:27:55",17529200
17350,-50,6000,"bu","14:27:54",17528200
17350,-50,6000,"bu","14:27:54",17522200
17350,-50,5000,"bu","14:27:53",17516200
17350,-50,400,"bu","14:27:53",17511200
17350,-50,100,"bu","14:27:53",17510800
17350,-50,900,"bu","14:27:53",17510700
17350,-50,700,"bu","14:27:53",17509800
17350,-50,1000,"bu","14:27:53",17509100
17350,-50,300,"bu","14:27:53",17508100
17350,-50,1000,"bu","14:27:53",17507800
17350,-50,500,"bu","14:27:53",17506800
17350,-50,700,"bu","14:27:53",17506300
17350,-50,500,"bu","14:27:52",17505600
17350,-50,600,"bu","14:27:52",17505100
17350,-50,200,"bu","14:27:50",17504500
17350,-50,1000,"bu","14:27:50",17504300
17350,-50,100,"bu","14:27:50",17503300
17350,-50,500,"bu","14:27:50",17503200
17350,-50,1000,"bu","14:27:50",17502700
17350,-50,400,"bu","14:27:50",17501700
17350,-50,3000,"bu","14:27:50",17501300
17350,-50,1000,"bu","14:27:50",17498300
17350,-50,1500,"bu","14:27:50",17497300
17350,-50,1000,"bu","14:27:50",17495800
17350,-50,300,"bu","14:27:50",17494800
17350,-50,1000,"bu","14:27:49",17494500
17350,-50,1100,"bu","14:27:49",17493500
17350,-50,1500,"bu","14:27:49",17492400
17350,-50,1000,"bu","14:27:49",17490900
17350,-50,1400,"bu","14:27:49",17489900
17350,-50,3500,"bu","14:27:48",17488500
17350,-50,500,"bu","14:27:48",17485000
17300,-100,100,"sd","14:27:48",17484500
17300,-100,100,"sd","14:27:48",17484400
17350,-50,1500,"bu","14:27:47",17484300
17350,-50,300,"bu","14:27:46",17482800
17350,-50,600,"bu","14:27:46",17482500
17350,-50,200,"bu","14:27:46",17481900
17350,-50,1000,"bu","14:27:44",17481700
17350,-50,200,"bu","14:27:44",17480700
17350,-50,800,"bu","14:27:44",17480500
17350,-50,100,"bu","14:27:44",17479700
17350,-50,500,"bu","14:27:44",17479600
17350,-50,300,"bu","14:27:43",17479100
17350,-50,300,"bu","14:27:43",17478800
17350,-50,300,"bu","14:27:43",17478500
17350,-50,100,"bu","14:27:43",17478200
17350,-50,1000,"bu","14:27:43",17478100
17350,-50,1600,"bu","14:27:42",17477100
17350,-50,500,"bu","14:27:42",17475500
17350,-50,2500,"bu","14:27:42",17475000
17350,-50,100,"bu","14:27:42",17472500
17350,-50,200,"bu","14:27:42",17472400
17350,-50,600,"bu","14:27:42",17472200
17350,-50,2900,"bu","14:27:42",17471600
17350,-50,7100,"bu","14:27:40",17468700
17350,-50,100,"bu","14:27:40",17461600
17350,-50,300,"bu","14:27:40",17461500
17350,-50,2000,"bu","14:27:40",17461200
17350,-50,1200,"bu","14:27:40",17459200
17350,-50,100,"bu","14:27:40",17458000
17350,-50,300,"bu","14:27:40",17457900
17350,-50,100,"bu","14:27:40",17457600
17350,-50,300,"bu","14:27:40",17457500
17350,-50,100,"bu","14:27:40",17457200
17350,-50,1500,"bu","14:27:40",17457100
17350,-50,700,"bu","14:27:40",17455600
17350,-50,4000,"bu","14:27:40",17454900
17350,-50,500,"bu","14:27:40",17450900
17350,-50,19700,"bu","14:27:40",17450400
17350,-50,1900,"bu","14:27:40",17430700
17350,-50,100,"bu","14:27:40",17428800
17350,-50,1000,"bu","14:27:39",17428700
17350,-50,200,"bu","14:27:37",17427700
17350,-50,200,"bu","14:27:36",17427500
17350,-50,500,"bu","14:27:36",17427300
17350,-50,200,"bu","14:27:36",17426800
17350,-50,300,"bu","14:27:36",17426600
17350,-50,600,"bu","14:27:35",17426300
17350,-50,2400,"bu","14:27:35",17425700
17350,-50,400,"bu","14:27:35",17423300
17350,-50,100,"bu","14:27:35",17422900
17350,-50,900,"bu","14:27:35",17422800
17350,-50,500,"bu","14:27:35",17421900
17350,-50,1000,"bu","14:27:35",17421400
17350,-50,100,"bu","14:27:34",17420400
17300,-100,900,"sd","14:27:34",17420300
17300,-100,5000,"sd","14:27:34",17419400
17300,-100,5000,"sd","14:27:34",17414400
17300,-100,1000,"sd","14:27:34",17409400
17300,-100,6100,"sd","14:27:34",17408400
17300,-100,1000,"sd","14:27:34",17402300
17350,-50,500,"bu","14:27:31",17401300
17350,-50,200,"bu","14:27:31",17400800
17350,-50,200,"bu","14:27:29",17400600
17350,-50,800,"bu","14:27:29",17400400
17350,-50,3100,"bu","14:27:26",17399600
17350,-50,1000,"bu","14:27:25",17396500
17350,-50,100,"bu","14:27:24",17395500
17350,-50,1000,"bu","14:27:24",17395400
17350,-50,500,"bu","14:27:24",17394400
17300,-100,100,"sd","14:27:24",17393900
17350,-50,100,"bu","14:27:22",17393800
17300,-100,1000,"sd","14:27:20",17393700
17350,-50,400,"bu","14:27:20",17392700
17350,-50,1000,"bu","14:27:16",17392300
17350,-50,1000,"bu","14:27:16",17391300
17350,-50,1000,"bu","14:27:16",17390300
17350,-50,1800,"bu","14:27:15",17389300
17350,-50,1100,"bu","14:27:15",17387500
17300,-100,100,"sd","14:27:14",17386400
17350,-50,1000,"bu","14:27:11",17386300
17350,-50,2900,"bu","14:27:09",17385300
17350,-50,5000,"bu","14:27:09",17382400
17350,-50,2100,"bu","14:27:09",17377400
17300,-100,500,"sd","14:27:08",17375300
17350,-50,500,"bu","14:27:06",17374800
17350,-50,100,"bu","14:27:05",17374300
17350,-50,200,"bu","14:27:05",17374200
17300,-100,13000,"sd","14:27:04",17374000
17350,-50,1100,"bu","14:27:04",17361000
17350,-50,600,"bu","14:27:04",17359900
17350,-50,8300,"bu","14:27:04",17359300
17350,-50,10000,"bu","14:27:01",17351000
17350,-50,1000,"bu","14:27:01",17341000
17350,-50,400,"bu","14:26:59",17340000
17350,-50,100,"bu","14:26:59",17339600
17350,-50,500,"bu","14:26:59",17339500
17350,-50,100,"bu","14:26:59",17339000
17350,-50,1400,"bu","14:26:59",17338900
17350,-50,4800,"bu","14:26:59",17337500
17350,-50,700,"bu","14:26:59",17332700
17350,-50,200,"bu","14:26:59",17332000
17350,-50,100,"bu","14:26:56",17331800
17350,-50,900,"bu","14:26:56",17331700
17350,-50,100,"bu","14:26:54",17330800
17350,-50,500,"bu","14:26:53",17330700
17350,-50,100,"bu","14:26:52",17330200
17300,-100,200,"sd","14:26:51",17330100
17300,-100,600,"sd","14:26:43",17329900
17350,-50,11800,"bu","14:26:42",17329300
17300,-100,500,"sd","14:26:39",17317500
17350,-50,1000,"bu","14:26:38",17317000
17350,-50,2000,"bu","14:26:36",17316000
17350,-50,1000,"bu","14:26:34",17314000
17350,-50,1000,"bu","14:26:32",17313000
17350,-50,300,"bu","14:26:31",17312000
17350,-50,10000,"bu","14:26:31",17311700
17300,-100,600,"sd","14:26:31",17301700
17300,-100,10000,"sd","14:26:31",17301100
17300,-100,2900,"sd","14:26:29",17291100
17300,-100,2000,"sd","14:26:29",17288200
17300,-100,100,"sd","14:26:29",17286200
17350,-50,2300,"bu","14:26:29",17286100
17350,-50,200,"bu","14:26:27",17283800
17350,-50,300,"bu","14:26:27",17283600
17300,-100,200,"sd","14:26:26",17283300
17350,-50,2100,"bu","14:26:24",17283100
17350,-50,100,"bu","14:26:24",17281000
17350,-50,10000,"bu","14:26:24",17280900
17350,-50,400,"bu","14:26:22",17270900
17350,-50,300,"bu","14:26:17",17270500
17350,-50,1000,"bu","14:26:17",17270200
17300,-100,200,"sd","14:26:16",17269200
17300,-100,200,"sd","14:26:16",17269000
17350,-50,10000,"bu","14:26:16",17268800
17350,-50,200,"bu","14:26:15",17258800
17350,-50,4500,"bu","14:26:13",17258600
17350,-50,100,"bu","14:26:09",17254100
17300,-100,3800,"sd","14:26:09",17254000
17350,-50,2000,"bu","14:26:07",17250200
17350,-50,1000,"bu","14:26:07",17248200
17350,-50,20000,"bu","14:26:04",17247200
17350,-50,200,"bu","14:26:03",17227200
17350,-50,3800,"bu","14:26:01",17227000
17350,-50,1000,"bu","14:26:00",17223200
17350,-50,10000,"bu","14:25:58",17222200
17350,-50,100,"bu","14:25:56",17212200
17350,-50,1000,"bu","14:25:48",17212100
17300,-100,200,"sd","14:25:43",17211100
17350,-50,700,"bu","14:25:40",17210900
17350,-50,1300,"bu","14:25:40",17210200
17300,-100,300,"sd","14:25:38",17208900
17350,-50,100,"bu","14:25:38",17208600
17300,-100,500,"sd","14:25:35",17208500
17300,-100,200,"sd","14:25:35",17208000
17350,-50,400,"bu","14:25:35",17207800
17350,-50,100,"bu","14:25:33",17207400
17350,-50,900,"bu","14:25:30",17207300
17350,-50,100,"bu","14:25:30",17206400
17350,-50,400,"bu","14:25:25",17206300
17300,-100,700,"sd","14:25:25",17205900
17300,-100,200,"sd","14:25:20",17205200
17300,-100,500,"sd","14:25:16",17205000
17300,-100,2000,"sd","14:25:11",17204500
17350,-50,2000,"bu","14:25:10",17202500
17350,-50,1000,"bu","14:25:09",17200500
17300,-100,1500,"sd","14:25:06",17199500
17350,-50,100,"bu","14:25:00",17198000
17350,-50,500,"bu","14:25:00",17197900
17350,-50,400,"bu","14:25:00",17197400
17300,-100,100,"sd","14:24:58",17197000
17300,-100,400,"sd","14:24:58",17196900
17350,-50,3000,"bu","14:24:56",17196500
17350,-50,1300,"bu","14:24:54",17193500
17300,-100,600,"sd","14:24:51",17192200
17300,-100,400,"sd","14:24:51",17191600
17350,-50,400,"bu","14:24:49",17191200
17300,-100,1000,"sd","14:24:47",17190800
17350,-50,3200,"bu","14:24:46",17189800
17350,-50,1700,"bu","14:24:45",17186600
17350,-50,300,"bu","14:24:45",17184900
17350,-50,200,"bu","14:24:44",17184600
17350,-50,600,"bu","14:24:43",17184400
17350,-50,1000,"bu","14:24:43",17183800
17350,-50,400,"bu","14:24:43",17182800
17300,-100,100,"sd","14:24:40",17182400
17300,-100,3500,"sd","14:24:37",17182300
17300,-100,10000,"sd","14:24:37",17178800
17300,-100,3000,"sd","14:24:37",17168800
17300,-100,10000,"sd","14:24:37",17165800
17300,-100,200,"sd","14:24:37",17155800
17300,-100,500,"sd","14:24:37",17155600
17300,-100,5000,"sd","14:24:37",17155100
17300,-100,2000,"sd","14:24:37",17150100
17300,-100,15800,"sd","14:24:37",17148100
17300,-100,4200,"sd","14:24:36",17132300
17300,-100,800,"sd","14:24:36",17128100
17300,-100,100,"sd","14:24:36",17127300
17350,-50,200,"bu","14:24:30",17127200
17300,-100,100,"sd","14:24:26",17127000
17300,-100,100,"sd","14:24:26",17126900
17350,-50,7400,"bu","14:24:26",17126800
17350,-50,500,"bu","14:24:26",17119400
17350,-50,1000,"bu","14:24:26",17118900
17350,-50,1100,"bu","14:24:26",17117900
17350,-50,200,"bu","14:24:18",17116800
17350,-50,3700,"bu","14:24:13",17116600
17350,-50,3300,"bu","14:24:13",17112900
17350,-50,700,"bu","14:24:08",17109600
17350,-50,1000,"bu","14:24:06",17108900
17350,-50,1000,"bu","14:24:06",17107900
17300,-100,200,"sd","14:24:04",17106900
17300,-100,100,"sd","14:24:04",17106700
17300,-100,200,"sd","14:24:04",17106600
17300,-100,1500,"sd","14:24:04",17106400
17300,-100,1000,"sd","14:24:03",17104900
17350,-50,4000,"bu","14:24:03",17103900
17350,-50,1000,"bu","14:24:02",17099900
17300,-100,100,"sd","14:24:01",17098900
17350,-50,10000,"bu","14:24:00",17098800
17350,-50,1700,"bu","14:24:00",17088800
17300,-100,400,"sd","14:23:58",17087100
17300,-100,100,"sd","14:23:58",17086700
17350,-50,2500,"bu","14:23:56",17086600
17300,-100,800,"sd","14:23:56",17084100
17350,-50,1400,"bu","14:23:55",17083300
17350,-50,500,"bu","14:23:54",17081900
17350,-50,3000,"bu","14:23:53",17081400
17350,-50,100,"bu","14:23:52",17078400
17350,-50,100,"bu","14:23:45",17078300
17350,-50,300,"bu","14:23:45",17078200
17350,-50,5000,"bu","14:23:44",17077900
17350,-50,2000,"bu","14:23:40",17072900
17350,-50,10000,"bu","14:23:38",17070900
17350,-50,200,"bu","14:23:36",17060900
17300,-100,100,"sd","14:23:36",17060700
17300,-100,5000,"sd","14:23:36",17060600
17300,-100,500,"sd","14:23:36",17055600
17300,-100,200,"sd","14:23:36",17055100
17350,-50,100,"bu","14:23:35",17054900
17350,-50,5000,"bu","14:23:32",17054800
17350,-50,13600,"bu","14:23:24",17049800
17350,-50,5000,"bu","14:23:21",17036200
17350,-50,200,"bu","14:23:15",17031200
17350,-50,10000,"bu","14:23:09",17031000
17350,-50,100,"bu","14:23:06",17021000
17350,-50,200,"bu","14:23:04",17020900
17300,-100,100,"sd","14:23:02",17020700
17300,-100,100,"sd","14:22:57",17020600
17300,-100,600,"sd","14:22:57",17020500
17300,-100,2000,"sd","14:22:57",17019900
17300,-100,300,"sd","14:22:57",17017900
17300,-100,10000,"sd","14:22:57",17017600
17300,-100,2000,"sd","14:22:57",17007600
17350,-50,400,"bu","14:22:56",17005600
17350,-50,100,"bu","14:22:55",17005200
17300,-100,100,"sd","14:22:55",17005100
17300,-100,400,"sd","14:22:55",17005000
17350,-50,9000,"bu","14:22:54",17004600
17300,-100,100,"sd","14:22:53",16995600
17300,-100,200,"sd","14:22:53",16995500
17300,-100,200,"sd","14:22:53",16995300
17300,-100,500,"sd","14:22:53",16995100
17350,-50,100,"bu","14:22:52",16994600
17350,-50,10000,"bu","14:22:48",16994500
17300,-100,1000,"sd","14:22:43",16984500
17350,-50,2000,"bu","14:22:43",16983500
17300,-100,1000,"sd","14:22:36",16981500
17300,-100,200,"sd","14:22:33",16980500
17350,-50,1000,"bu","14:22:29",16980300
17300,-100,1000,"sd","14:22:29",16979300
17300,-100,100,"sd","14:22:26",16978300
17300,-100,1000,"sd","14:22:25",16978200
17300,-100,200,"sd","14:22:24",16977200
17300,-100,400,"sd","14:22:24",16977000
17300,-100,400,"sd","14:22:24",16976600
17300,-100,600,"sd","14:22:20",16976200
17300,-100,100,"sd","14:22:20",16975600
17300,-100,300,"sd","14:22:20",16975500
17300,-100,200,"sd","14:22:19",16975200
17300,-100,100,"sd","14:22:16",16975000
17300,-100,400,"sd","14:22:10",16974900
17300,-100,500,"sd","14:22:10",16974500
17300,-100,9100,"sd","14:22:10",16974000
17350,-50,400,"bu","14:22:09",16964900
17350,-50,100,"bu","14:22:09",16964500
17350,-50,200,"bu","14:22:09",16964400
17300,-100,900,"sd","14:22:08",16964200
17300,-100,100,"sd","14:22:08",16963300
17350,-50,200,"bu","14:22:05",16963200
17350,-50,300,"bu","14:22:05",16963000
17350,-50,9500,"bu","14:22:05",16962700
17300,-100,400,"sd","14:22:05",16953200
17300,-100,500,"sd","14:22:05",16952800
17300,-100,100,"sd","14:22:05",16952300
17300,-100,500,"sd","14:22:04",16952200
17350,-50,5000,"bu","14:21:56",16951700
17350,-50,300,"bu","14:21:53",16946700
17300,-100,400,"sd","14:21:52",16946400
17300,-100,1600,"sd","14:21:52",16946000
17350,-50,500,"bu","14:21:49",16944400
17300,-100,400,"sd","14:21:48",16943900
17350,-50,200,"bu","14:21:46",16943500
17350,-50,4500,"bu","14:21:45",16943300
17350,-50,500,"bu","14:21:45",16938800
17350,-50,100,"bu","14:21:33",16938300
17300,-100,1700,"sd","14:21:32",16938200
17300,-100,1000,"sd","14:21:32",16936500
17300,-100,1000,"sd","14:21:32",16935500
17300,-100,5000,"sd","14:21:32",16934500
17300,-100,1300,"sd","14:21:32",16929500
17300,-100,600,"sd","14:21:31",16928200
17350,-50,100,"bu","14:21:31",16927600
17350,-50,500,"bu","14:21:30",16927500
17350,-50,500,"bu","14:21:21",16927000
17350,-50,300,"bu","14:21:17",16926500
17350,-50,200,"bu","14:21:17",16926200
17350,-50,1500,"bu","14:21:11",16926000
17350,-50,500,"bu","14:21:06",16924500
17350,-50,100,"bu","14:21:04",16924000
17300,-100,100,"sd","14:21:03",16923900
17300,-100,200,"sd","14:21:03",16923800
17350,-50,1000,"bu","14:20:57",16923600
17350,-50,3000,"bu","14:20:53",16922600
17350,-50,5000,"sd","14:20:50",16919600
17350,-50,8000,"sd","14:20:50",16914600
17350,-50,100,"sd","14:20:50",16906600
17350,-50,500,"sd","14:20:50",16906500
17350,-50,1000,"sd","14:20:50",16906000
17350,-50,1000,"sd","14:20:50",16905000
17350,-50,400,"sd","14:20:50",16904000
17350,-50,2000,"sd","14:20:50",16903600
17350,-50,1000,"sd","14:20:50",16901600
17350,-50,300,"sd","14:20:50",16900600
17350,-50,100,"sd","14:20:50",16900300
17350,-50,900,"sd","14:20:50",16900200
17350,-50,9100,"sd","14:20:50",16899300
17350,-50,100,"sd","14:20:50",16890200
17350,-50,800,"sd","14:20:49",16890100
17350,-50,2000,"sd","14:20:49",16889300
17350,-50,1000,"sd","14:20:49",16887300
17350,-50,200,"sd","14:20:49",16886300
17350,-50,200,"sd","14:20:49",16886100
17350,-50,5000,"sd","14:20:49",16885900
17350,-50,1000,"sd","14:20:49",16880900
17350,-50,200,"sd","14:20:49",16879900
17350,-50,2000,"sd","14:20:49",16879700
17350,-50,300,"sd","14:20:49",16877700
17350,-50,500,"sd","14:20:49",16877400
17350,-50,3000,"sd","14:20:49",16876900
17350,-50,1000,"sd","14:20:49",16873900
17350,-50,200,"sd","14:20:49",16872900
17350,-50,1500,"sd","14:20:49",16872700
17350,-50,1100,"sd","14:20:49",16871200
17350,-50,1000,"sd","14:20:49",16870100
17350,-50,2000,"sd","14:20:49",16869100
17350,-50,1000,"sd","14:20:49",16867100
17350,-50,1000,"sd","14:20:49",16866100
17350,-50,5000,"sd","14:20:49",16865100
17350,-50,1800,"sd","14:20:48",16860100
17350,-50,100,"sd","14:20:48",16858300
17350,-50,100,"sd","14:20:48",16858200
17350,-50,200,"sd","14:20:48",16858100
17350,-50,700,"sd","14:20:48",16857900
17350,-50,100,"sd","14:20:47",16857200
17350,-50,2000,"sd","14:20:47",16857100
17350,-50,100,"sd","14:20:47",16855100
17350,-50,500,"sd","14:20:47",16855000
17350,-50,600,"sd","14:20:47",16854500
17350,-50,2000,"sd","14:20:47",16853900
17350,-50,400,"sd","14:20:47",16851900
17350,-50,1600,"sd","14:20:47",16851500
17350,-50,11000,"sd","14:20:47",16849900
17350,-50,1100,"sd","14:20:47",16838900
17350,-50,1300,"sd","14:20:46",16837800
17350,-50,1000,"sd","14:20:46",16836500
17350,-50,7700,"sd","14:20:46",16835500
17350,-50,200,"sd","14:20:46",16827800
17350,-50,400,"sd","14:20:46",16827600
17350,-50,5400,"sd","14:20:46",16827200
17350,-50,7000,"sd","14:20:46",16821800
17350,-50,200,"sd","14:20:46",16814800
17350,-50,300,"sd","14:20:45",16814600
17350,-50,1000,"sd","14:20:45",16814300
17350,-50,3000,"sd","14:20:45",16813300
17350,-50,100,"sd","14:20:45",16810300
17350,-50,1000,"sd","14:20:45",16810200
17350,-50,500,"sd","14:20:45",16809200
17350,-50,2000,"sd","14:20:45",16808700
17350,-50,300,"sd","14:20:45",16806700
17350,-50,100,"sd","14:20:45",16806400
17350,-50,5000,"sd","14:20:45",16806300
17350,-50,1000,"sd","14:20:45",16801300
17350,-50,700,"sd","14:20:45",16800300
17350,-50,3100,"sd","14:20:45",16799600
17350,-50,200,"sd","14:20:45",16796500
17350,-50,500,"sd","14:20:45",16796300
17350,-50,200,"sd","14:20:45",16795800
17350,-50,800,"sd","14:20:45",16795600
17350,-50,5200,"sd","14:20:45",16794800
17350,-50,1000,"sd","14:20:45",16789600
17350,-50,100,"sd","14:20:44",16788600
17350,-50,3700,"sd","14:20:44",16788500
17350,-50,6300,"sd","14:20:44",16784800
17350,-50,300,"sd","14:20:44",16778500
17350,-50,1400,"sd","14:20:43",16778200
17350,-50,600,"sd","14:20:43",16776800
17350,-50,500,"sd","14:20:43",16776200
17350,-50,1000,"sd","14:20:43",16775700
17350,-50,500,"sd","14:20:43",16774700
17350,-50,1500,"sd","14:20:43",16774200
17350,-50,1000,"sd","14:20:43",16772700
17350,-50,3500,"sd","14:20:43",16771700
17350,-50,3000,"sd","14:20:43",16768200
17350,-50,15000,"sd","14:20:43",16765200
17350,-50,1500,"sd","14:20:42",16750200
17400,0,1000,"bu","14:20:42",16748700
17350,-50,1000,"sd","14:20:42",16747700
17350,-50,500,"sd","14:20:42",16746700
17350,-50,6100,"sd","14:20:41",16746200
17350,-50,500,"sd","14:20:40",16740100
17350,-50,500,"sd","14:20:40",16739600
17350,-50,45000,"sd","14:20:40",16739100
17350,-50,20400,"sd","14:20:40",16694100
17350,-50,500,"sd","14:20:40",16673700
17350,-50,500,"sd","14:20:40",16673200
17350,-50,28600,"sd","14:20:40",16672700
17350,-50,1000,"sd","14:20:38",16644100
17350,-50,100,"sd","14:20:38",16643100
17350,-50,20300,"sd","14:20:37",16643000
17350,-50,2500,"sd","14:20:37",16622700
17350,-50,2600,"sd","14:20:37",16620200
17350,-50,100,"sd","14:20:37",16617600
17350,-50,500,"sd","14:20:37",16617500
17350,-50,100,"sd","14:20:37",16617000
17350,-50,1000,"sd","14:20:37",16616900
17350,-50,100,"sd","14:20:37",16615900
17350,-50,22800,"sd","14:20:37",16615800
17350,-50,200,"sd","14:20:37",16593000
17350,-50,800,"sd","14:20:37",16592800
17350,-50,200,"sd","14:20:36",16592000
17350,-50,100,"sd","14:20:36",16591800
17350,-50,200,"sd","14:20:36",16591700
17350,-50,100,"sd","14:20:36",16591500
17350,-50,300,"sd","14:20:34",16591400
17400,0,400,"bu","14:20:33",16591100
17350,-50,400,"sd","14:20:30",16590700
17350,-50,400,"sd","14:20:30",16590300
17350,-50,200,"sd","14:20:30",16589900
17350,-50,1600,"sd","14:20:29",16589700
17350,-50,500,"sd","14:20:29",16588100
17350,-50,400,"sd","14:20:29",16587600
17350,-50,500,"sd","14:20:29",16587200
17350,-50,1300,"sd","14:20:29",16586700
17350,-50,1200,"sd","14:20:29",16585400
17350,-50,2000,"sd","14:20:29",16584200
17350,-50,400,"sd","14:20:29",16582200
17350,-50,600,"sd","14:20:29",16581800
17350,-50,100,"sd","14:20:29",16581200
17350,-50,500,"sd","14:20:29",16581100
17350,-50,100,"sd","14:20:29",16580600
17350,-50,1000,"sd","14:20:29",16580500
17350,-50,10000,"sd","14:20:29",16579500
17350,-50,100,"sd","14:20:29",16569500
17350,-50,600,"sd","14:20:29",16569400
17350,-50,2700,"sd","14:20:29",16568800
17350,-50,300,"sd","14:20:29",16566100
17350,-50,4300,"sd","14:20:28",16565800
17350,-50,100,"sd","14:20:28",16561500
17350,-50,300,"sd","14:20:28",16561400
17350,-50,2700,"sd","14:20:28",16561100
17350,-50,100,"sd","14:20:28",16558400
17350,-50,100,"sd","14:20:28",16558300
17350,-50,1000,"sd","14:20:25",16558200
17350,-50,200,"sd","14:20:24",16557200
17350,-50,4000,"sd","14:20:23",16557000
17350,-50,500,"sd","14:20:23",16553000
17350,-50,3900,"sd","14:20:22",16552500
17350,-50,11100,"sd","14:20:22",16548600
17350,-50,1000,"sd","14:20:22",16537500
17400,0,6000,"bu","14:20:19",16536500
17350,-50,17900,"sd","14:20:18",16530500
17350,-50,200,"sd","14:20:18",16512600
17350,-50,500,"sd","14:20:18",16512400
17350,-50,500,"sd","14:20:18",16511900
17350,-50,11000,"sd","14:20:18",16511400
17350,-50,500,"sd","14:20:18",16500400
17350,-50,1000,"sd","14:20:18",16499900
17350,-50,500,"sd","14:20:18",16498900
17350,-50,400,"sd","14:20:18",16498400
17350,-50,10000,"sd","14:20:18",16498000
17350,-50,100,"sd","14:20:18",16488000
17350,-50,100,"sd","14:20:18",16487900
17350,-50,200,"sd","14:20:18",16487800
17350,-50,200,"sd","14:20:18",16487600
17350,-50,5000,"sd","14:20:18",16487400
17350,-50,1900,"sd","14:20:18",16482400
17350,-50,1100,"sd","14:20:17",16480500
17350,-50,5000,"sd","14:20:17",16479400
17350,-50,200,"sd","14:20:17",16474400
17350,-50,200,"sd","14:20:17",16474200
17350,-50,500,"sd","14:20:17",16474000
17350,-50,200,"sd","14:20:14",16473500
17350,-50,100,"sd","14:20:14",16473300
17350,-50,1000,"sd","14:20:14",16473200
17350,-50,1000,"sd","14:20:14",16472200
17350,-50,200,"sd","14:20:14",16471200
17350,-50,1000,"sd","14:20:12",16471000
17350,-50,500,"sd","14:20:12",16470000
17350,-50,6000,"sd","14:20:12",16469500
17350,-50,1000,"sd","14:20:10",16463500
17350,-50,200,"sd","14:20:09",16462500
17350,-50,1000,"sd","14:20:09",16462300
17350,-50,500,"sd","14:20:09",16461300
17350,-50,200,"sd","14:20:09",16460800
17350,-50,100,"sd","14:20:09",16460600
17350,-50,1000,"sd","14:20:09",16460500
17350,-50,10000,"sd","14:20:09",16459500
17350,-50,200,"sd","14:20:09",16449500
17350,-50,300,"sd","14:20:09",16449300
17350,-50,500,"sd","14:20:09",16449000
17350,-50,20000,"sd","14:20:09",16448500
17350,-50,2000,"sd","14:20:09",16428500
17350,-50,3000,"sd","14:20:09",16426500
17350,-50,1300,"sd","14:20:09",16423500
17350,-50,100,"sd","14:20:09",16422200
17350,-50,500,"sd","14:20:09",16422100
17350,-50,2000,"sd","14:20:09",16421600
17350,-50,15800,"sd","14:20:09",16419600
17350,-50,100,"sd","14:20:09",16403800
17350,-50,1000,"sd","14:20:09",16403700
17350,-50,1400,"sd","14:20:09",16402700
17350,-50,700,"sd","14:20:09",16401300
17350,-50,200,"sd","14:20:09",16400600
17350,-50,800,"sd","14:20:09",16400400
17350,-50,1100,"sd","14:20:09",16399600
17350,-50,1000,"sd","14:20:08",16398500
17350,-50,500,"sd","14:20:07",16397500
17350,-50,2000,"sd","14:20:07",16397000
17350,-50,100,"sd","14:20:06",16395000
17350,-50,300,"sd","14:20:04",16394900
17350,-50,1500,"sd","14:20:04",16394600
17350,-50,400,"sd","14:20:04",16393100
17350,-50,800,"sd","14:20:04",16392700
17350,-50,200,"sd","14:20:00",16391900
17350,-50,500,"sd","14:20:00",16391700
17350,-50,5000,"sd","14:20:00",16391200
17350,-50,200,"sd","14:20:00",16386200
17350,-50,200,"sd","14:20:00",16386000
17350,-50,200,"sd","14:20:00",16385800
17350,-50,200,"sd","14:20:00",16385600
17350,-50,1000,"sd","14:20:00",16385400
17350,-50,3200,"sd","14:20:00",16384400
17350,-50,4000,"sd","14:20:00",16381200
17350,-50,5700,"sd","14:20:00",16377200
17350,-50,2200,"sd","14:20:00",16371500
17350,-50,100,"sd","14:20:00",16369300
17350,-50,2000,"sd","14:20:00",16369200
17350,-50,3200,"sd","14:20:00",16367200
17350,-50,500,"sd","14:20:00",16364000
17350,-50,1000,"sd","14:19:58",16363500
17350,-50,300,"sd","14:19:56",16362500
17350,-50,1000,"sd","14:19:56",16362200
17350,-50,200,"sd","14:19:56",16361200
17350,-50,100,"sd","14:19:55",16361000
17350,-50,400,"sd","14:19:55",16360900
17350,-50,2000,"sd","14:19:55",16360500
17350,-50,100,"sd","14:19:55",16358500
17350,-50,1000,"sd","14:19:55",16358400
17350,-50,3000,"sd","14:19:55",16357400
17350,-50,100,"sd","14:19:54",16354400
17350,-50,600,"sd","14:19:50",16354300
17350,-50,2000,"sd","14:19:50",16353700
17350,-50,200,"sd","14:19:50",16351700
17350,-50,1000,"sd","14:19:50",16351500
17350,-50,100,"sd","14:19:50",16350500
17350,-50,100,"sd","14:19:50",16350400
17350,-50,1000,"sd","14:19:50",16350300
17350,-50,2000,"sd","14:19:50",16349300
17350,-50,2000,"sd","14:19:50",16347300
17350,-50,500,"sd","14:19:50",16345300
17350,-50,3000,"sd","14:19:50",16344800
17350,-50,1400,"sd","14:19:50",16341800
17350,-50,600,"sd","14:19:50",16340400
17350,-50,2000,"sd","14:19:50",16339800
17350,-50,7700,"sd","14:19:50",16337800
17350,-50,1000,"sd","14:19:50",16330100
17350,-50,5000,"sd","14:19:50",16329100
17350,-50,100,"sd","14:19:50",16324100
17350,-50,500,"sd","14:19:50",16324000
17350,-50,400,"sd","14:19:50",16323500
17350,-50,500,"sd","14:19:50",16323100
17350,-50,100,"sd","14:19:50",16322600
17350,-50,1100,"sd","14:19:50",16322500
17350,-50,2000,"sd","14:19:50",16321400
17350,-50,7500,"sd","14:19:50",16319400
17350,-50,100,"sd","14:19:50",16311900
17350,-50,1000,"sd","14:19:50",16311800
17350,-50,200,"sd","14:19:50",16310800
17350,-50,1000,"sd","14:19:50",16310600
17350,-50,600,"sd","14:19:50",16309600
17350,-50,100,"sd","14:19:50",16309000
17350,-50,200,"sd","14:19:50",16308900
17350,-50,1000,"sd","14:19:50",16308700
17350,-50,1000,"sd","14:19:50",16307700
17350,-50,2400,"sd","14:19:50",16306700
17350,-50,1000,"sd","14:19:48",16304300
17350,-50,2200,"sd","14:19:48",16303300
17350,-50,200,"sd","14:19:48",16301100
17350,-50,500,"sd","14:19:48",16300900
17350,-50,100,"sd","14:19:48",16300400
17350,-50,900,"sd","14:19:47",16300300
17350,-50,100,"sd","14:19:47",16299400
17350,-50,200,"sd","14:19:45",16299300
17350,-50,500,"sd","14:19:45",16299100
17350,-50,400,"sd","14:19:41",16298600
17350,-50,5000,"sd","14:19:39",16298200
17350,-50,2000,"sd","14:19:39",16293200
17350,-50,200,"sd","14:19:39",16291200
17350,-50,1500,"sd","14:19:39",16291000
17350,-50,500,"sd","14:19:39",16289500
17350,-50,2000,"sd","14:19:39",16289000
17350,-50,2000,"sd","14:19:39",16287000
17350,-50,1000,"sd","14:19:39",16285000
17350,-50,600,"sd","14:19:39",16284000
17350,-50,5000,"sd","14:19:39",16283400
17350,-50,200,"sd","14:19:39",16278400
17350,-50,100,"sd","14:19:38",16278200
17350,-50,1400,"sd","14:19:38",16278100
17350,-50,1000,"sd","14:19:38",16276700
17350,-50,500,"sd","14:19:38",16275700
17350,-50,1000,"sd","14:19:38",16275200
17350,-50,2000,"sd","14:19:38",16274200
17350,-50,300,"sd","14:19:38",16272200
17350,-50,500,"sd","14:19:38",16271900
17350,-50,500,"sd","14:19:38",16271400
17350,-50,4100,"sd","14:19:38",16270900
17350,-50,500,"sd","14:19:38",16266800
17350,-50,2000,"sd","14:19:38",16266300
17350,-50,2000,"sd","14:19:38",16264300
17350,-50,1000,"sd","14:19:38",16262300
17350,-50,1000,"sd","14:19:38",16261300
17350,-50,600,"sd","14:19:38",16260300
17350,-50,200,"sd","14:19:38",16259700
17350,-50,4400,"sd","14:19:38",16259500
17350,-50,2000,"sd","14:19:38",16255100
17350,-50,900,"sd","14:19:38",16253100
17350,-50,1000,"sd","14:19:38",16252200
17350,-50,100,"sd","14:19:38",16251200
17350,-50,100,"sd","14:19:38",16251100
17350,-50,1000,"sd","14:19:38",16251000
17350,-50,500,"sd","14:19:38",16250000
17350,-50,300,"sd","14:19:38",16249500
17350,-50,100,"sd","14:19:38",16249200
17350,-50,1000,"sd","14:19:38",16249100
17350,-50,100,"sd","14:19:38",16248100
17350,-50,100,"sd","14:19:38",16248000
17350,-50,10000,"sd","14:19:38",16247900
17350,-50,1000,"sd","14:19:38",16237900
17350,-50,100,"sd","14:19:38",16236900
17350,-50,7000,"sd","14:19:38",16236800
17350,-50,1100,"sd","14:19:38",16229800
17350,-50,500,"sd","14:19:38",16228700
17350,-50,2000,"sd","14:19:38",16228200
17350,-50,3000,"sd","14:19:38",16226200
17350,-50,5000,"sd","14:19:38",16223200
17350,-50,500,"sd","14:19:38",16218200
17350,-50,1600,"sd","14:19:38",16217700
17350,-50,1700,"sd","14:19:38",16216100
17350,-50,2000,"sd","14:19:38",16214400
17350,-50,200,"sd","14:19:38",16212400
17350,-50,7000,"sd","14:19:38",16212200
17350,-50,2000,"sd","14:19:38",16205200
17350,-50,4000,"sd","14:19:37",16203200
17350,-50,400,"sd","14:19:37",16199200
17350,-50,1300,"sd","14:19:37",16198800
17350,-50,3000,"sd","14:19:37",16197500
17350,-50,11300,"sd","14:19:37",16194500
17350,-50,100,"sd","14:19:35",16183200
17350,-50,3000,"sd","14:19:34",16183100
17350,-50,1000,"sd","14:19:29",16180100
17350,-50,1700,"sd","14:19:29",16179100
17350,-50,4000,"sd","14:19:27",16177400
17350,-50,500,"sd","14:19:26",16173400
17350,-50,500,"sd","14:19:24",16172900
17350,-50,1200,"sd","14:19:24",16172400
17350,-50,2000,"sd","14:19:12",16171200
17400,0,500,"bu","14:19:09",16169200
17350,-50,3000,"sd","14:19:08",16168700
17350,-50,100,"sd","14:18:51",16165700
17350,-50,500,"sd","14:18:51",16165600
17350,-50,1000,"sd","14:18:51",16165100
17350,-50,400,"sd","14:18:51",16164100
17350,-50,100,"sd","14:18:47",16163700
17350,-50,2000,"sd","14:18:47",16163600
17350,-50,1200,"sd","14:18:47",16161600
17350,-50,2000,"sd","14:18:47",16160400
17350,-50,2700,"sd","14:18:47",16158400
17400,0,900,"bu","14:18:40",16155700
17350,-50,200,"sd","14:18:39",16154800
17350,-50,2100,"sd","14:18:37",16154600
17350,-50,5000,"sd","14:18:37",16152500
17350,-50,2900,"sd","14:18:37",16147500
17350,-50,500,"sd","14:18:25",16144600
17350,-50,600,"sd","14:18:20",16144100
17350,-50,300,"sd","14:18:20",16143500
17400,0,2000,"bu","14:18:19",16143200
17350,-50,1000,"sd","14:18:17",16141200
17400,0,400,"bu","14:18:06",16140200
17400,0,100,"bu","14:17:58",16139800
17400,0,1000,"bu","14:17:47",16139700
17350,-50,500,"sd","14:17:47",16138700
17350,-50,300,"sd","14:17:47",16138200
17350,-50,1500,"sd","14:17:47",16137900
17400,0,5400,"bu","14:17:46",16136400
17400,0,10000,"bu","14:17:28",16131000
17400,0,1200,"bu","14:17:27",16121000
17400,0,1400,"bu","14:17:20",16119800
17350,-50,500,"sd","14:17:17",16118400
17350,-50,100,"sd","14:17:12",16117900
17350,-50,3000,"sd","14:17:12",16117800
17350,-50,1000,"sd","14:17:12",16114800
17350,-50,900,"sd","14:17:12",16113800
17350,-50,5000,"sd","14:17:10",16112900
17350,-50,500,"sd","14:17:09",16107900
17350,-50,8600,"sd","14:17:05",16107400
17350,-50,100,"sd","14:17:05",16098800
17350,-50,300,"sd","14:17:05",16098700
17350,-50,900,"sd","14:17:05",16098400
17350,-50,700,"sd","14:17:05",16097500
17350,-50,5000,"sd","14:17:05",16096800
17350,-50,100,"sd","14:17:05",16091800
17350,-50,200,"sd","14:17:05",16091700
17350,-50,200,"sd","14:17:05",16091500
17350,-50,100,"sd","14:17:05",16091300
17350,-50,200,"sd","14:17:05",16091200
17350,-50,10000,"sd","14:17:05",16091000
17350,-50,1200,"sd","14:17:05",16081000
17350,-50,5000,"sd","14:17:05",16079800
17350,-50,100,"sd","14:17:05",16074800
17350,-50,700,"sd","14:17:05",16074700
17350,-50,11000,"sd","14:17:05",16074000
17350,-50,500,"sd","14:17:05",16063000
17350,-50,200,"sd","14:17:05",16062500
17350,-50,200,"sd","14:17:05",16062300
17350,-50,200,"sd","14:17:05",16062100
17350,-50,1000,"sd","14:17:05",16061900
17350,-50,1300,"sd","14:17:05",16060900
17350,-50,1000,"sd","14:17:05",16059600
17350,-50,1000,"sd","14:17:05",16058600
17350,-50,200,"sd","14:17:05",16057600
17350,-50,700,"sd","14:17:03",16057400
17350,-50,200,"sd","14:17:03",16056700
17350,-50,100,"sd","14:17:03",16056500
17350,-50,500,"sd","14:17:03",16056400
17400,0,2000,"bu","14:16:59",16055900
17350,-50,100,"sd","14:16:54",16053900
17350,-50,200,"sd","14:16:36",16053800
17350,-50,500,"sd","14:16:36",16053600
17350,-50,800,"sd","14:16:36",16053100
17350,-50,2200,"sd","14:16:35",16052300
17350,-50,500,"sd","14:16:30",16050100
17400,0,500,"bu","14:16:27",16049600
17350,-50,500,"sd","14:16:24",16049100
17350,-50,500,"sd","14:16:22",16048600
17350,-50,3600,"sd","14:16:15",16048100
17350,-50,200,"sd","14:16:15",16044500
17350,-50,200,"sd","14:16:15",16044300
17400,0,10000,"bu","14:16:13",16044100
17350,-50,1000,"sd","14:16:09",16034100
17400,0,3000,"bu","14:16:04",16033100
17400,0,300,"bu","14:15:53",16030100
17400,0,100,"bu","14:15:47",16029800
17400,0,1000,"bu","14:15:46",16029700
17400,0,2000,"bu","14:15:45",16028700
17350,-50,800,"sd","14:15:45",16026700
17350,-50,1700,"sd","14:15:45",16025900
17350,-50,500,"sd","14:15:45",16024200
17400,0,100,"bu","14:15:45",16023700
17350,-50,3000,"sd","14:15:45",16023600
17350,-50,5000,"sd","14:15:45",16020600
17350,-50,1000,"sd","14:15:45",16015600
17350,-50,2000,"sd","14:15:45",16014600
17350,-50,5000,"sd","14:15:45",16012600
17350,-50,1000,"sd","14:15:45",16007600
17400,0,3000,"bu","14:15:41",16006600
17400,0,1000,"bu","14:15:38",16003600
17400,0,100,"bu","14:15:30",16002600
17400,0,3000,"bu","14:15:29",16002500
17400,0,1000,"bu","14:15:26",15999500
17400,0,1000,"bu","14:15:24",15998500
17400,0,100,"bu","14:15:22",15997500
17400,0,200,"bu","14:15:21",15997400
17400,0,1000,"bu","14:15:19",15997200
17400,0,100,"bu","14:15:17",15996200
17400,0,600,"bu","14:15:16",15996100
17400,0,2000,"bu","14:15:11",15995500
17400,0,17000,"sd","14:15:08",15993500
17400,0,1900,"sd","14:15:08",15976500
17400,0,400,"sd","14:15:07",15974600
17400,0,2000,"sd","14:15:05",15974200
17400,0,500,"sd","14:15:05",15972200
17400,0,1000,"bu","14:15:02",15971700
17400,0,400,"bu","14:15:02",15970700
17400,0,800,"bu","14:15:02",15970300
17400,0,9200,"bu","14:15:02",15969500
17400,0,800,"bu","14:15:02",15960300
17400,0,1700,"bu","14:14:59",15959500
17400,0,100,"bu","14:14:59",15957800
17400,0,200,"bu","14:14:59",15957700
17400,0,800,"bu","14:14:59",15957500
17400,0,200,"bu","14:14:59",15956700
17400,0,800,"sd","14:14:55",15956500
17400,0,1100,"sd","14:14:54",15955700
17400,0,300,"sd","14:14:54",15954600
17400,0,1000,"sd","14:14:54",15954300
17400,0,2000,"sd","14:14:54",15953300
17400,0,500,"sd","14:14:54",15951300
17400,0,100,"sd","14:14:54",15950800
17400,0,400,"sd","14:14:54",15950700
17400,0,1600,"sd","14:14:54",15950300
17400,0,500,"sd","14:14:53",15948700
17400,0,200,"sd","14:14:49",15948200
17400,0,100,"sd","14:14:48",15948000
17400,0,100,"sd","14:14:44",15947900
17400,0,1000,"sd","14:14:44",15947800
17400,0,500,"sd","14:14:43",15946800
17400,0,8200,"sd","14:14:42",15946300
17400,0,200,"sd","14:14:42",15938100
17400,0,7000,"sd","14:14:42",15937900
17400,0,1500,"sd","14:14:42",15930900
17400,0,500,"sd","14:14:42",15929400
17400,0,7000,"sd","14:14:42",15928900
17400,0,4800,"sd","14:14:42",15921900
17400,0,300,"sd","14:14:42",15917100
17400,0,500,"sd","14:14:42",15916800
17400,0,400,"sd","14:14:41",15916300
17400,0,5000,"sd","14:14:41",15915900
17400,0,4000,"sd","14:14:41",15910900
17400,0,20600,"sd","14:14:41",15906900
17400,0,1600,"sd","14:14:40",15886300
17400,0,8400,"sd","14:14:40",15884700
17400,0,10000,"sd","14:14:37",15876300
17400,0,2600,"sd","14:14:36",15866300
17400,0,400,"sd","14:14:35",15863700
17400,0,2000,"sd","14:14:35",15863300
17400,0,10000,"sd","14:14:32",15861300
17400,0,500,"sd","14:14:29",15851300
17400,0,2000,"sd","14:14:29",15850800
17400,0,500,"sd","14:14:24",15848800
17400,0,800,"sd","14:14:23",15848300
17400,0,3600,"sd","14:14:22",15847500
17400,0,3000,"sd","14:14:20",15843900
17400,0,200,"sd","14:14:19",15840900
17400,0,500,"sd","14:14:17",15840700
17400,0,500,"sd","14:14:16",15840200
17400,0,1400,"sd","14:14:15",15839700
17400,0,500,"sd","14:14:04",15838300
17450,50,200,"bu","14:14:04",15837800
17400,0,100,"sd","14:14:01",15837600
17400,0,1000,"sd","14:14:00",15837500
17400,0,500,"sd","14:13:57",15836500
17400,0,200,"bu","14:13:57",15836000
17400,0,1000,"bu","14:13:57",15835800
17400,0,10000,"bu","14:13:57",15834800
17400,0,10000,"bu","14:13:57",15824800
17400,0,500,"bu","14:13:57",15814800
17400,0,200,"bu","14:13:57",15814300
17400,0,2000,"bu","14:13:57",15814100
17400,0,1000,"bu","14:13:57",15812100
17400,0,5000,"bu","14:13:57",15811100
17400,0,1100,"bu","14:13:57",15806100
17400,0,1000,"bu","14:13:57",15805000
17400,0,5000,"bu","14:13:57",15804000
17400,0,3000,"bu","14:13:57",15799000
17400,0,500,"bu","14:13:57",15796000
17400,0,300,"bu","14:13:57",15795500
17400,0,100,"bu","14:13:57",15795200
17400,0,1600,"bu","14:13:57",15795100
17400,0,500,"bu","14:13:57",15793500
17400,0,300,"bu","14:13:57",15793000
17400,0,1000,"bu","14:13:57",15792700
17400,0,5900,"bu","14:13:57",15791700
17400,0,400,"bu","14:13:57",15785800
17400,0,900,"bu","14:13:57",15785400
17400,0,100,"bu","14:13:54",15784500
17400,0,200,"bu","14:13:54",15784400
17400,0,200,"bu","14:13:54",15784200
17400,0,500,"bu","14:13:53",15784000
17400,0,500,"bu","14:13:53",15783500
17400,0,100,"bu","14:13:51",15783000
17350,-50,1000,"sd","14:13:45",15782900
17350,-50,1100,"sd","14:13:45",15781900
17350,-50,1000,"sd","14:13:45",15780800
17350,-50,6900,"sd","14:13:45",15779800
17350,-50,3100,"sd","14:13:39",15772900
17350,-50,400,"sd","14:13:39",15769800
17350,-50,500,"sd","14:13:39",15769400
17350,-50,1900,"sd","14:13:39",15768900
17400,0,1500,"bu","14:13:30",15767000
17400,0,400,"bu","14:13:30",15765500
17400,0,100,"bu","14:13:30",15765100
17400,0,100,"bu","14:13:27",15765000
17400,0,300,"bu","14:13:22",15764900
17400,0,700,"bu","14:13:22",15764600
17350,-50,600,"sd","14:13:10",15763900
17350,-50,400,"sd","14:13:10",15763300
17400,0,500,"bu","14:13:07",15762900
17400,0,1900,"bu","14:13:05",15762400
17400,0,8100,"bu","14:13:01",15760500
17400,0,100,"bu","14:13:01",15752400
17400,0,100,"bu","14:13:01",15752300
17400,0,800,"bu","14:13:01",15752200
17400,0,900,"bu","14:13:01",15751400
17400,0,3200,"bu","14:12:59",15750500
17400,0,500,"bu","14:12:53",15747300
17400,0,400,"bu","14:12:52",15746800
17400,0,400,"bu","14:12:52",15746400
17400,0,100,"bu","14:12:50",15746000
17400,0,500,"bu","14:12:38",15745900
17400,0,500,"bu","14:12:38",15745400
17400,0,1600,"bu","14:12:35",15744900
17400,0,1300,"bu","14:12:31",15743300
17400,0,300,"bu","14:12:29",15742000
17400,0,100,"bu","14:12:25",15741700
17400,0,1100,"bu","14:12:21",15741600
17400,0,5000,"bu","14:12:17",15740500
17400,0,100,"sd","14:12:15",15735500
17400,0,900,"bu","14:12:14",15735400
17400,0,200,"sd","14:12:13",15734500
17400,0,200,"sd","14:12:13",15734300
17400,0,2000,"sd","14:12:13",15734100
17400,0,700,"sd","14:12:12",15732100
17400,0,2100,"sd","14:12:12",15731400
17400,0,200,"sd","14:12:12",15729300
17400,0,2000,"sd","14:12:12",15729100
17400,0,1000,"sd","14:12:08",15727100
17400,0,200,"sd","14:12:06",15726100
17400,0,300,"sd","14:12:06",15725900
17400,0,100,"sd","14:12:06",15725600
17400,0,100,"sd","14:12:06",15725500
17400,0,100,"sd","14:12:06",15725400
17400,0,500,"sd","14:12:06",15725300
17400,0,100,"sd","14:12:06",15724800
17400,0,200,"sd","14:12:06",15724700
17400,0,200,"sd","14:12:06",15724500
17400,0,100,"sd","14:12:06",15724300
17400,0,1400,"sd","14:12:06",15724200
17400,0,600,"sd","14:12:06",15722800
17400,0,600,"sd","14:12:06",15722200
17400,0,500,"bu","14:12:01",15721600
17400,0,1000,"bu","14:12:01",15721100
17400,0,100,"bu","14:12:01",15720100
17400,0,200,"bu","14:12:01",15720000
17400,0,100,"bu","14:12:01",15719800
17400,0,200,"bu","14:12:00",15719700
17400,0,800,"bu","14:12:00",15719500
17400,0,1500,"bu","14:11:58",15718700
17400,0,400,"bu","14:11:58",15717200
17400,0,1100,"bu","14:11:58",15716800
17400,0,5000,"bu","14:11:58",15715700
17400,0,2500,"bu","14:11:57",15710700
17400,0,2000,"bu","14:11:55",15708200
17400,0,200,"bu","14:11:55",15706200
17400,0,5500,"bu","14:11:55",15706000
17400,0,1500,"bu","14:11:55",15700500
17400,0,2700,"bu","14:11:55",15699000
17400,0,500,"bu","14:11:55",15696300
17400,0,200,"bu","14:11:55",15695800
17400,0,1100,"bu","14:11:54",15695600
17400,0,2000,"bu","14:11:53",15694500
17400,0,1000,"bu","14:11:49",15692500
17400,0,100,"bu","14:11:37",15691500
17400,0,5800,"bu","14:11:35",15691400
17400,0,600,"bu","14:11:35",15685600
17400,0,1000,"bu","14:11:35",15685000
17400,0,7600,"bu","14:11:35",15684000
17400,0,500,"bu","14:11:33",15676400
17400,0,900,"bu","14:11:33",15675900
17400,0,300,"bu","14:11:30",15675000
17400,0,300,"bu","14:11:28",15674700
17400,0,100,"bu","14:11:27",15674400
17400,0,300,"bu","14:11:27",15674300
17400,0,200,"bu","14:11:27",15674000
17400,0,500,"bu","14:11:26",15673800
17400,0,1500,"bu","14:11:18",15673300
17400,0,500,"bu","14:11:18",15671800
17400,0,100,"bu","14:11:16",15671300
17400,0,2400,"bu","14:11:16",15671200
17400,0,500,"bu","14:11:16",15668800
17400,0,2000,"bu","14:11:16",15668300
17400,0,18700,"bu","14:11:16",15666300
17400,0,200,"bu","14:11:16",15647600
17400,0,100,"bu","14:11:16",15647400
17400,0,2000,"bu","14:11:16",15647300
17400,0,1000,"bu","14:11:16",15645300
17400,0,900,"bu","14:11:16",15644300
17400,0,2500,"bu","14:11:16",15643400
17400,0,100,"bu","14:11:16",15640900
17400,0,3300,"bu","14:11:16",15640800
17400,0,16300,"bu","14:11:16",15637500
17400,0,2000,"bu","14:11:15",15621200
17400,0,1000,"bu","14:11:14",15619200
17400,0,1300,"bu","14:11:14",15618200
17400,0,1000,"bu","14:11:11",15616900
17400,0,2000,"bu","14:11:07",15615900
17400,0,6000,"bu","14:11:07",15613900
17400,0,200,"bu","14:11:05",15607900
17400,0,1000,"bu","14:11:04",15607700
17400,0,100,"bu","14:11:03",15606700
17400,0,2800,"bu","14:11:01",15606600
17400,0,4000,"bu","14:10:51",15603800
17400,0,400,"bu","14:10:48",15599800
17400,0,1000,"bu","14:10:42",15599400
17400,0,2900,"bu","14:10:42",15598400
17400,0,100,"bu","14:10:38",15595500
17400,0,1000,"bu","14:10:37",15595400
17400,0,6900,"bu","14:10:34",15594400
17400,0,1000,"bu","14:10:34",15587500
17400,0,2100,"bu","14:10:34",15586500
17400,0,7900,"bu","14:10:33",15584400
17400,0,400,"bu","14:10:33",15576500
17400,0,1700,"bu","14:10:33",15576100
17400,0,1000,"bu","14:10:17",15574400
17400,0,600,"bu","14:10:17",15573400
17400,0,1800,"bu","14:10:16",15572800
17350,-50,300,"sd","14:10:12",15571000
17400,0,2000,"bu","14:10:11",15570700
17400,0,1000,"bu","14:10:07",15568700
17400,0,200,"bu","14:10:04",15567700
17400,0,300,"bu","14:10:04",15567500
17400,0,1000,"bu","14:10:02",15567200
17400,0,2000,"bu","14:10:02",15566200
17400,0,100,"bu","14:10:01",15564200
17400,0,100,"bu","14:09:59",15564100
17400,0,600,"bu","14:09:59",15564000
17400,0,1000,"bu","14:09:58",15563400
17400,0,4000,"bu","14:09:53",15562400
17400,0,2000,"bu","14:09:53",15558400
17400,0,2400,"bu","14:09:52",15556400
17400,0,2000,"bu","14:09:49",15554000
17400,0,400,"bu","14:09:49",15552000
17400,0,5800,"bu","14:09:46",15551600
17400,0,1000,"bu","14:09:46",15545800
17400,0,13200,"bu","14:09:46",15544800
17400,0,200,"bu","14:09:43",15531600
17400,0,1000,"bu","14:09:36",15531400
17400,0,1000,"bu","14:09:35",15530400
17400,0,100,"bu","14:09:35",15529400
17400,0,1000,"bu","14:09:34",15529300
17400,0,5000,"bu","14:09:33",15528300
17400,0,500,"bu","14:09:32",15523300
17400,0,800,"bu","14:09:28",15522800
17400,0,7000,"bu","14:09:22",15522000
17400,0,200,"bu","14:09:13",15515000
17400,0,1000,"bu","14:09:13",15514800
17400,0,100,"bu","14:09:11",15513800
17400,0,900,"bu","14:09:04",15513700
17400,0,4100,"bu","14:09:04",15512800
17400,0,100,"bu","14:09:02",15508700
17400,0,100,"bu","14:08:49",15508600
17400,0,700,"bu","14:08:46",15508500
17400,0,1000,"bu","14:08:46",15507800
17400,0,200,"bu","14:08:46",15506800
17400,0,3000,"bu","14:08:46",15506600
17400,0,600,"bu","14:08:46",15503600
17400,0,100,"bu","14:08:46",15503000
17400,0,4900,"bu","14:08:46",15502900
17400,0,400,"bu","14:08:46",15498000
17400,0,500,"bu","14:08:46",15497600
17400,0,7300,"bu","14:08:46",15497100
17400,0,1300,"bu","14:08:46",15489800
17400,0,200,"bu","14:08:44",15488500
17400,0,100,"bu","14:08:44",15488300
17400,0,500,"bu","14:08:44",15488200
17400,0,300,"bu","14:08:43",15487700
17400,0,300,"bu","14:08:43",15487400
17400,0,500,"bu","14:08:43",15487100
17400,0,100,"bu","14:08:43",15486600
17400,0,100,"bu","14:08:43",15486500
17350,-50,100,"sd","14:08:42",15486400
17400,0,800,"bu","14:08:41",15486300
17400,0,100,"bu","14:08:41",15485500
17400,0,400,"bu","14:08:38",15485400
17400,0,100,"bu","14:08:38",15485000
17400,0,1500,"bu","14:08:38",15484900
17400,0,500,"bu","14:08:36",15483400
17400,0,600,"bu","14:08:36",15482900
17400,0,300,"bu","14:08:36",15482300
17400,0,300,"bu","14:08:36",15482000
17400,0,1400,"bu","14:08:23",15481700
17400,0,5000,"bu","14:08:19",15480300
17350,-50,200,"sd","14:08:17",15475300
17400,0,3000,"bu","14:08:13",15475100
17400,0,3000,"bu","14:08:12",15472100
17400,0,300,"bu","14:08:04",15469100
17400,0,1000,"bu","14:08:03",15468800
17400,0,500,"bu","14:07:57",15467800
17400,0,200,"bu","14:07:56",15467300
17400,0,100,"bu","14:07:54",15467100
17400,0,100,"bu","14:07:52",15467000
17400,0,100,"bu","14:07:48",15466900
17400,0,3000,"bu","14:07:47",15466800
17400,0,100,"bu","14:07:47",15463800
17400,0,300,"bu","14:07:47",15463700
17400,0,2000,"bu","14:07:46",15463400
17400,0,100,"bu","14:07:45",15461400
17400,0,2500,"bu","14:07:40",15461300
17400,0,100,"bu","14:07:40",15458800
17400,0,1000,"bu","14:07:39",15458700
17400,0,200,"bu","14:07:35",15457700
17400,0,100,"bu","14:07:24",15457500
17400,0,1100,"sd","14:07:21",15457400
17400,0,4500,"sd","14:07:21",15456300
17400,0,10500,"bu","14:07:20",15451800
17400,0,3000,"bu","14:07:17",15441300
17400,0,100,"unknown","14:07:17",15438300
17400,0,3000,"sd","14:07:17",15438200
17400,0,1000,"sd","14:07:17",15435200
17400,0,600,"sd","14:07:17",15434200
17400,0,500,"sd","14:07:17",15433600
17400,0,1000,"sd","14:07:17",15433100
17400,0,100,"sd","14:07:17",15432100
17400,0,500,"sd","14:07:17",15432000
17400,0,1000,"sd","14:07:17",15431500
17400,0,11600,"sd","14:07:17",15430500
17400,0,100,"sd","14:07:17",15418900
17400,0,1000,"sd","14:07:17",15418800
17400,0,900,"sd","14:07:14",15417800
17400,0,100,"sd","14:07:13",15416900
17400,0,200,"sd","14:07:12",15416800
17400,0,30000,"sd","14:07:09",15416600
17400,0,2000,"sd","14:07:08",15386600
17400,0,4000,"sd","14:07:08",15384600
17400,0,200,"sd","14:06:59",15380600
17400,0,3800,"sd","14:06:59",15380400
17400,0,1200,"sd","14:06:58",15376600
17400,0,200,"sd","14:06:58",15375400
17400,0,100,"sd","14:06:58",15375200
17400,0,300,"sd","14:06:58",15375100
17400,0,1200,"sd","14:06:58",15374800
17400,0,3800,"sd","14:06:57",15373600
17400,0,100,"sd","14:06:57",15369800
17400,0,11400,"sd","14:06:57",15369700
17400,0,200,"sd","14:06:57",15358300
17400,0,8400,"sd","14:06:57",15358100
17400,0,1000,"sd","14:06:57",15349700
17400,0,300,"sd","14:06:57",15348700
17400,0,4000,"sd","14:06:57",15348400
17400,0,800,"sd","14:06:57",15344400
17400,0,200,"sd","14:06:49",15343600
17400,0,9000,"sd","14:06:48",15343400
17400,0,900,"sd","14:06:48",15334400
17400,0,1000,"sd","14:06:48",15333500
17400,0,2100,"sd","14:06:48",15332500
17400,0,1500,"sd","14:06:44",15330400
17400,0,600,"sd","14:06:43",15328900
17400,0,300,"sd","14:06:32",15328300
17400,0,200,"sd","14:06:32",15328000
17400,0,300,"sd","14:06:32",15327800
17400,0,500,"sd","14:06:30",15327500
17400,0,100,"sd","14:06:29",15327000
17400,0,100,"sd","14:06:24",15326900
17400,0,200,"sd","14:06:24",15326800
17400,0,1000,"sd","14:06:24",15326600
17400,0,2000,"sd","14:06:24",15325600
17400,0,1000,"sd","14:06:24",15323600
17400,0,700,"sd","14:06:24",15322600
17400,0,100,"sd","14:06:22",15321900
17400,0,200,"sd","14:06:19",15321800
17400,0,500,"sd","14:06:19",15321600
17400,0,2300,"sd","14:06:19",15321100
17400,0,5000,"sd","14:06:14",15318800
17400,0,1100,"sd","14:06:13",15313800
17400,0,1600,"sd","14:06:13",15312700
17400,0,400,"sd","14:06:13",15311100
17400,0,600,"sd","14:06:07",15310700
17400,0,100,"sd","14:06:07",15310100
17400,0,300,"sd","14:06:07",15310000
17400,0,200,"sd","14:06:01",15309700
17400,0,100,"sd","14:06:01",15309500
17400,0,300,"sd","14:06:01",15309400
17400,0,2000,"sd","14:06:01",15309100
17400,0,10000,"sd","14:06:01",15307100
17400,0,1000,"sd","14:06:01",15297100
17400,0,5000,"sd","14:06:01",15296100
17400,0,2000,"sd","14:06:01",15291100
17400,0,19400,"sd","14:06:01",15289100
17400,0,5000,"sd","14:05:58",15269700
17400,0,100,"sd","14:05:44",15264700
17450,50,3000,"bu","14:05:44",15264600
17450,50,300,"bu","14:05:39",15261600
17450,50,4000,"bu","14:05:09",15261300
17400,0,1000,"sd","14:05:00",15257300
17400,0,3900,"sd","14:04:58",15256300
17450,50,3600,"bu","14:04:55",15252400
17400,0,500,"sd","14:04:49",15248800
17400,0,100,"sd","14:04:48",15248300
17400,0,1000,"sd","14:04:48",15248200
17400,0,400,"sd","14:04:48",15247200
17400,0,1000,"sd","14:04:48",15246800
17400,0,100,"sd","14:04:48",15245800
17400,0,2000,"sd","14:04:48",15245700
17400,0,900,"sd","14:04:47",15243700
17400,0,100,"sd","14:04:47",15242800
17400,0,2000,"sd","14:04:47",15242700
17400,0,9600,"sd","14:04:47",15240700
17400,0,200,"sd","14:04:39",15231100
17400,0,200,"sd","14:04:39",15230900
17400,0,200,"sd","14:04:39",15230700
17400,0,100,"sd","14:04:35",15230500
17400,0,200,"sd","14:04:22",15230400
17400,0,4300,"sd","14:04:22",15230200
17400,0,2200,"sd","14:04:22",15225900
17400,0,1000,"sd","14:04:22",15223700
17400,0,1000,"sd","14:04:22",15222700
17400,0,500,"sd","14:04:22",15221700
17400,0,500,"sd","14:04:22",15221200
17400,0,500,"sd","14:04:22",15220700
17400,0,1000,"sd","14:04:20",15220200
17400,0,300,"sd","14:04:20",15219200
17400,0,1200,"sd","14:04:17",15218900
17400,0,800,"sd","14:04:17",15217700
17400,0,400,"sd","14:04:16",15216900
17400,0,4300,"sd","14:04:13",15216500
17400,0,300,"sd","14:04:13",15212200
17400,0,400,"sd","14:04:13",15211900
17400,0,100,"sd","14:04:11",15211500
17400,0,500,"sd","14:04:10",15211400
17400,0,500,"sd","14:04:10",15210900
17400,0,1800,"sd","14:04:10",15210400
17400,0,600,"sd","14:04:10",15208600
17400,0,2100,"sd","14:04:10",15208000
17400,0,1000,"sd","14:04:07",15205900
17400,0,900,"sd","14:04:06",15204900
17400,0,3300,"sd","14:04:06",15204000
17400,0,300,"sd","14:03:51",15200700
17400,0,100,"sd","14:03:45",15200400
17400,0,1500,"sd","14:03:41",15200300
17400,0,800,"sd","14:03:38",15198800
17400,0,1000,"sd","14:03:38",15198000
17400,0,300,"sd","14:03:38",15197000
17400,0,1900,"sd","14:03:38",15196700
17400,0,1000,"bu","14:03:26",15194800
17400,0,10000,"bu","14:03:26",15193800
17400,0,2000,"bu","14:03:26",15183800
17400,0,100,"bu","14:03:26",15181800
17400,0,200,"bu","14:03:26",15181700
17400,0,200,"bu","14:03:26",15181500
17400,0,500,"bu","14:03:26",15181300
17400,0,4100,"bu","14:03:26",15180800
17400,0,3900,"bu","14:03:24",15176700
17400,0,1000,"bu","14:03:24",15172800
17400,0,300,"bu","14:03:24",15171800
17400,0,900,"bu","14:03:24",15171500
17400,0,500,"bu","14:03:24",15170600
17400,0,100,"bu","14:03:24",15170100
17400,0,100,"bu","14:03:24",15170000
17400,0,3200,"bu","14:03:24",15169900
17400,0,100,"bu","14:03:23",15166700
17350,-50,500,"sd","14:03:23",15166600
17400,0,8000,"bu","14:03:23",15166100
17400,0,100,"bu","14:03:22",15158100
17400,0,1000,"bu","14:03:21",15158000
17400,0,100,"bu","14:03:20",15157000
17400,0,2400,"bu","14:03:20",15156900
17400,0,2000,"bu","14:03:20",15154500
17400,0,5600,"bu","14:03:20",15152500
17400,0,300,"bu","14:03:19",15146900
17400,0,100,"bu","14:03:19",15146600
17400,0,1200,"bu","14:03:19",15146500
17400,0,200,"bu","14:03:19",15145300
17400,0,2000,"bu","14:03:19",15145100
17400,0,800,"bu","14:03:17",15143100
17400,0,100,"bu","14:03:17",15142300
17400,0,100,"bu","14:03:15",15142200
17400,0,200,"bu","14:03:11",15142100
17400,0,2000,"bu","14:03:11",15141900
17400,0,200,"bu","14:03:11",15139900
17400,0,800,"bu","14:03:11",15139700
17400,0,2200,"bu","14:03:11",15138900
17400,0,200,"bu","14:03:10",15136700
17400,0,1000,"bu","14:03:10",15136500
17400,0,100,"bu","14:03:09",15135500
17400,0,100,"bu","14:03:09",15135400
17400,0,100,"bu","14:03:08",15135300
17400,0,100,"bu","14:03:08",15135200
17400,0,400,"bu","14:03:06",15135100
17400,0,100,"bu","14:03:06",15134700
17400,0,1000,"bu","14:03:06",15134600
17400,0,100,"bu","14:03:02",15133600
17400,0,300,"bu","14:03:02",15133500
17400,0,200,"bu","14:03:02",15133200
17400,0,200,"bu","14:03:02",15133000
17400,0,100,"bu","14:03:02",15132800
17400,0,400,"bu","14:03:02",15132700
17400,0,500,"bu","14:03:02",15132300
17400,0,500,"bu","14:03:02",15131800
17400,0,300,"bu","14:03:02",15131300
17400,0,2200,"bu","14:03:02",15131000
17400,0,5000,"bu","14:03:01",15128800
17400,0,100,"bu","14:03:01",15123800
17400,0,2700,"bu","14:03:00",15123700
17400,0,1300,"bu","14:03:00",15121000
17400,0,500,"bu","14:02:59",15119700
17400,0,500,"bu","14:02:59",15119200
17400,0,1000,"bu","14:02:58",15118700
17400,0,1000,"bu","14:02:55",15117700
17400,0,500,"bu","14:02:54",15116700
17400,0,3000,"bu","14:02:53",15116200
17400,0,1700,"bu","14:02:53",15113200
17400,0,500,"bu","14:02:49",15111500
17400,0,500,"bu","14:02:49",15111000
17400,0,1400,"bu","14:02:49",15110500
17400,0,1000,"bu","14:02:48",15109100
17400,0,100,"bu","14:02:48",15108100
17400,0,500,"bu","14:02:44",15108000
17400,0,1300,"bu","14:02:44",15107500
17400,0,500,"bu","14:02:44",15106200
17400,0,3200,"bu","14:02:44",15105700
17400,0,6000,"bu","14:02:44",15102500
17400,0,1000,"bu","14:02:41",15096500
17400,0,200,"bu","14:02:41",15095500
17400,0,10000,"bu","14:02:41",15095300
17400,0,500,"bu","14:02:41",15085300
17400,0,8300,"bu","14:02:41",15084800
17400,0,100,"bu","14:02:40",15076500
17400,0,1000,"bu","14:02:39",15076400
17400,0,100,"bu","14:02:37",15075400
17400,0,300,"bu","14:02:36",15075300
17400,0,2000,"bu","14:02:34",15075000
17400,0,3000,"bu","14:02:33",15073000
17400,0,200,"bu","14:02:33",15070000
17400,0,1000,"bu","14:02:32",15069800
17400,0,1000,"bu","14:02:27",15068800
17400,0,100,"bu","14:02:26",15067800
17400,0,15000,"bu","14:02:24",15067700
17400,0,1700,"bu","14:02:17",15052700
17400,0,100,"bu","14:02:14",15051000
17400,0,300,"bu","14:02:09",15050900
17400,0,500,"bu","14:02:08",15050600
17400,0,500,"bu","14:02:06",15050100
17400,0,200,"bu","14:02:06",15049600
17400,0,1000,"bu","14:02:05",15049400
17400,0,200,"bu","14:02:03",15048400
17400,0,1000,"bu","14:02:02",15048200
17400,0,1700,"bu","14:01:59",15047200
17400,0,100,"bu","14:01:59",15045500
17400,0,1000,"bu","14:01:57",15045400
17400,0,1000,"bu","14:01:57",15044400
17400,0,1000,"bu","14:01:57",15043400
17400,0,200,"bu","14:01:56",15042400
17400,0,2000,"bu","14:01:55",15042200
17400,0,200,"bu","14:01:48",15040200
17400,0,1000,"bu","14:01:47",15040000
17400,0,1000,"bu","14:01:36",15039000
17400,0,1700,"bu","14:01:31",15038000
17400,0,100,"bu","14:01:27",15036300
17400,0,100,"bu","14:01:27",15036200
17400,0,5000,"bu","14:01:27",15036100
17400,0,1000,"bu","14:01:24",15031100
17400,0,2000,"bu","14:01:23",15030100
17400,0,1000,"bu","14:01:21",15028100
17350,-50,500,"sd","14:01:19",15027100
17400,0,1000,"bu","14:01:15",15026600
17400,0,4000,"bu","14:01:12",15025600
17400,0,500,"bu","14:01:09",15021600
17400,0,3000,"bu","14:01:00",15021100
17400,0,2700,"bu","14:00:54",15018100
17350,-50,3000,"sd","14:00:46",15015400
17350,-50,1000,"sd","14:00:46",15012400
17350,-50,1000,"sd","14:00:46",15011400
17350,-50,900,"sd","14:00:46",15010400
17350,-50,300,"sd","14:00:43",15009500
17350,-50,100,"sd","14:00:23",15009200
17400,0,3000,"bu","14:00:15",15009100
17400,0,1000,"bu","14:00:14",15006100
17400,0,1000,"bu","14:00:14",15005100
17350,-50,200,"sd","14:00:06",15004100
17350,-50,200,"sd","14:00:06",15003900
17350,-50,600,"sd","14:00:06",15003700
17400,0,600,"bu","13:59:51",15003100
17400,0,10000,"bu","13:59:47",15002500
17350,-50,500,"sd","13:59:44",14992500
17400,0,1000,"bu","13:59:34",14992000
17400,0,200,"bu","13:59:32",14991000
17350,-50,300,"sd","13:59:30",14990800
17350,-50,300,"sd","13:59:27",14990500
17400,0,1000,"bu","13:59:20",14990200
17350,-50,1000,"sd","13:59:19",14989200
17400,0,200,"bu","13:59:12",14988200
17400,0,100,"bu","13:59:12",14988000
17400,0,100,"bu","13:59:09",14987900
17400,0,500,"bu","13:58:57",14987800
17400,0,10000,"bu","13:58:43",14987300
17400,0,100,"bu","13:58:41",14977300
17350,-50,2300,"sd","13:58:37",14977200
17350,-50,3700,"sd","13:58:37",14974900
17400,0,1000,"bu","13:58:35",14971200
17400,0,1000,"bu","13:58:32",14970200
17400,0,300,"bu","13:58:24",14969200
17400,0,200,"bu","13:58:24",14968900
17400,0,5000,"bu","13:58:24",14968700
17400,0,2000,"bu","13:58:24",14963700
17400,0,300,"bu","13:58:24",14961700
17400,0,500,"bu","13:58:24",14961400
17400,0,2500,"bu","13:58:24",14960900
17400,0,10000,"bu","13:58:24",14958400
17400,0,1000,"bu","13:58:24",14948400
17400,0,3000,"bu","13:58:24",14947400
17400,0,5200,"bu","13:58:24",14944400
17400,0,400,"bu","13:58:20",14939200
17400,0,1000,"bu","13:58:15",14938800
17400,0,300,"bu","13:58:14",14937800
17400,0,100,"bu","13:58:13",14937500
17400,0,5000,"bu","13:58:04",14937400
17400,0,700,"bu","13:57:53",14932400
17400,0,500,"bu","13:57:51",14931700
17400,0,100,"bu","13:57:48",14931200
17400,0,3600,"bu","13:57:42",14931100
17400,0,2500,"bu","13:57:41",14927500
17400,0,2800,"bu","13:57:41",14925000
17400,0,3200,"bu","13:57:41",14922200
17400,0,200,"bu","13:57:41",14919000
17400,0,400,"bu","13:57:41",14918800
17400,0,500,"bu","13:57:41",14918400
17400,0,100,"bu","13:57:41",14917900
17400,0,100,"bu","13:57:41",14917800
17400,0,200,"bu","13:57:41",14917700
17400,0,4800,"bu","13:57:34",14917500
17400,0,1200,"bu","13:57:34",14912700
17400,0,100,"bu","13:57:34",14911500
17400,0,1000,"bu","13:57:30",14911400
17400,0,2700,"bu","13:57:29",14910400
17400,0,300,"bu","13:57:29",14907700
17400,0,100,"bu","13:57:19",14907400
17400,0,500,"bu","13:57:14",14907300
17400,0,3000,"bu","13:57:11",14906800
17400,0,4000,"bu","13:56:52",14903800
17400,0,1100,"bu","13:56:51",14899800
17400,0,900,"bu","13:56:51",14898700
17400,0,1000,"bu","13:56:51",14897800
17350,-50,1300,"sd","13:56:50",14896800
17350,-50,200,"sd","13:56:50",14895500
17400,0,100,"bu","13:56:48",14895300
17400,0,1000,"bu","13:56:47",14895200
17400,0,400,"bu","13:56:43",14894200
17400,0,2500,"bu","13:56:43",14893800
17400,0,500,"bu","13:56:43",14891300
17400,0,100,"bu","13:56:43",14890800
17400,0,100,"bu","13:56:43",14890700
17400,0,100,"bu","13:56:43",14890600
17400,0,1700,"bu","13:56:43",14890500
17400,0,200,"bu","13:56:43",14888800
17400,0,800,"bu","13:56:43",14888600
17400,0,200,"bu","13:56:37",14887800
17400,0,400,"bu","13:56:37",14887600
17400,0,100,"bu","13:56:36",14887200
17400,0,1900,"bu","13:56:36",14887100
17400,0,2000,"bu","13:56:33",14885200
17400,0,400,"bu","13:56:31",14883200
17400,0,2000,"bu","13:56:20",14882800
17400,0,500,"bu","13:56:18",14880800
17400,0,5000,"bu","13:56:18",14880300
17400,0,500,"bu","13:56:18",14875300
17400,0,2000,"bu","13:56:16",14874800
17400,0,500,"bu","13:56:12",14872800
17400,0,200,"bu","13:56:11",14872300
17400,0,300,"bu","13:56:11",14872100
17400,0,100,"bu","13:56:09",14871800
17400,0,1000,"bu","13:56:04",14871700
17350,-50,800,"sd","13:56:02",14870700
17350,-50,1000,"sd","13:56:02",14869900
17350,-50,500,"sd","13:56:02",14868900
17350,-50,1000,"sd","13:56:02",14868400
17350,-50,4000,"sd","13:56:02",14867400
17350,-50,3000,"sd","13:56:02",14863400
17350,-50,3000,"sd","13:56:02",14860400
17350,-50,200,"sd","13:56:02",14857400
17350,-50,5000,"sd","13:56:02",14857200
17350,-50,5000,"sd","13:56:02",14852200
17350,-50,500,"sd","13:56:02",14847200
17350,-50,1000,"sd","13:56:02",14846700
17350,-50,1000,"sd","13:56:02",14845700
17350,-50,100,"sd","13:56:02",14844700
17350,-50,100,"sd","13:56:02",14844600
17350,-50,100,"sd","13:56:02",14844500
17350,-50,1000,"sd","13:56:02",14844400
17350,-50,2000,"sd","13:56:02",14843400
17350,-50,700,"sd","13:56:02",14841400
17400,0,2000,"bu","13:56:01",14840700
17400,0,100,"bu","13:55:58",14838700
17400,0,900,"bu","13:55:58",14838600
17400,0,100,"bu","13:55:58",14837700
17400,0,100,"bu","13:55:58",14837600
17400,0,500,"bu","13:55:58",14837500
17400,0,2300,"bu","13:55:58",14837000
17400,0,700,"bu","13:55:55",14834700
17400,0,400,"bu","13:55:55",14834000
17400,0,400,"bu","13:55:55",14833600
17400,0,1000,"bu","13:55:53",14833200
17400,0,500,"bu","13:55:40",14832200
17350,-50,300,"sd","13:55:25",14831700
17400,0,1000,"bu","13:55:23",14831400
17400,0,100,"bu","13:55:20",14830400
17350,-50,1000,"sd","13:55:16",14830300
17350,-50,1000,"sd","13:55:16",14829300
17350,-50,3000,"sd","13:55:16",14828300
17400,0,1000,"bu","13:55:16",14825300
17400,0,500,"bu","13:55:12",14824300
17400,0,2000,"bu","13:55:10",14823800
17400,0,500,"bu","13:55:07",14821800
17400,0,500,"bu","13:55:06",14821300
17400,0,1000,"bu","13:55:00",14820800
17400,0,500,"bu","13:54:54",14819800
17400,0,1000,"bu","13:54:51",14819300
17400,0,500,"sd","13:54:49",14818300
17400,0,2000,"sd","13:54:49",14817800
17400,0,400,"sd","13:54:49",14815800
17400,0,100,"sd","13:54:49",14815400
17400,0,100,"sd","13:54:49",14815300
17400,0,100,"sd","13:54:47",14815200
17400,0,900,"sd","13:54:47",14815100
17400,0,100,"sd","13:54:44",14814200
17400,0,1000,"sd","13:54:44",14814100
17400,0,1000,"sd","13:54:44",14813100
17400,0,200,"sd","13:54:44",14812100
17400,0,2000,"sd","13:54:44",14811900
17400,0,1600,"sd","13:54:44",14809900
17400,0,400,"sd","13:54:40",14808300
17400,0,4600,"sd","13:54:40",14807900
17400,0,500,"sd","13:54:32",14803300
17400,0,500,"sd","13:54:17",14802800
17400,0,1000,"sd","13:54:15",14802300
17400,0,1000,"sd","13:54:15",14801300
17400,0,500,"sd","13:54:15",14800300
17400,0,500,"sd","13:54:15",14799800
17400,0,2100,"sd","13:54:13",14799300
17400,0,900,"sd","13:54:13",14797200
17400,0,3000,"sd","13:54:04",14796300
17400,0,300,"bu","13:53:57",14793300
17400,0,800,"bu","13:53:57",14793000
17400,0,2000,"bu","13:53:54",14792200
17400,0,300,"bu","13:53:54",14790200
17400,0,1000,"bu","13:53:54",14789900
17400,0,200,"bu","13:53:54",14788900
17400,0,1100,"bu","13:53:54",14788700
17400,0,1000,"bu","13:53:54",14787600
17400,0,1200,"bu","13:53:54",14786600
17400,0,500,"bu","13:53:54",14785400
17400,0,4000,"bu","13:53:54",14784900
17400,0,500,"bu","13:53:54",14780900
17400,0,300,"bu","13:53:54",14780400
17400,0,4000,"bu","13:53:54",14780100
17400,0,500,"bu","13:53:54",14776100
17400,0,500,"bu","13:53:54",14775600
17400,0,100,"bu","13:53:54",14775100
17400,0,2000,"bu","13:53:54",14775000
17400,0,100,"bu","13:53:54",14773000
17400,0,500,"bu","13:53:54",14772900
17400,0,1000,"bu","13:53:54",14772400
17400,0,2500,"bu","13:53:54",14771400
17400,0,400,"bu","13:53:54",14768900
17400,0,500,"bu","13:53:54",14768500
17400,0,20000,"bu","13:53:54",14768000
17400,0,5000,"bu","13:53:54",14748000
17400,0,2000,"bu","13:53:54",14743000
17400,0,5000,"bu","13:53:54",14741000
17400,0,1000,"bu","13:53:54",14736000
17400,0,2500,"bu","13:53:54",14735000
17400,0,8000,"bu","13:53:54",14732500
17400,0,600,"bu","13:53:54",14724500
17400,0,2000,"bu","13:53:54",14723900
17400,0,500,"bu","13:53:54",14721900
17400,0,5000,"bu","13:53:54",14721400
17400,0,2000,"bu","13:53:54",14716400
17400,0,5000,"bu","13:53:54",14714400
17400,0,5000,"bu","13:53:54",14709400
17400,0,6000,"bu","13:53:54",14704400
17400,0,200,"bu","13:53:51",14698400
17400,0,300,"bu","13:53:47",14698200
17400,0,500,"bu","13:53:38",14697900
17400,0,2000,"bu","13:53:38",14697400
17400,0,200,"bu","13:53:38",14695400
17400,0,200,"bu","13:53:34",14695200
17400,0,500,"bu","13:53:30",14695000
17400,0,1100,"bu","13:53:24",14694500
17400,0,300,"bu","13:53:21",14693400
17400,0,1000,"bu","13:53:07",14693100
17400,0,7700,"bu","13:53:07",14692100
17400,0,1500,"bu","13:53:07",14684400
17400,0,100,"bu","13:53:07",14682900
17400,0,700,"bu","13:53:07",14682800
17400,0,1300,"bu","13:53:06",14682100
17400,0,700,"bu","13:53:06",14680800
17350,-50,7000,"sd","13:53:02",14680100
17350,-50,5000,"sd","13:53:01",14673100
17350,-50,100,"sd","13:53:01",14668100
17350,-50,2000,"sd","13:53:01",14668000
17350,-50,900,"sd","13:53:01",14666000
17400,0,500,"bu","13:52:57",14665100
17400,0,500,"bu","13:52:57",14664600
17400,0,400,"bu","13:52:57",14664100
17400,0,2000,"bu","13:52:57",14663700
17400,0,1000,"bu","13:52:57",14661700
17400,0,200,"bu","13:52:57",14660700
17400,0,1000,"bu","13:52:57",14660500
17350,-50,100,"sd","13:52:51",14659500
17350,-50,200,"sd","13:52:51",14659400
17350,-50,300,"sd","13:52:26",14659200
17350,-50,4700,"sd","13:52:26",14658900
17350,-50,300,"sd","13:52:16",14654200
17350,-50,700,"sd","13:52:16",14653900
17350,-50,100,"sd","13:52:15",14653200
17350,-50,1200,"sd","13:52:05",14653100
17350,-50,2000,"sd","13:52:05",14651900
17350,-50,1800,"sd","13:52:05",14649900
17350,-50,2000,"sd","13:52:02",14648100
17350,-50,100,"sd","13:52:01",14646100
17350,-50,100,"sd","13:51:58",14646000
17350,-50,500,"sd","13:51:56",14645900
17350,-50,500,"sd","13:51:50",14645400
17350,-50,3000,"sd","13:51:49",14644900
17350,-50,2000,"sd","13:51:42",14641900
17350,-50,1000,"sd","13:51:42",14639900
17350,-50,500,"sd","13:51:33",14638900
17350,-50,2000,"sd","13:51:27",14638400
17400,0,200,"bu","13:51:20",14636400
17350,-50,500,"sd","13:51:18",14636200
17350,-50,500,"sd","13:50:58",14635700
17400,0,100,"bu","13:50:54",14635200
17350,-50,500,"sd","13:50:52",14635100
17350,-50,500,"sd","13:50:52",14634600
17400,0,1700,"bu","13:50:50",14634100
17400,0,1300,"bu","13:50:50",14632400
17400,0,300,"bu","13:50:48",14631100
17400,0,2000,"bu","13:50:46",14630800
17400,0,1000,"bu","13:50:43",14628800
17400,0,600,"bu","13:50:36",14627800
17400,0,100,"bu","13:50:36",14627200
17400,0,8500,"bu","13:50:33",14627100
17400,0,500,"sd","13:50:32",14618600
17400,0,200,"sd","13:50:32",14618100
17400,0,1000,"sd","13:50:32",14617900
17400,0,1000,"sd","13:50:32",14616900
17400,0,1000,"sd","13:50:32",14615900
17400,0,300,"sd","13:50:32",14614900
17400,0,200,"sd","13:50:32",14614600
17400,0,2200,"sd","13:50:32",14614400
17400,0,600,"sd","13:50:32",14612200
17400,0,300,"sd","13:50:32",14611600
17400,0,1000,"sd","13:50:32",14611300
17400,0,1100,"sd","13:50:32",14610300
17400,0,2000,"sd","13:50:32",14609200
17400,0,14800,"sd","13:50:32",14607200
17400,0,20200,"sd","13:50:32",14592400
17400,0,3100,"sd","13:50:32",14572200
17400,0,600,"sd","13:50:29",14569100
17400,0,4000,"sd","13:50:29",14568500
17400,0,1000,"sd","13:50:29",14564500
17400,0,900,"sd","13:50:29",14563500
17400,0,100,"sd","13:50:29",14562600
17400,0,300,"sd","13:50:28",14562500
17400,0,200,"sd","13:50:28",14562200
17400,0,500,"sd","13:50:28",14562000
17400,0,1000,"sd","13:50:28",14561500
17400,0,700,"sd","13:50:28",14560500
17400,0,1000,"sd","13:50:28",14559800
17400,0,2000,"sd","13:50:28",14558800
17400,0,300,"sd","13:50:28",14556800
17400,0,3000,"sd","13:50:27",14556500
17400,0,500,"sd","13:50:27",14553500
17400,0,700,"sd","13:50:25",14553000
17400,0,300,"sd","13:50:25",14552300
17400,0,200,"sd","13:50:25",14552000
17400,0,800,"sd","13:50:25",14551800
17400,0,700,"sd","13:50:25",14551000
17400,0,500,"sd","13:50:25",14550300
17400,0,1300,"sd","13:50:25",14549800
17400,0,2100,"sd","13:50:25",14548500
17400,0,200,"sd","13:50:25",14546400
17400,0,1000,"sd","13:50:25",14546200
17400,0,1000,"sd","13:50:25",14545200
17400,0,500,"sd","13:50:25",14544200
17400,0,100,"sd","13:50:25",14543700
17400,0,10000,"sd","13:50:25",14543600
17400,0,1000,"sd","13:50:25",14533600
17400,0,800,"sd","13:50:25",14532600
17400,0,3000,"sd","13:50:25",14531800
17400,0,1500,"sd","13:50:25",14528800
17400,0,1000,"sd","13:50:25",14527300
17400,0,100,"sd","13:50:25",14526300
17400,0,500,"sd","13:50:25",14526200
17400,0,300,"sd","13:50:25",14525700
17400,0,100,"sd","13:50:25",14525400
17400,0,300,"sd","13:50:25",14525300
17400,0,10000,"sd","13:50:25",14525000
17400,0,5000,"sd","13:50:25",14515000
17400,0,500,"sd","13:50:25",14510000
17400,0,200,"sd","13:50:25",14509500
17400,0,5000,"sd","13:50:25",14509300
17400,0,200,"sd","13:50:25",14504300
17400,0,2200,"sd","13:50:25",14504100
17400,0,100,"sd","13:50:25",14501900
17400,0,1300,"sd","13:50:25",14501800
17400,0,200,"sd","13:50:24",14500500
17400,0,500,"sd","13:50:24",14500300
17400,0,500,"sd","13:50:24",14499800
17400,0,100,"sd","13:50:24",14499300
17400,0,1000,"sd","13:50:24",14499200
17400,0,1000,"sd","13:50:24",14498200
17400,0,200,"sd","13:50:24",14497200
17400,0,100,"sd","13:50:24",14497000
17400,0,2000,"sd","13:50:23",14496900
17400,0,400,"sd","13:50:23",14494900
17400,0,200,"sd","13:50:23",14494500
17400,0,200,"sd","13:50:23",14494300
17400,0,8800,"sd","13:50:23",14494100
17400,0,1200,"sd","13:50:23",14485300
17400,0,100,"sd","13:50:23",14484100
17400,0,1000,"sd","13:50:23",14484000
17400,0,100,"sd","13:50:23",14483000
17400,0,2500,"sd","13:50:23",14482900
17400,0,200,"sd","13:50:23",14480400
17400,0,100,"sd","13:50:23",14480200
17400,0,5000,"sd","13:50:23",14480100
17400,0,200,"sd","13:50:23",14475100
17400,0,300,"sd","13:50:23",14474900
17400,0,100,"sd","13:50:23",14474600
17400,0,500,"sd","13:50:23",14474500
17400,0,300,"sd","13:50:23",14474000
17400,0,8400,"sd","13:50:23",14473700
17400,0,1600,"sd","13:50:21",14465300
17400,0,200,"sd","13:50:21",14463700
17400,0,200,"sd","13:50:21",14463500
17400,0,400,"sd","13:50:20",14463300
17400,0,500,"sd","13:50:19",14462900
17400,0,1000,"sd","13:50:17",14462400
17400,0,200,"sd","13:50:17",14461400
17400,0,700,"sd","13:50:13",14461200
17400,0,500,"sd","13:50:11",14460500
17400,0,1000,"sd","13:50:10",14460000
17400,0,5000,"sd","13:50:10",14459000
17400,0,5000,"sd","13:50:10",14454000
17400,0,10000,"sd","13:50:10",14449000
17400,0,2000,"sd","13:50:10",14439000
17400,0,1800,"sd","13:50:10",14437000
17400,0,10000,"sd","13:50:10",14435200
17400,0,100,"sd","13:50:10",14425200
17400,0,100,"sd","13:50:10",14425100
17400,0,1000,"sd","13:50:10",14425000
17400,0,1500,"sd","13:50:10",14424000
17400,0,300,"sd","13:50:10",14422500
17400,0,10000,"sd","13:50:10",14422200
17400,0,5000,"sd","13:50:10",14412200
17400,0,10000,"sd","13:50:10",14407200
17400,0,300,"sd","13:50:10",14397200
17400,0,2000,"sd","13:50:10",14396900
17400,0,500,"sd","13:50:10",14394900
17400,0,2000,"sd","13:50:10",14394400
17400,0,600,"sd","13:50:10",14392400
17400,0,1500,"sd","13:50:10",14391800
17400,0,500,"sd","13:50:10",14390300
17400,0,400,"sd","13:50:10",14389800
17400,0,100,"sd","13:50:10",14389400
17400,0,400,"sd","13:50:10",14389300
17400,0,500,"sd","13:50:10",14388900
17400,0,100,"sd","13:50:10",14388400
17400,0,1000,"sd","13:50:10",14388300
17400,0,13000,"sd","13:50:10",14387300
17400,0,1000,"sd","13:50:10",14374300
17400,0,1000,"sd","13:50:10",14373300
17400,0,2000,"sd","13:50:10",14372300
17400,0,100,"sd","13:50:10",14370300
17400,0,1000,"sd","13:50:10",14370200
17400,0,2000,"sd","13:50:10",14369200
17400,0,6000,"sd","13:50:10",14367200
17400,0,1200,"sd","13:50:10",14361200
17400,0,300,"sd","13:50:10",14360000
17400,0,100,"sd","13:50:00",14359700
17450,50,1100,"bu","13:49:56",14359600
17450,50,3700,"bu","13:49:54",14358500
17450,50,1300,"bu","13:49:54",14354800
17400,0,3000,"sd","13:49:54",14353500
17400,0,500,"sd","13:49:54",14350500
17400,0,1000,"sd","13:49:54",14350000
17400,0,200,"sd","13:49:54",14349000
17400,0,100,"sd","13:49:51",14348800
17400,0,100,"sd","13:49:51",14348700
17400,0,400,"sd","13:49:51",14348600
17400,0,100,"sd","13:49:42",14348200
17450,50,1000,"bu","13:49:40",14348100
17450,50,300,"bu","13:49:34",14347100
17450,50,400,"bu","13:49:29",14346800
17450,50,100,"bu","13:49:29",14346400
17450,50,3500,"bu","13:49:29",14346300
17450,50,3000,"bu","13:49:10",14342800
17400,0,100,"sd","13:49:03",14339800
17450,50,300,"bu","13:48:52",14339700
17450,50,3200,"bu","13:48:28",14339400
17450,50,3600,"bu","13:48:28",14336200
17450,50,2000,"bu","13:48:28",14332600
17450,50,100,"bu","13:48:28",14330600
17450,50,100,"bu","13:48:28",14330500
17450,50,500,"bu","13:48:27",14330400
17450,50,700,"bu","13:48:22",14329900
17450,50,200,"bu","13:48:21",14329200
17450,50,2800,"bu","13:48:21",14329000
17450,50,3200,"bu","13:48:19",14326200
17450,50,100,"bu","13:48:19",14323000
17450,50,500,"bu","13:48:19",14322900
17450,50,200,"bu","13:48:19",14322400
17450,50,100,"bu","13:48:15",14322200
17450,50,900,"bu","13:48:15",14322100
17450,50,1600,"bu","13:48:08",14321200
17450,50,200,"bu","13:48:08",14319600
17450,50,500,"bu","13:48:08",14319400
17450,50,1400,"bu","13:48:08",14318900
17450,50,100,"bu","13:48:08",14317500
17450,50,4800,"bu","13:48:08",14317400
17450,50,500,"bu","13:48:07",14312600
17450,50,10000,"bu","13:48:04",14312100
17450,50,500,"bu","13:47:56",14302100
17450,50,100,"bu","13:47:49",14301600
17450,50,1400,"bu","13:47:47",14301500
17400,0,1000,"sd","13:47:46",14300100
17450,50,2700,"bu","13:47:44",14299100
17450,50,1800,"bu","13:47:44",14296400
17450,50,1500,"bu","13:47:44",14294600
17450,50,500,"bu","13:47:44",14293100
17450,50,3500,"bu","13:47:44",14292600
17450,50,500,"bu","13:47:44",14289100
17450,50,1000,"bu","13:47:40",14288600
17450,50,800,"bu","13:47:40",14287600
17450,50,1000,"bu","13:47:39",14286800
17450,50,7900,"bu","13:47:29",14285800
17450,50,2900,"bu","13:47:27",14277900
17450,50,7400,"bu","13:47:15",14275000
17450,50,800,"bu","13:47:15",14267600
17450,50,1000,"bu","13:47:15",14266800
17450,50,100,"bu","13:47:15",14265800
17450,50,500,"bu","13:47:15",14265700
17450,50,200,"bu","13:47:15",14265200
17450,50,800,"bu","13:46:54",14265000
17450,50,1200,"bu","13:46:54",14264200
17450,50,300,"bu","13:46:54",14263000
17450,50,300,"sd","13:46:51",14262700
17450,50,900,"sd","13:46:51",14262400
17450,50,2000,"sd","13:46:51",14261500
17450,50,300,"sd","13:46:51",14259500
17450,50,400,"sd","13:46:51",14259200
17450,50,14600,"sd","13:46:51",14258800
17450,50,100,"sd","13:46:50",14244200
17450,50,300,"sd","13:46:49",14244100
17450,50,1700,"sd","13:46:49",14243800
17450,50,500,"sd","13:46:49",14242100
17450,50,800,"sd","13:46:49",14241600
17450,50,1000,"sd","13:46:49",14240800
17450,50,1000,"sd","13:46:49",14239800
17450,50,200,"sd","13:46:49",14238800
17450,50,1000,"sd","13:46:49",14238600
17450,50,500,"sd","13:46:49",14237600
17450,50,100,"sd","13:46:49",14237100
17450,50,300,"sd","13:46:49",14237000
17450,50,1100,"sd","13:46:49",14236700
17450,50,200,"sd","13:46:49",14235600
17450,50,100,"sd","13:46:48",14235400
17450,50,600,"sd","13:46:48",14235300
17450,50,9400,"sd","13:46:48",14234700
17450,50,100,"sd","13:46:44",14225300
17450,50,500,"sd","13:46:42",14225200
17450,50,500,"sd","13:46:41",14224700
17450,50,100,"sd","13:46:40",14224200
17450,50,100,"sd","13:46:39",14224100
17450,50,4300,"sd","13:46:38",14224000
17450,50,700,"sd","13:46:38",14219700
17450,50,100,"sd","13:46:36",14219000
17450,50,1000,"sd","13:46:34",14218900
17450,50,500,"sd","13:46:32",14217900
17450,50,300,"sd","13:46:32",14217400
17450,50,100,"sd","13:46:31",14217100
17450,50,2300,"sd","13:46:30",14217000
17450,50,7700,"sd","13:46:30",14214700
17450,50,2000,"sd","13:46:28",14207000
17450,50,500,"sd","13:46:27",14205000
17450,50,100,"sd","13:46:26",14204500
17450,50,100,"sd","13:46:04",14204400
17450,50,1800,"sd","13:46:04",14204300
17450,50,300,"bu","13:46:03",14202500
17450,50,500,"bu","13:46:03",14202200
17450,50,200,"bu","13:46:03",14201700
17450,50,1000,"bu","13:46:03",14201500
17450,50,5000,"bu","13:46:03",14200500
17450,50,3000,"bu","13:46:03",14195500
17450,50,100,"bu","13:46:03",14192500
17450,50,100,"bu","13:46:03",14192400
17450,50,10000,"bu","13:46:03",14192300
17450,50,100,"bu","13:46:03",14182300
17450,50,2000,"bu","13:46:03",14182200
17450,50,300,"bu","13:46:03",14180200
17450,50,10000,"bu","13:46:03",14179900
17450,50,100,"bu","13:46:03",14169900
17450,50,100,"bu","13:46:03",14169800
17450,50,1000,"bu","13:46:03",14169700
17450,50,500,"bu","13:46:03",14168700
17450,50,500,"bu","13:46:03",14168200
17450,50,100,"bu","13:46:03",14167700
17450,50,2400,"bu","13:46:03",14167600
17450,50,500,"bu","13:46:03",14165200
17450,50,3600,"bu","13:46:01",14164700
17450,50,1000,"bu","13:46:01",14161100
17450,50,1000,"bu","13:46:01",14160100
17450,50,500,"bu","13:46:01",14159100
17450,50,500,"bu","13:46:01",14158600
17450,50,800,"bu","13:46:01",14158100
17450,50,200,"bu","13:46:01",14157300
17450,50,1000,"bu","13:46:01",14157100
17450,50,100,"bu","13:46:01",14156100
17450,50,200,"bu","13:46:01",14156000
17450,50,900,"bu","13:46:01",14155800
17450,50,1000,"bu","13:46:01",14154900
17450,50,100,"bu","13:46:01",14153900
17450,50,500,"bu","13:46:01",14153800
17450,50,10000,"bu","13:46:01",14153300
17450,50,100,"bu","13:46:01",14143300
17450,50,5000,"bu","13:46:01",14143200
17450,50,300,"bu","13:46:01",14138200
17450,50,2700,"bu","13:46:01",14137900
17450,50,500,"bu","13:46:01",14135200
17450,50,200,"bu","13:46:01",14134700
17450,50,300,"bu","13:46:01",14134500
17450,50,1500,"bu","13:46:01",14134200
17450,50,500,"bu","13:46:01",14132700
17450,50,1000,"bu","13:46:01",14132200
17450,50,700,"bu","13:46:01",14131200
17450,50,2000,"bu","13:46:01",14130500
17450,50,500,"bu","13:46:01",14128500
17450,50,100,"bu","13:46:01",14128000
17450,50,200,"bu","13:46:01",14127900
17450,50,1200,"bu","13:46:00",14127700
17450,50,3600,"bu","13:45:59",14126500
17450,50,100,"bu","13:45:59",14122900
17450,50,5000,"bu","13:45:59",14122800
17450,50,200,"bu","13:45:59",14117800
17450,50,100,"bu","13:45:59",14117600
17450,50,500,"bu","13:45:59",14117500
17450,50,500,"bu","13:45:59",14117000
17450,50,9000,"bu","13:45:59",14116500
17450,50,800,"bu","13:45:57",14107500
17450,50,200,"bu","13:45:57",14106700
17450,50,200,"bu","13:45:57",14106500
17450,50,500,"bu","13:45:57",14106300
17450,50,500,"bu","13:45:57",14105800
17450,50,2200,"bu","13:45:57",14105300
17450,50,100,"bu","13:45:57",14103100
17450,50,2700,"bu","13:45:57",14103000
17450,50,700,"bu","13:45:56",14100300
17450,50,200,"bu","13:45:50",14099600
17450,50,1000,"bu","13:45:49",14099400
17450,50,5400,"bu","13:45:47",14098400
17450,50,4600,"bu","13:45:47",14093000
17450,50,800,"bu","13:45:44",14088400
17450,50,100,"bu","13:45:44",14087600
17450,50,2000,"bu","13:45:42",14087500
17450,50,500,"bu","13:45:36",14085500
17450,50,900,"bu","13:45:36",14085000
17450,50,1800,"bu","13:45:36",14084100
17450,50,2400,"bu","13:45:36",14082300
17450,50,1100,"bu","13:45:36",14079900
17450,50,1600,"bu","13:45:36",14078800
17450,50,100,"bu","13:45:36",14077200
17450,50,4600,"bu","13:45:36",14077100
17450,50,1000,"bu","13:45:34",14072500
17450,50,1800,"bu","13:45:33",14071500
17450,50,1200,"bu","13:45:33",14069700
17450,50,100,"bu","13:45:33",14068500
17450,50,100,"bu","13:45:33",14068400
17450,50,2000,"bu","13:45:33",14068300
17450,50,2000,"bu","13:45:33",14066300
17450,50,10000,"bu","13:45:33",14064300
17450,50,2600,"bu","13:45:33",14054300
17450,50,500,"bu","13:45:33",14051700
17450,50,400,"bu","13:45:22",14051200
17450,50,1500,"bu","13:45:18",14050800
17450,50,300,"bu","13:45:18",14049300
17450,50,200,"bu","13:45:18",14049000
17450,50,200,"bu","13:45:18",14048800
17450,50,100,"bu","13:45:18",14048600
17450,50,1200,"bu","13:45:18",14048500
17450,50,100,"bu","13:45:18",14047300
17450,50,1000,"bu","13:45:18",14047200
17450,50,200,"bu","13:45:18",14046200
17450,50,5000,"bu","13:45:18",14046000
17450,50,1000,"bu","13:45:18",14041000
17450,50,2000,"bu","13:45:18",14040000
17450,50,100,"bu","13:45:18",14038000
17450,50,11800,"bu","13:45:18",14037900
17450,50,800,"bu","13:45:18",14026100
17450,50,500,"bu","13:45:18",14025300
17450,50,4000,"bu","13:45:18",14024800
17450,50,5000,"bu","13:45:15",14020800
17450,50,8200,"bu","13:45:14",14015800
17450,50,10000,"bu","13:45:10",14007600
17400,0,400,"sd","13:45:10",13997600
17400,0,600,"sd","13:45:10",13997200
17450,50,500,"bu","13:45:01",13996600
17450,50,100,"bu","13:44:55",13996100
17450,50,3000,"bu","13:44:52",13996000
17400,0,1500,"sd","13:44:48",13993000
17400,0,500,"sd","13:44:48",13991500
17400,0,1500,"sd","13:44:48",13991000
17400,0,1500,"sd","13:44:48",13989500
17400,0,500,"sd","13:44:28",13988000
17450,50,1000,"bu","13:44:26",13987500
17450,50,1000,"bu","13:44:23",13986500
17450,50,500,"bu","13:44:16",13985500
17450,50,100,"bu","13:44:14",13985000
17450,50,10000,"bu","13:44:13",13984900
17450,50,2000,"bu","13:43:57",13974900
17450,50,1000,"bu","13:43:53",13972900
17450,50,5800,"bu","13:43:51",13971900
17450,50,1500,"bu","13:43:51",13966100
17450,50,1400,"bu","13:43:51",13964600
17450,50,500,"bu","13:43:51",13963200
17450,50,500,"bu","13:43:51",13962700
17450,50,300,"bu","13:43:51",13962200
17450,50,500,"bu","13:43:45",13961900
17450,50,200,"bu","13:43:44",13961400
17450,50,300,"bu","13:43:44",13961200
17450,50,100,"bu","13:43:44",13960900
17450,50,3400,"bu","13:43:44",13960800
17450,50,6600,"bu","13:43:37",13957400
17400,0,2500,"sd","13:43:37",13950800
17400,0,500,"sd","13:43:35",13948300
17400,0,300,"sd","13:43:35",13947800
17400,0,5000,"sd","13:43:35",13947500
17400,0,1000,"sd","13:43:35",13942500
17400,0,1000,"sd","13:43:35",13941500
17400,0,1000,"sd","13:43:35",13940500
17400,0,6000,"sd","13:43:35",13939500
17400,0,1500,"sd","13:43:35",13933500
17400,0,3700,"sd","13:43:35",13932000
17450,50,100,"bu","13:43:31",13928300
17450,50,1000,"bu","13:43:31",13928200
17450,50,200,"bu","13:43:31",13927200
17450,50,1000,"bu","13:43:31",13927000
17450,50,300,"bu","13:43:31",13926000
17450,50,100,"bu","13:43:31",13925700
17450,50,600,"bu","13:43:31",13925600
17450,50,300,"bu","13:43:31",13925000
17450,50,5300,"bu","13:43:31",13924700
17450,50,1100,"bu","13:43:31",13919400
17400,0,3300,"sd","13:43:24",13918300
17400,0,1000,"sd","13:43:24",13915000
17400,0,1000,"sd","13:43:24",13914000
17400,0,300,"sd","13:43:24",13913000
17400,0,1000,"sd","13:43:24",13912700
17400,0,1000,"sd","13:43:24",13911700
17400,0,500,"sd","13:43:24",13910700
17400,0,200,"sd","13:43:24",13910200
17400,0,1000,"sd","13:43:24",13910000
17400,0,100,"sd","13:43:24",13909000
17400,0,600,"sd","13:43:24",13908900
17400,0,500,"sd","13:43:20",13908300
17450,50,500,"bu","13:43:19",13907800
17450,50,1000,"bu","13:43:16",13907300
17450,50,1000,"bu","13:43:13",13906300
17450,50,1400,"bu","13:43:05",13905300
17450,50,100,"bu","13:43:05",13903900
17450,50,3000,"bu","13:43:05",13903800
17450,50,1400,"bu","13:43:05",13900800
17450,50,4100,"bu","13:43:05",13899400
17450,50,300,"bu","13:43:05",13895300
17450,50,600,"bu","13:42:57",13895000
17450,50,4000,"bu","13:42:57",13894400
17450,50,1200,"bu","13:42:57",13890400
17450,50,500,"bu","13:42:57",13889200
17450,50,2200,"bu","13:42:57",13888700
17450,50,1500,"bu","13:42:57",13886500
17450,50,3000,"bu","13:42:54",13885000
17400,0,900,"sd","13:42:54",13882000
17400,0,1000,"sd","13:42:54",13881100
17400,0,500,"sd","13:42:54",13880100
17400,0,100,"sd","13:42:54",13879600
17450,50,1000,"bu","13:42:45",13879500
17450,50,100,"bu","13:42:34",13878500
17400,0,1000,"sd","13:42:29",13878400
17450,50,4900,"bu","13:42:29",13877400
17400,0,1000,"sd","13:42:28",13872500
17400,0,1000,"sd","13:42:22",13871500
17400,0,500,"sd","13:42:18",13870500
17400,0,10000,"sd","13:42:09",13870000
17400,0,600,"sd","13:42:07",13860000
17400,0,5000,"sd","13:42:04",13859400
17450,50,1000,"bu","13:42:03",13854400
17450,50,900,"bu","13:42:02",13853400
17400,0,1000,"sd","13:42:02",13852500
17400,0,100,"sd","13:41:51",13851500
17400,0,400,"sd","13:41:44",13851400
17400,0,500,"sd","13:41:44",13851000
17400,0,100,"sd","13:41:37",13850500
17400,0,19500,"sd","13:41:26",13850400
17400,0,1000,"sd","13:41:26",13830900
17400,0,200,"sd","13:41:26",13829900
17400,0,100,"sd","13:41:26",13829700
17400,0,100,"sd","13:41:26",13829600
17400,0,900,"sd","13:41:26",13829500
17400,0,8200,"sd","13:41:26",13828600
17450,50,1000,"bu","13:41:22",13820400
17450,50,1000,"bu","13:41:22",13819400
17400,0,100,"sd","13:41:20",13818400
17450,50,600,"bu","13:41:12",13818300
17450,50,400,"bu","13:41:12",13817700
17450,50,1000,"bu","13:41:04",13817300
17450,50,5000,"bu","13:40:42",13816300
17400,0,100,"sd","13:40:37",13811300
17400,0,600,"sd","13:40:31",13811200
17400,0,2000,"sd","13:40:25",13810600
17400,0,300,"sd","13:40:17",13808600
17400,0,500,"sd","13:40:15",13808300
17400,0,8200,"bu","13:40:00",13807800
17400,0,500,"bu","13:39:58",13799600
17400,0,6000,"sd","13:39:58",13799100
17400,0,200,"sd","13:39:58",13793100
17400,0,1000,"sd","13:39:58",13792900
17400,0,1400,"sd","13:39:58",13791900
17400,0,1100,"sd","13:39:58",13790500
17400,0,1000,"sd","13:39:58",13789400
17400,0,600,"sd","13:39:58",13788400
17400,0,500,"sd","13:39:50",13787800
17400,0,300,"sd","13:39:45",13787300
17400,0,600,"sd","13:39:43",13787000
17400,0,100,"sd","13:39:43",13786400
17400,0,2000,"bu","13:39:39",13786300
17400,0,1000,"sd","13:39:39",13784300
17400,0,3000,"sd","13:39:39",13783300
17400,0,2000,"sd","13:39:39",13780300
17400,0,5000,"sd","13:39:39",13778300
17400,0,300,"sd","13:39:39",13773300
17400,0,2600,"sd","13:39:39",13773000
17400,0,2000,"sd","13:39:38",13770400
17400,0,500,"sd","13:39:38",13768400
17400,0,500,"sd","13:39:38",13767900
17400,0,700,"sd","13:39:38",13767400
17400,0,100,"sd","13:39:38",13766700
17400,0,5000,"sd","13:39:38",13766600
17400,0,100,"sd","13:39:38",13761600
17400,0,100,"sd","13:39:38",13761500
17400,0,1000,"sd","13:39:38",13761400
17400,0,3100,"sd","13:39:38",13760400
17400,0,2200,"sd","13:39:36",13757300
17400,0,200,"sd","13:39:36",13755100
17400,0,1000,"sd","13:39:36",13754900
17400,0,1000,"sd","13:39:36",13753900
17400,0,5000,"sd","13:39:36",13752900
17400,0,100,"sd","13:39:36",13747900
17400,0,500,"sd","13:39:36",13747800
17400,0,600,"sd","13:39:31",13747300
17400,0,300,"sd","13:39:28",13746700
17400,0,1000,"sd","13:39:28",13746400
17400,0,500,"sd","13:39:28",13745400
17400,0,8200,"sd","13:39:28",13744900
17400,0,4000,"sd","13:39:26",13736700
17400,0,1000,"sd","13:39:14",13732700
17400,0,2000,"sd","13:39:14",13731700
17400,0,4800,"sd","13:39:10",13729700
17400,0,10000,"sd","13:39:10",13724900
17400,0,2700,"sd","13:39:10",13714900
17400,0,1000,"sd","13:39:04",13712200
17400,0,700,"sd","13:38:58",13711200
17400,0,2000,"sd","13:38:57",13710500
17400,0,1500,"sd","13:38:54",13708500
17400,0,100,"sd","13:38:52",13707000
17400,0,2000,"sd","13:38:51",13706900
17400,0,500,"sd","13:38:51",13704900
17400,0,500,"sd","13:38:51",13704400
17400,0,100,"sd","13:38:45",13703900
17400,0,400,"sd","13:38:43",13703800
17400,0,900,"sd","13:38:43",13703400
17400,0,600,"sd","13:38:43",13702500
17400,0,500,"sd","13:38:34",13701900
17400,0,3000,"sd","13:38:30",13701400
17400,0,1000,"sd","13:38:29",13698400
17400,0,200,"sd","13:38:28",13697400
17400,0,100,"sd","13:38:27",13697200
17400,0,1000,"sd","13:38:27",13697100
17400,0,2600,"sd","13:38:27",13696100
17400,0,400,"sd","13:38:27",13693500
17400,0,200,"sd","13:38:26",13693100
17400,0,400,"sd","13:38:26",13692900
17400,0,1000,"sd","13:38:25",13692500
17400,0,1900,"sd","13:38:24",13691500
17400,0,600,"sd","13:38:21",13689600
17400,0,500,"bu","13:38:20",13689000
17400,0,100,"bu","13:38:17",13688500
17400,0,1900,"bu","13:38:17",13688400
17400,0,1400,"sd","13:38:16",13686500
17400,0,500,"sd","13:38:16",13685100
17400,0,200,"sd","13:38:16",13684600
17400,0,1000,"sd","13:38:16",13684400
17400,0,400,"sd","13:38:16",13683400
17400,0,100,"sd","13:38:16",13683000
17400,0,2100,"sd","13:38:16",13682900
17400,0,1900,"sd","13:38:16",13680800
17400,0,1000,"sd","13:38:16",13678900
17400,0,200,"sd","13:38:13",13677900
17400,0,100,"sd","13:38:12",13677700
17400,0,100,"sd","13:38:10",13677600
17400,0,5000,"sd","13:38:09",13677500
17400,0,200,"sd","13:38:09",13672500
17400,0,300,"sd","13:38:07",13672300
17400,0,100,"sd","13:38:07",13672000
17400,0,1000,"sd","13:38:07",13671900
17400,0,2500,"sd","13:38:07",13670900
17400,0,100,"sd","13:38:07",13668400
17400,0,200,"sd","13:38:07",13668300
17400,0,100,"sd","13:38:07",13668100
17400,0,200,"sd","13:38:07",13668000
17400,0,1000,"sd","13:38:07",13667800
17400,0,2500,"sd","13:38:07",13666800
17400,0,100,"sd","13:38:07",13664300
17400,0,500,"sd","13:38:07",13664200
17400,0,6000,"sd","13:38:07",13663700
17400,0,500,"sd","13:38:07",13657700
17400,0,1000,"sd","13:38:07",13657200
17400,0,2000,"sd","13:38:07",13656200
17400,0,300,"sd","13:38:07",13654200
17400,0,500,"sd","13:38:07",13653900
17400,0,1000,"sd","13:38:07",13653400
17400,0,2000,"sd","13:38:07",13652400
17400,0,1000,"sd","13:38:07",13650400
17400,0,1000,"sd","13:38:07",13649400
17400,0,500,"sd","13:38:07",13648400
17400,0,200,"sd","13:38:07",13647900
17400,0,500,"sd","13:38:07",13647700
17400,0,2100,"sd","13:38:07",13647200
17400,0,500,"sd","13:38:07",13645100
17400,0,400,"sd","13:38:07",13644600
17400,0,100,"sd","13:38:07",13644200
17400,0,200,"sd","13:38:07",13644100
17400,0,2000,"sd","13:38:07",13643900
17400,0,100,"sd","13:38:07",13641900
17400,0,400,"sd","13:38:07",13641800
17400,0,100,"sd","13:38:07",13641400
17400,0,1000,"sd","13:38:07",13641300
17400,0,200,"sd","13:38:07",13640300
17400,0,400,"sd","13:38:07",13640100
17400,0,200,"sd","13:38:07",13639700
17400,0,2500,"sd","13:38:07",13639500
17400,0,100,"sd","13:38:07",13637000
17400,0,4200,"sd","13:38:07",13636900
17400,0,2500,"sd","13:38:07",13632700
17400,0,4900,"sd","13:38:07",13630200
17400,0,100,"sd","13:38:07",13625300
17400,0,800,"sd","13:38:07",13625200
17400,0,500,"sd","13:38:07",13624400
17400,0,500,"sd","13:38:07",13623900
17400,0,500,"sd","13:38:07",13623400
17400,0,200,"sd","13:38:07",13622900
17400,0,3000,"sd","13:38:07",13622700
17400,0,1000,"sd","13:38:07",13619700
17400,0,1000,"sd","13:38:07",13618700
17400,0,2000,"sd","13:38:07",13617700
17400,0,10000,"sd","13:38:07",13615700
17400,0,500,"sd","13:38:07",13605700
17400,0,20000,"sd","13:38:07",13605200
17400,0,500,"sd","13:38:07",13585200
17400,0,5000,"sd","13:38:07",13584700
17400,0,1000,"sd","13:38:07",13579700
17400,0,3900,"sd","13:38:07",13578700
17400,0,300,"sd","13:38:07",13574800
17400,0,1000,"sd","13:38:07",13574500
17400,0,100,"sd","13:38:07",13573500
17400,0,100,"sd","13:38:07",13573400
17400,0,1000,"sd","13:38:07",13573300
17400,0,1500,"sd","13:38:06",13572300
17400,0,2000,"sd","13:37:45",13570800
17400,0,3900,"sd","13:37:39",13568800
17400,0,2000,"sd","13:37:39",13564900
17400,0,600,"sd","13:37:36",13562900
17400,0,400,"sd","13:37:36",13562300
17400,0,1600,"sd","13:37:36",13561900
17400,0,1000,"sd","13:37:36",13560300
17400,0,200,"sd","13:37:36",13559300
17400,0,4000,"sd","13:37:36",13559100
17400,0,200,"sd","13:37:36",13555100
17400,0,3000,"sd","13:37:36",13554900
17400,0,100,"sd","13:37:35",13551900
17400,0,3900,"sd","13:37:28",13551800
17400,0,2000,"sd","13:37:28",13547900
17400,0,100,"sd","13:37:28",13545900
17400,0,1000,"sd","13:37:28",13545800
17400,0,1400,"sd","13:37:22",13544800
17400,0,500,"sd","13:37:22",13543400
17400,0,1400,"sd","13:37:22",13542900
17400,0,1300,"sd","13:37:22",13541500
17400,0,400,"sd","13:37:22",13540200
17400,0,500,"sd","13:37:21",13539800
17400,0,100,"sd","13:37:13",13539300
17400,0,400,"sd","13:37:09",13539200
17400,0,800,"sd","13:37:09",13538800
17400,0,100,"sd","13:37:09",13538000
17400,0,600,"sd","13:37:09",13537900
17400,0,500,"sd","13:37:09",13537300
17400,0,600,"sd","13:37:09",13536800
17450,50,200,"bu","13:37:05",13536200
17450,50,300,"bu","13:37:05",13536000
17400,0,200,"sd","13:37:03",13535700
17400,0,200,"sd","13:36:48",13535500
17400,0,3900,"sd","13:36:48",13535300
17400,0,100,"sd","13:36:36",13531400
17400,0,200,"sd","13:36:31",13531300
17400,0,800,"sd","13:36:26",13531100
17400,0,100,"sd","13:36:26",13530300
17400,0,100,"sd","13:36:26",13530200
17400,0,100,"sd","13:36:26",13530100
17400,0,400,"sd","13:36:26",13530000
17450,50,1000,"bu","13:36:23",13529600
17400,0,100,"sd","13:36:19",13528600
17400,0,500,"sd","13:36:19",13528500
17450,50,1200,"bu","13:36:12",13528000
17450,50,500,"bu","13:36:12",13526800
17450,50,500,"bu","13:36:12",13526300
17450,50,500,"bu","13:36:12",13525800
17450,50,200,"bu","13:36:12",13525300
17450,50,100,"bu","13:36:12",13525100
17400,0,300,"sd","13:36:10",13525000
17450,50,100,"bu","13:36:08",13524700
17450,50,2600,"bu","13:36:08",13524600
17400,0,200,"sd","13:36:04",13522000
17400,0,300,"sd","13:36:04",13521800
17400,0,1000,"sd","13:36:04",13521500
17450,50,500,"bu","13:36:02",13520500
17450,50,200,"bu","13:36:01",13520000
17450,50,1700,"bu","13:35:49",13519800
17450,50,300,"bu","13:35:49",13517100
17450,50,1000,"bu","13:35:49",13518100
17400,0,100,"sd","13:35:45",13516800
17400,0,3000,"sd","13:35:43",13516700
17400,0,600,"sd","13:35:31",13513700
17400,0,500,"sd","13:35:31",13513100
17400,0,100,"sd","13:35:31",13512600
17400,0,5000,"sd","13:35:23",13512500
17400,0,1500,"sd","13:35:17",13507500
17400,0,300,"sd","13:35:16",13506000
17400,0,100,"sd","13:35:10",13505700
17400,0,1500,"sd","13:35:06",13505600
17400,0,1800,"sd","13:35:06",13504100
17400,0,1000,"sd","13:34:57",13502300
17400,0,1000,"sd","13:34:57",13501300
17400,0,400,"bu","13:34:26",13500300
17400,0,2000,"bu","13:34:26",13499900
17400,0,900,"bu","13:34:26",13497900
17400,0,500,"bu","13:34:26",13497000
17400,0,6200,"bu","13:34:26",13496500
17400,0,1000,"bu","13:34:26",13490300
17400,0,400,"bu","13:34:26",13489300
17400,0,1900,"bu","13:34:25",13488900
17400,0,2000,"bu","13:34:25",13487000
17400,0,1000,"bu","13:34:25",13485000
17400,0,2000,"bu","13:34:25",13484000
17400,0,8100,"bu","13:34:25",13482000
17400,0,100,"bu","13:34:23",13473900
17400,0,1800,"bu","13:34:21",13473800
17400,0,100,"bu","13:34:20",13472000
17400,0,2000,"bu","13:34:20",13471900
17400,0,500,"bu","13:34:15",13469900
17400,0,5000,"bu","13:34:14",13469400
17400,0,2400,"bu","13:34:14",13464400
17400,0,100,"bu","13:34:14",13462000
17400,0,700,"bu","13:34:14",13461900
17400,0,3000,"bu","13:34:14",13461200
17400,0,300,"bu","13:34:14",13458200
17400,0,23500,"bu","13:34:14",13457900
17400,0,3000,"bu","13:34:13",13434400
17400,0,100,"bu","13:34:10",13431400
17400,0,3500,"bu","13:34:09",13431300
17400,0,1000,"bu","13:34:09",13427800
17400,0,10000,"bu","13:34:07",13426800
