"price","change","match_qtty","side","time","total_vol"
34850,50,400,"bu","14:44:59",171500
34950,150,100,"bu","14:29:10",171100
34950,150,500,"bu","14:28:50",171000
34950,150,800,"bu","14:26:54",170500
34950,150,200,"bu","14:26:54",169700
34850,50,500,"sd","14:26:34",169500
34850,50,200,"sd","14:26:21",169000
34950,150,300,"sd","14:21:23",168800
34950,150,100,"sd","14:21:12",168500
34950,150,100,"sd","14:20:39",168400
34950,150,400,"sd","14:20:19",168300
34950,150,100,"sd","14:19:38",167900
34950,150,200,"sd","14:19:35",167800
34950,150,200,"sd","14:19:28",167600
34950,150,1000,"sd","14:19:15",167400
34950,150,200,"sd","14:19:02",166400
34950,150,200,"sd","14:18:16",166200
34950,150,1000,"sd","14:18:05",166000
34950,150,200,"sd","14:18:04",165000
34950,150,100,"sd","14:17:49",164800
34950,150,500,"sd","14:17:05",164700
34950,150,500,"sd","14:16:10",164200
34950,150,200,"sd","14:15:59",163700
34950,150,100,"bu","14:14:25",163500
34950,150,200,"bu","14:14:25",163400
34950,150,2000,"bu","14:13:59",163200
34900,100,800,"bu","14:13:15",161200
34900,100,500,"bu","14:13:15",160400
34900,100,100,"bu","14:10:20",159900
34900,100,100,"bu","14:09:55",159800
34800,0,8000,"sd","14:09:55",159700
34800,0,1000,"sd","14:09:55",151700
34800,0,300,"sd","14:05:10",150700
34800,0,200,"sd","14:05:10",150400
34800,0,1000,"sd","14:03:42",150200
34800,0,1000,"sd","14:03:22",149200
34800,0,4800,"sd","14:01:23",148200
34800,0,200,"sd","14:01:23",143400
34900,100,200,"bu","13:59:17",143200
34900,100,300,"bu","13:58:54",143000
34900,100,200,"bu","13:58:54",142700
34900,100,300,"bu","13:58:35",142500
34900,100,100,"bu","13:58:03",142200
34900,100,500,"bu","13:57:50",142100
34900,100,300,"bu","13:57:19",141600
34900,100,100,"bu","13:57:02",141300
34900,100,100,"bu","13:57:02",141200
34900,100,100,"bu","13:53:37",141100
34900,100,300,"bu","13:51:08",141000
34850,50,2300,"sd","13:51:01",140700
34850,50,200,"sd","13:51:01",138400
34900,100,500,"bu","13:50:06",138200
34800,0,500,"sd","13:49:09",137700
34800,0,300,"sd","13:49:09",137200
34800,0,200,"sd","13:49:09",136900
34800,0,200,"sd","13:49:09",136700
34800,0,400,"sd","13:49:09",136500
34800,0,10000,"sd","13:49:09",136100
34850,50,100,"sd","13:48:53",126100
34850,50,300,"sd","13:48:53",126000
34850,50,100,"sd","13:43:14",125700
34800,0,200,"bu","13:41:51",125600
34800,0,300,"bu","13:41:51",125400
34800,0,200,"sd","13:40:28",125100
34800,0,200,"bu","13:39:27",124900
34800,0,300,"bu","13:39:27",124700
34600,-200,900,"sd","13:34:23",124400
34600,-200,200,"sd","13:33:23",123500
34600,-200,1000,"sd","13:33:23",123300
34600,-200,100,"sd","13:33:23",122300
34600,-200,300,"sd","13:33:23",122200
34600,-200,200,"sd","13:33:23",121900
34600,-200,100,"sd","13:33:23",121700
34600,-200,200,"sd","13:33:23",121600
34600,-200,100,"sd","13:33:23",121400
34600,-200,1000,"sd","13:33:23",121300
34600,-200,100,"sd","13:33:23",120300
34650,-150,700,"sd","13:33:23",120200
34650,-150,1000,"sd","13:33:23",119500
34800,0,1400,"sd","13:32:39",118500
34800,0,100,"sd","13:32:39",117100
34800,0,300,"sd","13:31:15",117000
34800,0,700,"sd","13:31:15",116700
34800,0,300,"sd","13:28:09",116000
34800,0,300,"sd","13:28:09",115700
34800,0,500,"sd","13:28:09",115400
34800,0,600,"sd","13:28:09",114900
34850,50,200,"sd","13:26:30",114300
34850,50,400,"sd","13:24:15",114100
34850,50,300,"sd","13:22:28",113700
34850,50,300,"sd","13:21:20",113400
34850,50,100,"sd","13:21:20",113100
34850,50,100,"sd","13:21:17",113000
34850,50,1100,"sd","13:19:04",112900
34850,50,100,"sd","13:19:04",111800
34850,50,300,"sd","13:19:04",111700
34850,50,200,"sd","13:19:04",111400
34850,50,600,"sd","13:19:04",111200
34850,50,1000,"sd","13:19:04",110600
34850,50,1000,"sd","13:19:04",109600
34850,50,500,"sd","13:19:04",108600
34850,50,300,"sd","13:19:04",108100
34850,50,200,"sd","13:19:04",107800
34900,100,100,"bu","13:17:14",107600
34900,100,200,"sd","13:16:40",107500
34900,100,100,"sd","13:14:17",107300
34900,100,500,"sd","13:13:37",107200
34900,100,2100,"sd","13:11:18",106700
34850,50,500,"sd","13:06:28",104600
34850,50,200,"sd","13:06:28",104100
34850,50,100,"sd","13:06:28",103900
34850,50,200,"sd","13:06:28",103800
34850,50,100,"sd","13:02:58",103600
34850,50,700,"sd","13:02:58",103500
34950,150,100,"bu","13:01:12",102800
34850,50,300,"bu","13:00:01",102700
34850,50,500,"sd","13:00:00",102400
34850,50,100,"sd","13:00:00",101900
34850,50,100,"sd","13:00:00",101800
34850,50,100,"sd","11:28:32",101700
34800,0,100,"sd","11:26:49",101600
34800,0,200,"sd","11:15:14",101500
34800,0,100,"sd","11:09:12",101300
34600,-200,200,"sd","11:04:59",101200
34600,-200,100,"sd","11:04:59",101000
34700,-100,100,"sd","11:04:59",100900
34700,-100,100,"sd","11:04:59",100800
34800,0,500,"sd","11:04:59",100700
34800,0,900,"sd","11:04:59",100200
34800,0,500,"sd","11:04:59",99300
34800,0,1100,"sd","11:04:59",98800
34800,0,900,"sd","11:01:38",97700
34800,0,100,"sd","11:01:37",96800
34800,0,2000,"sd","11:01:37",96700
34800,0,100,"sd","11:01:37",94700
34800,0,100,"sd","11:01:37",94600
34800,0,1000,"sd","11:01:37",94500
34800,0,800,"sd","11:01:37",93500
34800,0,300,"sd","11:01:17",92700
34850,50,2200,"sd","10:57:18",92400
34850,50,200,"sd","10:57:18",90200
34850,50,500,"sd","10:57:18",90000
34900,100,2300,"sd","10:57:18",89500
34800,0,1500,"sd","10:57:18",87200
34850,50,300,"sd","10:57:18",85700
34900,100,300,"unknown","10:55:45",85400
34850,50,300,"bu","10:50:55",85100
34850,50,200,"sd","10:50:24",84800
34950,150,100,"bu","10:46:31",84600
34850,50,300,"bu","10:42:49",84500
34850,50,600,"bu","10:42:28",84200
34850,50,100,"sd","10:41:34",83600
35000,200,100,"bu","10:34:24",83500
35000,200,100,"bu","10:32:00",83400
35000,200,200,"bu","10:20:32",83300
35000,200,800,"bu","10:20:26",83100
35000,200,100,"bu","10:20:00",82300
34800,0,2400,"sd","10:17:14",82200
34800,0,2000,"sd","10:17:14",79800
34800,0,100,"sd","10:17:14",77800
34800,0,500,"sd","10:17:14",77700
35000,200,100,"sd","10:17:04",77200
35000,200,700,"sd","10:17:04",77100
35050,250,2400,"bu","10:13:08",76400
35100,300,600,"bu","10:12:22",74000
35100,300,100,"bu","10:12:20",73400
35000,200,5000,"bu","10:12:13",73300
35000,200,500,"bu","10:11:09",68300
35000,200,2000,"bu","10:10:57",67800
35000,200,1000,"bu","10:10:48",65800
35000,200,1400,"bu","10:10:43",64800
35000,200,100,"bu","10:10:34",63400
35100,300,100,"bu","10:08:22",63300
34800,0,500,"sd","10:08:13",63200
34800,0,300,"sd","10:08:13",62700
35150,350,200,"bu","10:07:16",62400
34800,0,200,"sd","10:07:14",62200
34800,0,500,"sd","10:07:14",62000
34800,0,400,"sd","10:07:14",61500
34800,0,800,"sd","10:07:14",61100
34800,0,300,"sd","10:07:14",60300
34800,0,800,"sd","10:07:14",60000
34850,50,100,"sd","10:07:14",59200
34850,50,200,"sd","10:07:14",59100
34900,100,1000,"sd","10:07:14",58900
34900,100,700,"sd","10:07:14",57900
35000,200,1400,"sd","10:07:14",57200
35150,350,500,"bu","10:04:17",55800
35150,350,100,"bu","10:03:47",55300
35000,200,300,"bu","10:03:41",55200
35200,400,100,"bu","10:03:00",54900
35150,350,100,"bu","10:03:00",54800
35150,350,100,"bu","10:03:00",54700
35150,350,100,"bu","10:01:58",54600
34900,100,300,"sd","10:01:47",54500
34900,100,200,"sd","10:01:47",54200
34900,100,200,"sd","10:01:47",54000
34950,150,500,"sd","10:01:47",53800
34950,150,1000,"sd","10:01:47",53300
34950,150,100,"sd","10:01:47",52300
35150,350,100,"bu","10:01:09",52200
35050,250,100,"bu","10:01:03",52100
35000,200,1000,"unknown","10:00:52",52000
35050,250,200,"sd","10:00:40",51000
35150,350,100,"sd","10:00:06",50800
35200,400,100,"bu","09:58:51",50700
35150,350,100,"bu","09:58:46",50600
35150,350,500,"bu","09:58:27",50500
35150,350,100,"bu","09:58:27",50000
35150,350,2200,"bu","09:58:27",49900
35150,350,100,"bu","09:58:07",47700
35100,300,100,"bu","09:58:02",47600
35000,200,300,"sd","09:56:45",47500
35000,200,100,"bu","09:56:06",47200
35000,200,100,"bu","09:56:06",47100
35000,200,500,"bu","09:56:06",47000
35000,200,2000,"bu","09:55:21",46500
35000,200,400,"bu","09:55:10",44500
35000,200,300,"bu","09:54:17",44100
35000,200,100,"bu","09:52:16",43800
35000,200,100,"bu","09:50:05",43700
35000,200,100,"bu","09:47:18",43600
35000,200,500,"bu","09:43:44",43500
35000,200,300,"bu","09:42:59",43000
34950,150,300,"bu","09:42:51",42700
34950,150,300,"sd","09:42:34",42400
35000,200,500,"bu","09:41:55",42100
35000,200,7000,"bu","09:41:24",41600
35000,200,200,"bu","09:41:14",34600
35000,200,200,"bu","09:41:12",34400
35000,200,300,"bu","09:40:16",34200
35000,200,100,"bu","09:40:00",33900
35000,200,200,"bu","09:39:59",33800
35000,200,100,"bu","09:39:49",33600
35000,200,1000,"bu","09:39:43",33500
35050,250,100,"sd","09:39:20",32500
35000,200,800,"bu","09:38:13",32400
35000,200,1000,"sd","09:37:23",31600
35000,200,3000,"sd","09:37:23",30600
35000,200,500,"sd","09:37:23",27600
35000,200,300,"sd","09:37:23",27100
35000,200,200,"sd","09:37:23",26800
35050,250,1000,"bu","09:37:12",26600
35050,250,500,"sd","09:36:50",25600
35050,250,100,"sd","09:36:29",25100
35150,350,300,"bu","09:35:44",25000
35150,350,200,"bu","09:35:03",24700
35150,350,200,"bu","09:34:44",24500
35150,350,1000,"bu","09:34:01",24300
35200,400,100,"bu","09:31:28",23300
35100,300,100,"bu","09:31:28",23200
35100,300,100,"bu","09:31:28",23100
35000,200,700,"sd","09:30:39",23000
35000,200,500,"sd","09:30:03",22300
35000,200,300,"sd","09:30:03",21800
35000,200,400,"sd","09:25:49",21500
35000,200,600,"bu","09:24:49",21100
35000,200,200,"sd","09:23:51",20500
35000,200,800,"sd","09:23:51",20300
35000,200,300,"sd","09:23:51",19500
35100,300,500,"sd","09:22:57",19200
35100,300,1400,"sd","09:22:57",18700
35100,300,5000,"sd","09:22:57",17300
35200,400,500,"bu","09:22:51",12300
35200,400,300,"bu","09:22:23",11800
35200,400,100,"bu","09:21:34",11500
35200,400,400,"bu","09:21:34",11400
35200,400,200,"bu","09:20:42",11000
35200,400,400,"bu","09:20:18",10800
35200,400,200,"bu","09:20:18",10400
35100,300,100,"bu","09:19:48",10200
35100,300,900,"bu","09:19:48",10100
35000,200,100,"sd","09:19:27",9200
35000,200,900,"sd","09:19:27",9100
35100,300,500,"bu","09:19:26",8200
35200,400,100,"bu","09:17:30",7700
35100,300,100,"bu","09:17:30",7600
35200,400,300,"bu","09:15:48",7500
35200,400,300,"bu","09:15:48",7200
35000,200,100,"sd","09:15:34",6900
35000,200,600,"sd","09:15:34",6800
35100,300,300,"sd","09:15:34",6200
35100,300,100,"sd","09:15:19",5900
35100,300,600,"sd","09:15:19",5800
35100,300,800,"sd","09:15:19",5200
35100,300,4400,"bu","09:14:59",4400
