"price","change","match_qtty","side","time","total_vol"
23900,0,200,"bu","14:54:56",73600
23900,0,100,"bu","14:50:01",73400
23900,0,1000,"bu","14:43:45",73300
23800,-100,500,"sd","14:41:53",72300
23800,-100,200,"sd","14:40:09",71800
23900,0,100,"bu","14:35:45",71600
23900,0,1000,"bu","14:35:25",71500
23800,-100,100,"unknown","14:27:37",70500
23800,-100,2000,"sd","14:25:37",70400
23800,-100,100,"bu","14:24:08",68400
23800,-100,3400,"bu","14:19:59",68300
23800,-100,500,"sd","14:19:00",64900
23800,-100,5000,"sd","14:18:44",64400
23900,0,100,"bu","14:18:05",59400
23900,0,500,"sd","14:18:00",59300
23900,0,200,"unknown","14:14:07",58800
23800,-100,500,"sd","14:12:23",58600
23800,-100,500,"sd","14:07:32",58100
23900,0,100,"bu","14:05:29",57600
23900,0,1200,"sd","14:02:43",57500
23900,0,100,"sd","14:01:52",56300
23900,0,700,"sd","13:57:05",56200
23900,0,600,"sd","13:55:34",55500
23900,0,400,"sd","13:54:38",54900
23900,0,1000,"bu","13:53:06",54500
23900,0,100,"bu","13:50:17",53500
23900,0,100,"bu","13:49:14",53400
23900,0,200,"bu","13:46:31",53300
23900,0,300,"bu","13:44:12",53100
23800,-100,400,"sd","13:43:25",52800
23800,-100,100,"sd","13:35:05",52400
23900,0,300,"bu","13:30:36",52300
23900,0,100,"bu","13:30:12",52000
23900,0,500,"bu","13:28:20",51900
23900,0,1000,"bu","13:24:32",51400
23800,-100,1000,"sd","13:12:39",50400
23800,-100,1000,"sd","13:01:31",49400
23800,-100,1000,"sd","13:01:30",48400
23900,0,15400,"bu","13:00:04",47400
24000,100,200,"sd","11:24:19",32000
24000,100,1000,"sd","11:22:10",31800
24000,100,100,"bu","11:20:32",30800
24000,100,400,"unknown","11:18:37",30700
24000,100,6200,"bu","11:08:07",30300
24100,200,700,"sd","11:06:01",24100
24100,200,2600,"sd","11:04:40",23400
24200,300,1300,"bu","10:38:24",20800
24200,300,100,"bu","10:38:02",19500
24100,200,600,"bu","10:37:38",19400
24000,100,100,"sd","10:33:21",18800
24000,100,1000,"sd","10:31:52",18700
24000,100,100,"sd","10:27:49",17700
24000,100,2500,"sd","10:21:32",17600
24100,200,500,"sd","10:21:13",15100
24000,100,200,"sd","10:10:58",14600
24000,100,500,"sd","10:09:14",14400
24200,300,100,"bu","09:57:54",13900
24200,300,300,"bu","09:56:44",13800
24200,300,100,"bu","09:54:38",13500
24000,100,300,"sd","09:51:53",13400
24000,100,600,"sd","09:48:09",13100
24000,100,200,"sd","09:47:37",12500
24000,100,200,"sd","09:45:37",12300
24000,100,700,"sd","09:40:50",12100
24000,100,2000,"bu","09:40:23",11400
24000,100,500,"bu","09:36:20",9400
24000,100,500,"bu","09:31:12",8900
24000,100,400,"bu","09:29:15",8400
24000,100,1300,"bu","09:28:32",8000
24100,200,400,"bu","09:28:12",6700
24100,200,600,"sd","09:27:12",6300
24200,300,600,"bu","09:26:39",5700
24300,400,1500,"unknown","09:22:08",5100
24300,400,100,"sd","09:22:01",3600
24300,400,500,"sd","09:21:25",3500
24300,400,100,"sd","09:21:10",3000
24300,400,500,"sd","09:19:06",2900
24300,400,500,"sd","09:17:09",2400
24500,600,1000,"bu","09:16:54",1900
24500,600,100,"bu","09:14:32",900
24200,300,500,"sd","09:14:01",800
24000,100,300,"sd","09:09:37",300
