"price","change","match_qtty","side","time","total_vol"
4250,130,29700,"unknown","14:45:00",1752600
4240,120,400,"bu","14:29:40",1722900
4230,110,5000,"sd","14:29:19",1722500
4240,120,100,"bu","14:29:18",1717500
4240,120,2000,"bu","14:29:18",1717400
4240,120,1000,"bu","14:29:18",1715400
4240,120,700,"bu","14:29:18",1714400
4240,120,3000,"bu","14:29:18",1713700
4240,120,2000,"bu","14:29:18",1710700
4240,120,17000,"bu","14:29:18",1708700
4230,110,100,"sd","14:29:18",1691700
4240,120,3200,"bu","14:29:18",1691600
4240,120,1000,"bu","14:29:17",1688400
4230,110,500,"sd","14:29:16",1687400
4240,120,100,"bu","14:29:00",1686900
4240,120,100,"bu","14:28:47",1686800
4240,120,100,"bu","14:28:47",1686700
4240,120,1900,"bu","14:28:47",1686600
4240,120,100,"bu","14:27:58",1684700
4240,120,100,"bu","14:27:53",1684600
4240,120,200,"bu","14:27:29",1684500
4240,120,1800,"bu","14:27:29",1684300
4230,110,1000,"sd","14:27:02",1682500
4230,110,2000,"sd","14:27:00",1681500
4230,110,1200,"sd","14:26:26",1679500
4230,110,100,"sd","14:25:58",1678300
4230,110,5000,"sd","14:25:58",1678200
4230,110,1000,"sd","14:25:45",1673200
4230,110,500,"sd","14:25:35",1672200
4230,110,100,"sd","14:24:33",1671700
4230,110,100,"sd","14:24:26",1671600
4230,110,500,"sd","14:23:07",1671500
4230,110,200,"sd","14:22:45",1671000
4230,110,200,"sd","14:22:44",1670800
4230,110,7000,"sd","14:22:44",1670600
4230,110,1000,"sd","14:22:44",1663600
4230,110,3500,"sd","14:22:22",1662600
4230,110,500,"sd","14:21:48",1659100
4230,110,200,"sd","14:21:33",1658600
4230,110,1000,"sd","14:21:24",1658400
4230,110,4000,"sd","14:20:38",1657400
4230,110,5000,"sd","14:20:38",1653400
4230,110,900,"sd","14:20:38",1648400
4230,110,100,"sd","14:20:38",1647500
4230,110,700,"sd","14:20:38",1647400
4230,110,2000,"sd","14:20:38",1646700
4230,110,100,"bu","14:19:12",1644700
4220,100,200,"sd","14:19:09",1644600
4220,100,2000,"sd","14:17:37",1644400
4220,100,1000,"sd","14:17:26",1642400
4220,100,100,"sd","14:17:01",1641400
4230,110,100,"bu","14:16:10",1641300
4230,110,800,"bu","14:16:10",1641200
4230,110,1000,"sd","14:15:59",1640400
4230,110,3200,"sd","14:15:59",1639400
4230,110,2000,"sd","14:15:47",1636200
4230,110,1800,"sd","14:15:38",1634200
4230,110,200,"sd","14:15:38",1632400
4230,110,100,"sd","14:15:22",1632200
4230,110,100,"sd","14:15:01",1632100
4230,110,200,"sd","14:14:39",1632000
4230,110,900,"bu","14:13:31",1631800
4230,110,500,"bu","14:13:19",1630900
4230,110,100,"bu","14:12:55",1630400
4230,110,300,"sd","14:11:37",1630300
4230,110,3200,"sd","14:11:37",1630000
4230,110,1300,"sd","14:11:36",1626800
4230,110,700,"sd","14:11:36",1625500
4230,110,9000,"sd","14:11:34",1624800
4230,110,100,"sd","14:10:42",1615800
4230,110,200,"bu","14:09:32",1615700
4220,100,1000,"sd","14:09:12",1615500
4220,100,1700,"sd","14:07:26",1614500
4220,100,2000,"sd","14:07:25",1612800
4220,100,500,"sd","14:07:12",1610800
4220,100,1000,"bu","14:07:08",1610300
4220,100,2900,"bu","14:07:08",1609300
4220,100,1000,"bu","14:06:56",1606400
4220,100,5000,"bu","14:06:41",1605400
4220,100,5100,"bu","14:06:39",1600400
4220,100,100,"bu","14:06:31",1595300
4220,100,200,"sd","14:06:00",1595200
4220,100,300,"sd","14:06:00",1595000
4220,100,100,"sd","14:06:00",1594700
4220,100,22000,"sd","14:06:00",1594600
4220,100,1000,"sd","14:06:00",1572600
4220,100,500,"sd","14:06:00",1571600
4220,100,100,"sd","14:06:00",1571100
4220,100,400,"sd","14:06:00",1571000
4220,100,200,"sd","14:06:00",1570600
4220,100,400,"sd","14:06:00",1570400
4220,100,10000,"sd","14:06:00",1570000
4230,110,1000,"sd","14:06:00",1560000
4230,110,10000,"sd","14:06:00",1559000
4230,110,200,"sd","14:06:00",1549000
4230,110,300,"sd","14:06:00",1548800
4230,110,500,"sd","14:06:00",1548500
4230,110,500,"sd","14:06:00",1548000
4230,110,1000,"sd","14:06:00",1547500
4230,110,5000,"sd","14:06:00",1546500
4230,110,100,"sd","14:06:00",1541500
4230,110,1200,"sd","14:06:00",1541400
4230,110,100,"sd","14:06:00",1540200
4230,110,100,"sd","14:06:00",1540100
4230,110,2000,"sd","14:06:00",1540000
4230,110,2000,"sd","14:06:00",1538000
4230,110,2500,"sd","14:06:00",1536000
4230,110,1000,"sd","14:06:00",1533500
4230,110,500,"sd","14:06:00",1532500
4230,110,2700,"sd","14:06:00",1532000
4230,110,4300,"sd","14:05:52",1529300
4230,110,400,"sd","14:05:52",1525000
4230,110,5000,"sd","14:05:52",1524600
4230,110,100,"sd","14:05:52",1519600
4230,110,100,"sd","14:05:52",1519500
4230,110,100,"sd","14:05:52",1519400
4230,110,400,"sd","14:05:10",1519300
4230,110,100,"sd","14:05:10",1518900
4230,110,4200,"sd","14:05:10",1518800
4230,110,300,"sd","14:05:10",1514600
4240,120,1500,"bu","14:03:22",1514300
4230,110,2000,"sd","14:03:18",1512800
4240,120,1000,"sd","14:03:04",1510800
4240,120,4000,"sd","14:03:04",1509800
4240,120,200,"sd","14:03:04",1505800
4240,120,5000,"sd","14:03:04",1505600
4250,130,100,"bu","14:02:54",1500600
4250,130,1000,"bu","14:02:41",1500500
4250,130,200,"bu","14:01:23",1499500
4250,130,200,"bu","14:01:23",1499300
4240,120,100,"sd","13:58:36",1499100
4240,120,300,"sd","13:58:13",1499000
4240,120,100,"sd","13:57:48",1498700
4240,120,100,"sd","13:57:48",1498600
4240,120,400,"sd","13:57:22",1498500
4240,120,100,"sd","13:57:22",1498100
4240,120,2900,"sd","13:56:16",1498000
4240,120,2100,"sd","13:56:15",1495100
4240,120,300,"sd","13:55:50",1493000
4240,120,100,"sd","13:55:26",1492700
4250,130,100,"bu","13:55:01",1492600
4250,130,700,"bu","13:54:39",1492500
4250,130,700,"bu","13:54:39",1491800
4250,130,1000,"bu","13:54:39",1491100
4250,130,2600,"bu","13:54:39",1490100
4250,130,200,"bu","13:54:34",1487500
4240,120,2500,"sd","13:54:33",1487300
4240,120,500,"sd","13:54:33",1484800
4250,130,200,"sd","13:53:55",1484300
4250,130,2900,"sd","13:53:55",1484100
4250,130,2100,"sd","13:53:55",1481200
4250,130,1000,"sd","13:53:55",1479100
4250,130,500,"sd","13:53:55",1478100
4250,130,200,"sd","13:53:55",1477600
4250,130,300,"sd","13:53:55",1477400
4250,130,500,"sd","13:53:49",1477100
4250,130,100,"sd","13:53:48",1476600
4250,130,100,"sd","13:53:30",1476500
4250,130,2000,"sd","13:53:19",1476400
4260,140,300,"bu","13:52:19",1474400
4260,140,700,"bu","13:52:19",1474100
4260,140,200,"bu","13:50:11",1473400
4260,140,1000,"bu","13:49:14",1473200
4260,140,3100,"sd","13:48:49",1472200
4260,140,200,"sd","13:48:40",1469100
4260,140,300,"sd","13:48:39",1468900
4260,140,2000,"sd","13:48:34",1468600
4260,140,4400,"sd","13:48:19",1466600
4260,140,600,"sd","13:48:19",1462200
4260,140,1000,"sd","13:48:00",1461600
4260,140,200,"sd","13:47:54",1460600
4260,140,1000,"sd","13:47:36",1460400
4260,140,1500,"sd","13:47:18",1459400
4260,140,500,"sd","13:46:26",1457900
4260,140,200,"bu","13:46:20",1457400
4260,140,100,"bu","13:46:19",1457200
4260,140,4000,"bu","13:46:15",1457100
4260,140,300,"bu","13:46:15",1453100
4260,140,4000,"bu","13:46:15",1452800
4260,140,400,"bu","13:46:15",1448800
4260,140,1000,"bu","13:46:15",1448400
4260,140,500,"bu","13:46:15",1447400
4260,140,200,"bu","13:46:15",1446900
4260,140,200,"bu","13:46:15",1446700
4250,130,500,"sd","13:45:44",1446500
4250,130,400,"sd","13:45:38",1446000
4260,140,300,"bu","13:45:36",1445600
4250,130,500,"sd","13:44:40",1445300
4260,140,2000,"bu","13:44:37",1444800
4260,140,3000,"bu","13:43:37",1442800
4260,140,500,"bu","13:43:35",1439800
4260,140,5000,"bu","13:43:33",1439300
4260,140,600,"bu","13:43:00",1434300
4260,140,100,"bu","13:42:39",1433700
4260,140,8900,"bu","13:42:32",1433600
4260,140,1000,"bu","13:42:32",1424700
4260,140,500,"bu","13:42:32",1423700
4260,140,300,"bu","13:42:32",1423200
4260,140,400,"bu","13:42:32",1422900
4260,140,800,"bu","13:42:32",1422500
4260,140,500,"bu","13:42:32",1421700
4260,140,2600,"bu","13:42:32",1421200
4260,140,2400,"bu","13:42:31",1418600
4260,140,600,"bu","13:42:31",1416200
4260,140,3200,"bu","13:41:29",1415600
4260,140,100,"bu","13:41:29",1412400
4260,140,500,"bu","13:41:29",1412300
4260,140,600,"bu","13:41:29",1411800
4250,130,2000,"sd","13:40:58",1411200
4260,140,200,"bu","13:40:53",1409200
4250,130,100,"sd","13:40:39",1409000
4250,130,2000,"sd","13:40:17",1408900
4250,130,5000,"sd","13:39:41",1406900
4250,130,1000,"sd","13:38:12",1401900
4250,130,500,"sd","13:37:54",1400900
4250,130,1000,"sd","13:37:30",1400400
4250,130,100,"sd","13:36:22",1399400
4250,130,100,"bu","13:36:21",1399300
4250,130,2000,"bu","13:36:21",1399200
4250,130,500,"bu","13:36:21",1397200
4250,130,500,"bu","13:36:21",1396700
4250,130,200,"bu","13:36:21",1396200
4250,130,4000,"bu","13:36:21",1396000
4250,130,2000,"bu","13:36:21",1392000
4250,130,100,"bu","13:36:21",1390000
4250,130,300,"bu","13:36:21",1389900
4250,130,1200,"bu","13:36:14",1389600
4250,130,3000,"bu","13:36:14",1388400
4250,130,200,"bu","13:36:14",1385400
4250,130,600,"bu","13:36:14",1385200
4250,130,3000,"bu","13:36:14",1384600
4240,120,100,"bu","13:35:52",1381600
4240,120,10000,"bu","13:35:52",1381500
4240,120,2000,"bu","13:35:52",1371500
4240,120,200,"bu","13:35:52",1369500
4240,120,1900,"bu","13:35:52",1369300
4240,120,100,"bu","13:35:46",1367400
4240,120,29900,"bu","13:35:46",1367300
4240,120,2000,"bu","13:35:34",1337400
4240,120,1000,"bu","13:33:26",1335400
4240,120,1000,"bu","13:32:44",1334400
4240,120,2000,"bu","13:30:20",1333400
4240,120,4000,"bu","13:30:10",1331400
4230,110,2000,"sd","13:29:29",1327400
4230,110,300,"sd","13:28:17",1325400
4230,110,300,"sd","13:28:17",1325100
4240,120,1500,"bu","13:28:07",1324800
4240,120,100,"bu","13:27:58",1323300
4230,110,100,"sd","13:26:49",1323200
4230,110,600,"sd","13:26:49",1323100
4240,120,2000,"bu","13:26:39",1322500
4240,120,200,"bu","13:26:29",1320500
4240,120,200,"bu","13:26:16",1320300
4240,120,1000,"bu","13:26:11",1320100
4240,120,2100,"bu","13:25:20",1319100
4240,120,400,"sd","13:25:06",1317000
4240,120,2000,"sd","13:25:06",1316600
4240,120,600,"sd","13:25:06",1314600
4250,130,100,"bu","13:25:02",1314000
4240,120,400,"bu","13:24:12",1313900
4230,110,100,"sd","13:24:07",1313500
4240,120,400,"bu","13:23:41",1313400
4240,120,600,"bu","13:23:41",1313000
4240,120,1000,"bu","13:23:37",1312400
4240,120,10000,"bu","13:23:27",1311400
4240,120,3000,"bu","13:23:24",1301400
4240,120,900,"sd","13:23:04",1298400
4240,120,500,"sd","13:23:04",1297500
4240,120,2000,"sd","13:23:04",1297000
4240,120,1000,"sd","13:23:04",1295000
4240,120,1000,"sd","13:23:04",1294000
4240,120,3800,"sd","13:22:52",1293000
4250,130,4000,"bu","13:22:49",1289200
4240,120,300,"bu","13:21:53",1285200
4240,120,500,"bu","13:21:31",1284900
4240,120,200,"bu","13:21:13",1284400
4240,120,100,"bu","13:21:13",1284200
4240,120,2200,"bu","13:21:02",1284100
4240,120,1000,"bu","13:20:57",1281900
4240,120,1200,"bu","13:20:46",1280900
4240,120,500,"bu","13:20:46",1279700
4240,120,100,"bu","13:20:46",1279200
4240,120,400,"bu","13:20:37",1279100
4240,120,400,"bu","13:20:26",1278700
4240,120,100,"bu","13:20:26",1278300
4230,110,300,"sd","13:19:13",1278200
4230,110,2000,"sd","13:18:50",1277900
4230,110,1000,"sd","13:16:31",1275900
4230,110,400,"sd","13:16:26",1274900
4240,120,100,"bu","13:14:50",1274500
4240,120,100,"bu","13:12:23",1274400
4230,110,100,"sd","13:12:01",1274300
4240,120,100,"bu","13:11:51",1274200
4240,120,100,"bu","13:11:42",1274100
4240,120,100,"bu","13:11:16",1274000
4240,120,100,"bu","13:11:06",1273900
4230,110,5500,"sd","13:10:42",1273800
4230,110,1000,"sd","13:09:32",1268300
4240,120,300,"sd","13:08:25",1267300
4240,120,100,"sd","13:08:25",1267000
4240,120,2400,"sd","13:08:25",1266900
4240,120,100,"sd","13:08:25",1264500
4240,120,2000,"sd","13:08:16",1264400
4240,120,900,"sd","13:08:11",1262400
4240,120,100,"sd","13:08:11",1261500
4240,120,200,"sd","13:07:51",1261400
4240,120,2000,"sd","13:07:00",1261200
4240,120,1000,"sd","13:06:59",1259200
4240,120,100,"sd","13:05:53",1258200
4240,120,1000,"sd","13:05:52",1258100
4240,120,300,"sd","13:05:16",1257100
4240,120,300,"bu","13:05:16",1256800
4240,120,500,"bu","13:04:55",1256500
4230,110,1300,"sd","13:04:17",1256000
4230,110,3000,"sd","13:01:40",1254700
4240,120,400,"sd","13:01:12",1251700
4240,120,100,"bu","13:00:34",1251300
4240,120,1000,"bu","13:00:33",1251200
4250,130,10500,"bu","13:00:19",1250200
4240,120,100,"bu","13:00:19",1239700
4240,120,3000,"bu","13:00:19",1239600
4240,120,300,"bu","13:00:19",1236600
4250,130,1100,"bu","13:00:19",1236300
4230,110,5700,"sd","13:00:04",1235200
4230,110,1000,"sd","13:00:04",1229500
4230,110,200,"sd","13:00:04",1228500
4240,120,100,"sd","13:00:04",1228300
4240,120,300,"sd","13:00:04",1228200
4250,130,1000,"bu","13:00:03",1227900
4240,120,4700,"sd","11:29:45",1226900
4240,120,300,"sd","11:29:45",1222200
4240,120,4700,"sd","11:26:16",1221900
4240,120,6000,"sd","11:26:16",1217200
4240,120,200,"sd","11:26:16",1211200
4240,120,1000,"sd","11:26:16",1211000
4240,120,100,"sd","11:26:16",1210000
4250,130,2000,"sd","11:24:09",1209900
4250,130,36500,"sd","11:24:09",1207900
4250,130,13500,"bu","11:23:18",1171400
4240,120,100,"sd","11:23:13",1157900
4250,130,500,"sd","11:22:52",1157800
4250,130,500,"sd","11:22:52",1157300
4250,130,1000,"sd","11:22:52",1156800
4250,130,2600,"sd","11:22:52",1155800
4250,130,26900,"sd","11:22:52",1153200
4250,130,100,"sd","11:22:28",1126300
4250,130,10000,"sd","11:22:18",1126200
4250,130,13000,"bu","11:21:55",1116200
4250,130,2000,"bu","11:21:54",1103200
4250,130,700,"bu","11:21:44",1101200
4250,130,5000,"sd","11:21:37",1100500
4250,130,39300,"sd","11:21:37",1095500
4250,130,2000,"sd","11:21:33",1056200
4250,130,5000,"bu","11:20:47",1054200
4250,130,500,"bu","11:20:47",1049200
4250,130,1000,"bu","11:20:47",1048700
4250,130,200,"bu","11:20:47",1047700
4250,130,100,"bu","11:20:47",1047500
4250,130,12900,"bu","11:20:47",1047400
4240,120,300,"sd","11:19:36",1034500
4250,130,200,"bu","11:19:14",1034200
4250,130,5800,"bu","11:17:43",1034000
4250,130,100,"bu","11:16:47",1028200
4250,130,1000,"bu","11:14:58",1028100
4260,140,400,"bu","11:14:17",1027100
4250,130,2500,"sd","11:12:50",1026700
4250,130,2500,"sd","11:12:26",1024200
4250,130,2500,"sd","11:12:26",1021700
4250,130,2500,"sd","11:12:15",1019200
4250,130,1000,"sd","11:12:15",1016700
4250,130,1000,"sd","11:12:15",1015700
4250,130,500,"sd","11:12:15",1014700
4250,130,500,"bu","11:10:26",1014200
4250,130,500,"bu","11:10:19",1013700
4250,130,200,"bu","11:10:19",1013200
4250,130,4300,"bu","11:10:19",1013000
4250,130,1200,"bu","11:09:16",1008700
4250,130,2000,"bu","11:09:13",1007500
4250,130,1500,"bu","11:07:50",1005500
4250,130,2000,"bu","11:07:42",1004000
4250,130,1000,"bu","11:07:15",1002000
4250,130,5000,"bu","11:07:12",1001000
4250,130,1200,"bu","11:07:02",996000
4250,130,200,"bu","11:06:59",994800
4250,130,100,"bu","11:06:59",994600
4250,130,8100,"sd","11:06:59",994500
4250,130,2000,"sd","11:06:59",986400
4250,130,200,"sd","11:06:59",984400
4250,130,1200,"sd","11:06:59",984200
4260,140,500,"bu","11:06:49",983000
4250,130,1500,"bu","11:05:48",982500
4250,130,100,"bu","11:05:43",981000
4250,130,10000,"bu","11:05:37",980900
4250,130,300,"bu","11:05:34",970900
4250,130,1000,"bu","11:05:28",970600
4250,130,5000,"bu","11:05:22",969600
4250,130,2100,"sd","11:00:34",964600
4250,130,1000,"bu","10:59:57",962500
4250,130,2900,"bu","10:59:57",961500
4250,130,4000,"bu","10:59:57",958600
4240,120,100,"sd","10:59:03",954600
4240,120,1600,"sd","10:59:03",954500
4250,130,1000,"bu","10:58:51",952900
4250,130,300,"bu","10:58:51",951900
4250,130,8700,"bu","10:58:51",951600
4240,120,1500,"bu","10:55:19",942900
4240,120,4000,"bu","10:55:19",941400
4240,120,1300,"bu","10:55:19",937400
4240,120,900,"bu","10:53:25",936100
4240,120,1000,"bu","10:53:25",935200
4240,120,1100,"bu","10:53:25",934200
4240,120,100,"bu","10:52:08",933100
4240,120,100,"bu","10:51:22",933000
4230,110,100,"sd","10:48:27",932900
4240,120,700,"bu","10:47:01",932800
4240,120,800,"bu","10:47:01",932100
4240,120,900,"bu","10:47:01",931300
4230,110,100,"sd","10:46:57",930400
4240,120,500,"bu","10:46:56",930300
4240,120,100,"bu","10:46:25",929800
4230,110,300,"sd","10:45:44",929700
4230,110,1000,"bu","10:45:43",929400
4230,110,100,"bu","10:45:43",928400
4230,110,900,"sd","10:44:03",928300
4230,110,200,"sd","10:44:03",927400
4230,110,3800,"sd","10:44:03",927200
4230,110,300,"sd","10:43:55",923400
4230,110,1000,"sd","10:43:34",923100
4230,110,100,"sd","10:42:24",922100
4240,120,700,"bu","10:39:51",922000
4240,120,300,"bu","10:39:51",921300
4240,120,300,"bu","10:39:23",921000
4240,120,300,"bu","10:37:38",920700
4230,110,200,"sd","10:37:33",920400
4230,110,3000,"sd","10:36:22",920200
4230,110,10000,"sd","10:35:49",917200
4230,110,1200,"sd","10:35:15",907200
4230,110,200,"sd","10:35:09",906000
4230,110,100,"sd","10:34:34",905800
4230,110,100,"sd","10:33:56",905700
4230,110,100,"sd","10:33:15",905600
4230,110,1000,"sd","10:33:15",905500
4230,110,1000,"sd","10:33:15",904500
4230,110,100,"sd","10:33:15",903500
4230,110,100,"sd","10:33:15",903400
4230,110,100,"sd","10:32:54",903300
4230,110,900,"sd","10:32:54",903200
4230,110,1000,"sd","10:32:54",902300
4230,110,2000,"sd","10:32:54",901300
4230,110,500,"sd","10:32:54",899300
4230,110,5500,"sd","10:32:54",898800
4240,120,500,"bu","10:30:56",893300
4230,110,500,"sd","10:30:30",892800
4240,120,600,"bu","10:28:08",892300
4240,120,600,"sd","10:26:25",891700
4240,120,2500,"sd","10:26:25",891100
4240,120,500,"sd","10:26:25",888600
4250,130,5000,"sd","10:25:59",888100
4250,130,1000,"sd","10:25:59",883100
4250,130,10000,"sd","10:25:59",882100
4250,130,1000,"sd","10:25:59",872100
4250,130,100,"sd","10:25:59",871100
4250,130,10000,"sd","10:25:59",871000
4250,130,1200,"sd","10:25:59",861000
4260,140,8000,"sd","10:24:45",859800
4260,140,300,"sd","10:24:45",851800
4260,140,1200,"sd","10:24:21",851500
4260,140,3800,"sd","10:24:21",850300
4260,140,2000,"sd","10:23:49",846500
4260,140,100,"sd","10:23:30",844500
4260,140,900,"sd","10:22:52",844400
4260,140,1000,"sd","10:22:16",843500
4260,140,100,"bu","10:22:08",842500
4260,140,500,"bu","10:22:08",842400
4260,140,1200,"sd","10:21:35",841900
4260,140,1700,"sd","10:21:35",840700
4260,140,1600,"sd","10:21:34",839000
4260,140,2400,"bu","10:21:06",837400
4260,140,1600,"bu","10:21:06",835000
4260,140,2100,"bu","10:21:01",833400
4260,140,2900,"bu","10:21:01",831300
4260,140,200,"bu","10:20:55",828400
4260,140,1100,"bu","10:20:54",828200
4260,140,700,"sd","10:20:53",827100
4260,140,800,"sd","10:20:51",826400
4260,140,2000,"bu","10:20:46",825600
4260,140,1500,"bu","10:20:46",823600
4260,140,400,"bu","10:20:40",822100
4260,140,500,"bu","10:20:40",821700
4260,140,100,"bu","10:20:40",821200
4250,130,100,"sd","10:19:48",821100
4260,140,1600,"bu","10:19:29",821000
4260,140,500,"bu","10:19:29",819400
4260,140,2900,"bu","10:19:29",818900
4260,140,500,"bu","10:19:22",816000
4260,140,3600,"sd","10:18:49",815500
4260,140,1000,"sd","10:18:39",811900
4260,140,15400,"sd","10:18:38",810900
4260,140,100,"sd","10:18:38",795500
4260,140,1000,"sd","10:18:38",795400
4260,140,200,"sd","10:18:38",794400
4260,140,1000,"sd","10:18:38",794200
4260,140,1000,"sd","10:18:38",793200
4260,140,1300,"sd","10:18:38",792200
4260,140,500,"sd","10:18:36",790900
4260,140,200,"sd","10:18:31",790400
4260,140,1000,"sd","10:18:31",790200
4260,140,1000,"sd","10:18:23",789200
4260,140,200,"sd","10:18:16",788200
4260,140,2000,"sd","10:17:51",788000
4260,140,100,"sd","10:17:31",786000
4260,140,1700,"sd","10:17:03",785900
4260,140,1000,"sd","10:17:02",784200
4260,140,400,"sd","10:17:02",783200
4260,140,1000,"sd","10:16:52",782800
4260,140,1000,"sd","10:16:46",781800
4260,140,100,"sd","10:16:43",780800
4270,150,1600,"bu","10:16:29",780700
4270,150,400,"bu","10:16:29",779100
4270,150,6300,"bu","10:16:03",778700
4270,150,1000,"bu","10:15:49",772400
4270,150,100,"sd","10:15:27",771400
4270,150,2200,"sd","10:15:27",771300
4270,150,7800,"bu","10:15:16",769100
4270,150,2200,"bu","10:15:13",761300
4270,150,200,"bu","10:15:13",759100
4270,150,1000,"bu","10:15:13",758900
4270,150,3000,"bu","10:15:13",757900
4270,150,8600,"bu","10:15:13",754900
4270,150,500,"bu","10:13:46",746300
4270,150,3000,"sd","10:13:41",745800
4270,150,2000,"bu","10:13:11",742800
4270,150,500,"bu","10:13:01",740800
4270,150,10000,"sd","10:11:13",740300
4270,150,2500,"bu","10:10:49",730300
4280,160,1000,"bu","10:10:11",727800
4280,160,700,"bu","10:10:11",726800
4270,150,17300,"bu","10:10:11",726100
4270,150,400,"bu","10:09:54",708800
4270,150,8300,"sd","10:09:45",708400
4270,150,1000,"sd","10:09:39",700100
4270,150,2500,"sd","10:09:23",699100
4270,150,500,"bu","10:09:19",696600
4270,150,200,"bu","10:09:19",696100
4270,150,500,"bu","10:09:19",695900
4270,150,100,"bu","10:08:49",695400
4270,150,1000,"bu","10:08:49",695300
4270,150,100,"bu","10:08:49",694300
4270,150,100,"bu","10:08:49",694200
4270,150,300,"bu","10:08:49",694100
4270,150,3400,"bu","10:08:49",693800
4260,140,2700,"sd","10:07:45",690400
4260,140,500,"sd","10:07:21",687700
4260,140,800,"sd","10:07:21",687200
4260,140,700,"sd","10:07:11",686400
4260,140,200,"sd","10:06:37",685700
4260,140,100,"sd","10:05:36",685500
4270,150,300,"bu","10:05:15",685400
4270,150,2000,"bu","10:03:31",685100
4270,150,500,"bu","10:02:57",683100
4270,150,200,"bu","10:02:57",682600
4270,150,300,"bu","10:02:57",682400
4270,150,400,"bu","10:02:57",682100
4270,150,600,"bu","10:02:57",681700
4270,150,200,"bu","10:02:34",681100
4270,150,300,"bu","10:02:19",680900
4260,140,900,"sd","10:00:52",680600
4260,140,1000,"sd","10:00:20",679700
4260,140,4400,"sd","10:00:20",678700
4260,140,1600,"sd","10:00:20",674300
4270,150,200,"bu","10:00:02",672700
4260,140,4000,"sd","09:59:52",672500
4270,150,200,"bu","09:59:00",668500
4270,150,5000,"bu","09:58:23",668300
4260,140,100,"sd","09:57:10",663300
4260,140,1500,"sd","09:57:09",663200
4260,140,3500,"sd","09:57:09",661700
4260,140,1000,"sd","09:56:31",658200
4260,140,800,"sd","09:56:30",657200
4270,150,3000,"bu","09:56:22",656400
4270,150,200,"sd","09:54:37",653400
4270,150,300,"sd","09:54:37",653200
4270,150,1400,"bu","09:54:26",652900
4270,150,100,"sd","09:54:19",651500
4270,150,300,"sd","09:53:55",651400
4270,150,3600,"bu","09:53:35",651100
4270,150,300,"sd","09:53:02",647500
4270,150,1900,"sd","09:53:02",647200
4270,150,300,"sd","09:52:56",645300
4270,150,1000,"sd","09:52:54",645000
4270,150,5000,"sd","09:52:47",644000
4270,150,1300,"sd","09:52:38",639000
4270,150,500,"sd","09:52:29",637700
4260,140,1800,"sd","09:51:50",637200
4260,140,8000,"sd","09:51:50",635400
4270,150,5000,"sd","09:51:50",627400
4270,150,5200,"sd","09:51:50",622400
4270,150,4800,"bu","09:51:25",617200
4260,140,2000,"sd","09:51:23",612400
4270,150,200,"bu","09:51:10",610400
4270,150,300,"sd","09:50:48",610200
4270,150,4600,"sd","09:50:23",609900
4270,150,400,"sd","09:50:23",605300
4280,160,700,"sd","09:50:09",604900
4280,160,4300,"sd","09:49:58",604200
4280,160,5900,"sd","09:49:58",599900
4280,160,200,"sd","09:49:41",594000
4300,180,700,"bu","09:49:32",593800
4300,180,1300,"bu","09:49:32",593100
4280,160,5000,"sd","09:49:14",591800
4280,160,6600,"sd","09:49:09",586800
4280,160,2000,"sd","09:49:05",580200
4280,160,300,"sd","09:48:47",578200
4300,180,3700,"bu","09:48:40",577900
4300,180,300,"bu","09:48:40",574200
4280,160,5000,"sd","09:48:32",573900
4280,160,5000,"sd","09:48:32",568900
4300,180,200,"bu","09:48:24",563900
4300,180,400,"bu","09:48:24",563700
4300,180,1600,"bu","09:48:20",563300
4300,180,5000,"bu","09:48:20",561700
4300,180,10000,"bu","09:48:20",556700
4300,180,200,"bu","09:48:20",546700
4300,180,500,"bu","09:48:20",546500
4300,180,2600,"bu","09:48:20",546000
4300,180,100,"bu","09:48:20",543400
4300,180,100,"sd","09:47:50",543300
4300,180,1000,"sd","09:47:32",543200
4310,190,800,"sd","09:47:28",542200
4310,190,2000,"sd","09:47:25",541400
4310,190,500,"sd","09:47:25",539400
4310,190,7300,"sd","09:47:22",538900
4310,190,100,"sd","09:47:00",531600
4310,190,200,"bu","09:46:47",531500
4310,190,300,"bu","09:46:47",531300
4310,190,500,"bu","09:46:47",531000
4310,190,500,"bu","09:46:47",530500
4310,190,5000,"bu","09:46:47",530000
4310,190,2000,"bu","09:46:47",525000
4310,190,1000,"bu","09:46:47",523000
4300,180,9800,"bu","09:46:47",522000
4300,180,200,"sd","09:46:34",512200
4300,180,300,"sd","09:46:24",512000
4300,180,200,"sd","09:46:24",511700
4300,180,1800,"sd","09:46:13",511500
4300,180,8200,"sd","09:46:13",509700
4300,180,200,"sd","09:46:11",501500
4300,180,2000,"sd","09:46:09",501300
4300,180,100,"sd","09:46:06",499300
4300,180,2000,"sd","09:45:58",499200
4300,180,200,"bu","09:45:58",497200
4300,180,200,"bu","09:45:58",497000
4300,180,1000,"bu","09:45:58",496800
4300,180,10000,"bu","09:45:58",495800
4300,180,1000,"bu","09:45:58",485800
4300,180,2000,"bu","09:45:52",484800
4300,180,400,"sd","09:45:33",482800
4300,180,1000,"sd","09:45:30",482400
4300,180,7600,"sd","09:45:28",481400
4300,180,1000,"sd","09:45:28",473800
4300,180,1400,"sd","09:45:28",472800
4300,180,1000,"sd","09:45:21",471400
4300,180,1500,"sd","09:45:19",470400
4320,200,700,"bu","09:45:17",468900
4320,200,100,"bu","09:45:17",468200
4320,200,200,"bu","09:45:17",468100
4300,180,2000,"sd","09:45:16",467900
4300,180,100,"sd","09:45:16",465900
4300,180,1200,"sd","09:45:10",465800
4300,180,500,"sd","09:45:10",464600
4300,180,600,"sd","09:45:09",464100
4300,180,1000,"sd","09:45:05",463500
4300,180,5000,"sd","09:45:05",462500
4300,180,1000,"sd","09:45:05",457500
4300,180,300,"sd","09:45:05",456500
4300,180,5000,"sd","09:45:05",456200
4300,180,26700,"sd","09:45:05",451200
4300,180,200,"sd","09:45:05",424500
4300,180,500,"sd","09:45:05",424300
4300,180,1000,"sd","09:45:05",423800
4300,180,1000,"sd","09:45:05",422800
4300,180,1500,"sd","09:45:05",421800
4300,180,20000,"sd","09:45:05",420300
4300,180,3000,"sd","09:45:05",400300
4300,180,500,"sd","09:45:05",397300
4300,180,12300,"bu","09:45:05",396800
4300,180,200,"bu","09:45:05",384500
4300,180,200,"bu","09:45:05",384300
4300,180,500,"bu","09:45:05",384100
4300,180,100,"bu","09:45:05",383600
4300,180,400,"bu","09:45:05",383500
4300,180,200,"bu","09:45:05",383100
4300,180,500,"bu","09:45:05",382900
4300,180,100,"bu","09:45:05",382400
4300,180,2000,"bu","09:45:05",382300
4290,170,1000,"bu","09:45:05",380300
4290,170,2000,"bu","09:45:05",379300
4290,170,300,"bu","09:45:05",377300
4290,170,4700,"bu","09:45:05",377000
4280,160,500,"bu","09:45:05",372300
4290,170,300,"bu","09:44:56",371800
4280,160,300,"bu","09:44:56",371500
4290,170,100,"bu","09:44:51",371200
4290,170,1000,"bu","09:44:51",371100
4290,170,100,"bu","09:44:51",370100
4270,150,200,"sd","09:44:44",370000
4290,170,900,"bu","09:44:41",369800
4290,170,800,"bu","09:44:41",368900
4290,170,300,"bu","09:44:41",368100
4270,150,500,"sd","09:44:38",367800
4270,150,700,"sd","09:44:37",367300
4280,160,300,"bu","09:44:36",366600
4280,160,200,"bu","09:44:36",366300
4270,150,3700,"bu","09:44:23",366100
4250,130,700,"sd","09:44:13",362400
4250,130,2000,"sd","09:44:12",361700
4250,130,400,"sd","09:44:12",359700
4270,150,300,"bu","09:44:10",359300
4260,140,200,"bu","09:44:10",359000
4250,130,600,"sd","09:44:08",358800
4250,130,400,"sd","09:44:08",358200
4250,130,300,"bu","09:44:00",357800
4250,130,3000,"bu","09:44:00",357500
4250,130,2000,"bu","09:44:00",354500
4250,130,15600,"bu","09:44:00",352500
4250,130,3300,"bu","09:44:00",336900
4250,130,200,"bu","09:43:53",333600
4250,130,500,"bu","09:43:53",333400
4250,130,100,"bu","09:43:53",332400
4250,130,500,"bu","09:43:53",332900
4240,120,1000,"bu","09:43:53",332300
4240,120,1500,"bu","09:43:53",331300
4240,120,200,"bu","09:43:53",328800
4240,120,1000,"bu","09:43:53",329800
4230,110,1000,"sd","09:43:52",328600
4230,110,600,"bu","09:43:50",327600
4220,100,500,"sd","09:43:40",327000
4220,100,100,"bu","09:43:33",326500
4220,100,100,"bu","09:43:33",326400
4220,100,200,"bu","09:43:33",326300
4220,100,200,"bu","09:43:29",326100
4220,100,100,"bu","09:43:29",325900
4220,100,400,"bu","09:43:29",325800
4220,100,400,"bu","09:43:29",325400
4220,100,1700,"bu","09:43:26",325000
4220,100,500,"bu","09:43:26",323300
4220,100,7000,"bu","09:43:23",322800
4220,100,1800,"bu","09:43:23",315800
4220,100,5600,"bu","09:43:17",314000
4220,100,200,"bu","09:43:17",308400
4220,100,200,"bu","09:43:17",308200
4210,90,100,"bu","09:43:13",308000
4210,90,200,"bu","09:43:13",307900
4210,90,900,"bu","09:43:13",307700
4200,80,1000,"sd","09:43:04",306800
4200,80,500,"sd","09:43:04",305800
4200,80,100,"bu","09:43:04",305300
4200,80,1000,"bu","09:43:04",305200
4200,80,200,"bu","09:43:04",304200
4200,80,600,"bu","09:43:04",304000
4200,80,600,"bu","09:43:04",303400
4200,80,200,"bu","09:43:04",302800
4200,80,1000,"bu","09:43:04",302600
4200,80,300,"bu","09:43:04",301600
4200,80,100,"bu","09:43:04",301300
4200,80,1000,"bu","09:43:03",301200
4200,80,1200,"bu","09:42:57",300200
4200,80,500,"bu","09:42:57",299000
4200,80,300,"bu","09:42:57",298500
4200,80,200,"bu","09:42:57",298200
4200,80,2600,"bu","09:42:57",298000
4200,80,2500,"bu","09:42:57",295400
4200,80,500,"bu","09:42:57",292900
4200,80,1000,"bu","09:42:57",292400
4200,80,100,"bu","09:42:57",291400
4200,80,200,"bu","09:42:57",291300
4200,80,200,"bu","09:42:57",291100
4200,80,400,"bu","09:42:57",290900
4200,80,200,"bu","09:42:57",290500
4200,80,100,"bu","09:42:57",290300
4190,70,500,"sd","09:42:39",290200
4190,70,5000,"sd","09:42:32",289700
4190,70,300,"bu","09:42:24",284700
4190,70,200,"bu","09:42:24",284400
4190,70,14200,"bu","09:42:24",284200
4190,70,500,"bu","09:42:22",270000
4190,70,800,"bu","09:42:19",269500
4190,70,900,"bu","09:42:11",268700
4180,60,100,"bu","09:42:11",267800
4180,60,200,"sd","09:42:10",267700
4180,60,2000,"sd","09:42:10",267500
4180,60,1500,"sd","09:42:10",265500
4180,60,200,"sd","09:42:10",264000
4180,60,10000,"sd","09:42:10",263800
4180,60,1000,"sd","09:42:10",253800
4180,60,5000,"sd","09:42:10",252800
4190,70,2400,"bu","09:42:08",247800
4190,70,600,"bu","09:42:05",245400
4190,70,600,"bu","09:42:03",244800
4190,70,3900,"bu","09:42:03",244200
4190,70,500,"bu","09:42:03",240300
4190,70,400,"bu","09:42:02",239800
4190,70,100,"bu","09:42:02",239400
4180,60,500,"sd","09:41:52",239300
4180,60,500,"sd","09:41:31",238800
4180,60,500,"sd","09:41:31",238300
4180,60,500,"bu","09:41:19",237800
4180,60,1000,"bu","09:41:19",237300
4180,60,500,"sd","09:40:48",236300
4180,60,500,"sd","09:40:48",235800
4180,60,100,"bu","09:40:33",235300
4180,60,2900,"bu","09:40:26",235200
4180,60,5000,"bu","09:40:26",232300
4180,60,2000,"bu","09:40:26",227300
4180,60,200,"bu","09:40:26",225300
4180,60,2000,"bu","09:40:26",225100
4180,60,1600,"bu","09:40:26",223100
4180,60,1000,"bu","09:40:26",221500
4180,60,200,"bu","09:40:26",220500
4180,60,100,"bu","09:40:26",220300
4170,50,500,"sd","09:39:58",220200
4170,50,5000,"sd","09:39:46",219700
4180,60,100,"bu","09:39:35",214700
4170,50,200,"sd","09:38:26",214600
4170,50,100,"sd","09:37:59",214400
4170,50,100,"bu","09:37:39",214300
4170,50,3600,"bu","09:37:39",214200
4170,50,1400,"bu","09:37:38",210600
4170,50,5000,"bu","09:37:38",209200
4170,50,600,"bu","09:37:38",204200
4160,40,1300,"sd","09:37:38",203600
4170,50,100,"bu","09:37:31",202300
4160,40,200,"bu","09:37:10",202200
4160,40,2500,"bu","09:37:10",202000
4160,40,2000,"bu","09:37:10",199500
4160,40,5000,"bu","09:37:10",197500
4160,40,400,"bu","09:37:10",192500
4160,40,400,"bu","09:37:10",192100
4160,40,5000,"bu","09:37:10",191700
4160,40,800,"bu","09:37:10",186700
4160,40,5000,"bu","09:36:41",185900
4160,40,4200,"bu","09:36:27",180900
4160,40,500,"bu","09:36:27",176700
4160,40,200,"bu","09:36:27",176200
4160,40,100,"bu","09:36:27",176000
4150,30,700,"sd","09:36:26",175900
4150,30,2000,"bu","09:36:13",175200
4150,30,500,"bu","09:36:13",173200
4150,30,2000,"bu","09:36:13",172700
4150,30,500,"bu","09:36:13",170700
4150,30,1700,"bu","09:36:13",170200
4150,30,100,"bu","09:36:13",168500
4150,30,3000,"bu","09:36:13",168400
4150,30,30900,"bu","09:36:13",165400
4150,30,400,"bu","09:36:13",134500
4150,30,1000,"bu","09:36:13",134100
4150,30,1000,"bu","09:36:13",133100
4150,30,300,"bu","09:36:13",132100
4150,30,5000,"bu","09:36:13",131800
4150,30,5000,"bu","09:36:13",126800
4150,30,5600,"bu","09:36:13",121800
4140,20,2000,"bu","09:36:13",116200
4140,20,8100,"bu","09:36:13",114200
4140,20,1000,"bu","09:36:13",106100
4140,20,1200,"bu","09:36:13",105100
4140,20,500,"bu","09:36:11",103900
4140,20,1000,"bu","09:35:32",103400
4140,20,2300,"bu","09:35:29",102400
4140,20,2000,"bu","09:35:29",100100
4140,20,5000,"bu","09:35:29",98100
4140,20,400,"bu","09:35:29",93100
4140,20,300,"bu","09:35:29",92700
4140,20,200,"bu","09:33:42",92400
4140,20,100,"bu","09:33:25",92200
4140,20,2000,"bu","09:32:37",92100
4130,10,100,"sd","09:32:00",90100
4140,20,1400,"bu","09:31:55",90000
4140,20,500,"bu","09:31:41",88600
4130,10,100,"sd","09:31:27",88100
4140,20,500,"bu","09:30:58",88000
4140,20,500,"bu","09:30:58",87500
4130,10,2000,"sd","09:30:53",87000
4130,10,5800,"sd","09:30:33",85000
4130,10,1000,"bu","09:30:11",79200
4120,0,9200,"sd","09:29:38",78200
4120,0,500,"sd","09:29:38",69000
4120,0,100,"sd","09:29:38",68500
4120,0,200,"sd","09:29:38",68400
4130,10,500,"bu","09:29:29",68200
4130,10,800,"bu","09:29:18",67700
4130,10,500,"bu","09:29:04",66900
4130,10,100,"bu","09:28:53",66400
4130,10,1300,"sd","09:28:05",66300
4130,10,600,"sd","09:27:29",65000
4130,10,400,"sd","09:27:29",64400
4130,10,4600,"bu","09:26:59",64000
4130,10,300,"sd","09:26:06",59400
4130,10,100,"sd","09:26:06",59100
4130,10,700,"sd","09:25:44",59000
4130,10,200,"bu","09:24:22",58300
4130,10,900,"bu","09:23:54",58100
4130,10,1800,"bu","09:23:49",57200
4130,10,1300,"bu","09:23:32",55400
4130,10,1800,"bu","09:23:13",54100
4130,10,500,"sd","09:20:16",52300
4130,10,800,"sd","09:20:16",51800
4130,10,100,"sd","09:20:16",51000
4150,30,5000,"bu","09:19:45",50900
4140,20,500,"bu","09:19:33",45900
4140,20,1000,"bu","09:19:33",45400
4140,20,3500,"bu","09:19:33",44400
4140,20,500,"bu","09:19:25",40900
4140,20,700,"bu","09:18:50",40400
4140,20,300,"sd","09:17:19",39700
4150,30,29400,"bu","09:17:18",39400
4150,30,200,"bu","09:17:18",10000
4150,30,300,"bu","09:17:18",9800
4150,30,100,"bu","09:17:18",9500
4140,20,1000,"bu","09:17:03",9400
4140,20,300,"bu","09:17:03",8400
4140,20,100,"bu","09:17:03",8100
4130,10,200,"bu","09:16:25",8000
4130,10,500,"bu","09:15:55",7800
4130,10,500,"bu","09:15:55",7300
4130,10,500,"bu","09:15:31",6800
4130,10,2000,"bu","09:15:30",6300
4130,10,200,"bu","09:15:28",4300
4130,10,4100,"bu","09:15:00",4100
