"price","change","match_qtty","side","time","total_vol"
3100,110,55300,"unknown","14:45:04",1840000
3080,90,2000,"sd","14:29:44",1784700
3080,90,1000,"sd","14:29:43",1782700
3080,90,7600,"sd","14:29:28",1781700
3080,90,100,"sd","14:29:07",1774100
3080,90,100,"unknown","14:28:40",1774000
3080,90,2200,"unknown","14:28:40",1773900
3080,90,5800,"bu","14:28:09",1771700
3080,90,300,"bu","14:27:48",1765900
3080,90,100,"bu","14:27:32",1765600
3080,90,1600,"bu","14:27:05",1765500
3080,90,1500,"bu","14:27:05",1763900
3080,90,5000,"bu","14:27:05",1762400
3080,90,300,"bu","14:27:05",1757400
3080,90,100,"bu","14:27:05",1757100
3080,90,1500,"bu","14:27:05",1757000
3070,80,900,"sd","14:25:46",1755500
3070,80,1400,"sd","14:25:34",1754600
3070,80,400,"sd","14:23:30",1753200
3070,80,200,"sd","14:23:24",1752800
3070,80,1400,"sd","14:22:58",1752600
3070,80,2200,"sd","14:22:48",1751200
3080,90,100,"bu","14:22:47",1749000
3070,80,500,"bu","14:22:22",1748900
3070,80,28900,"bu","14:22:22",1748400
3060,70,2000,"sd","14:22:05",1719500
3060,70,400,"sd","14:21:23",1717500
3060,70,2600,"sd","14:20:25",1717100
3070,80,100,"sd","14:19:25",1714500
3070,80,300,"sd","14:19:25",1714400
3060,70,3300,"sd","14:19:04",1714100
3060,70,500,"sd","14:19:04",1710800
3060,70,1000,"sd","14:19:04",1710300
3060,70,100,"sd","14:19:04",1709300
3060,70,5000,"sd","14:19:04",1709200
3060,70,100,"sd","14:19:04",1704200
3070,80,700,"sd","14:18:43",1704100
3070,80,10000,"sd","14:18:29",1703400
3070,80,1000,"sd","14:18:21",1693400
3070,80,24900,"bu","14:17:54",1692400
3070,80,8000,"bu","14:17:54",1667500
3070,80,2000,"bu","14:17:54",1659500
3070,80,300,"bu","14:16:36",1657500
3070,80,4800,"bu","14:16:16",1657200
3070,80,200,"bu","14:16:16",1652400
3060,70,100,"sd","14:15:37",1652200
3060,70,900,"sd","14:15:37",1652100
3070,80,400,"bu","14:14:48",1651200
3080,90,300,"bu","14:13:33",1650800
3080,90,100,"bu","14:12:32",1650500
3070,80,200,"sd","14:12:03",1650400
3070,80,1000,"sd","14:12:03",1650200
3070,80,2000,"sd","14:12:03",1649200
3080,90,500,"bu","14:11:33",1647200
3080,90,3000,"bu","14:10:15",1646700
3080,90,700,"bu","14:10:03",1643700
3080,90,1000,"bu","14:09:14",1643000
3080,90,100,"bu","14:08:54",1642000
3070,80,1000,"sd","14:08:11",1641900
3070,80,500,"sd","14:07:47",1640900
3070,80,2500,"sd","14:07:47",1640400
3070,80,2500,"sd","14:06:31",1637900
3070,80,4900,"sd","14:06:31",1635400
3070,80,2600,"sd","14:06:31",1630500
3070,80,300,"sd","14:06:16",1627900
3070,80,1000,"sd","14:05:59",1627600
3070,80,1100,"sd","14:04:37",1626600
3070,80,5000,"sd","14:04:37",1625500
3070,80,700,"sd","14:04:37",1620500
3070,80,100,"sd","14:04:37",1619800
3070,80,4000,"sd","14:04:37",1619700
3070,80,1000,"sd","14:04:37",1615700
3070,80,2800,"sd","14:04:37",1614700
3070,80,2300,"sd","14:04:32",1611900
3070,80,300,"sd","14:03:25",1609600
3080,90,100,"bu","14:02:08",1609300
3080,90,200,"bu","14:01:52",1609200
3080,90,300,"bu","14:01:03",1609000
3080,90,100,"bu","14:00:48",1608700
3080,90,100,"bu","13:59:49",1608600
3070,80,400,"sd","13:58:55",1608500
3070,80,100,"bu","13:58:10",1608100
3070,80,200,"bu","13:58:02",1608000
3070,80,2700,"bu","13:57:47",1607800
3070,80,200,"bu","13:57:34",1605100
3070,80,200,"sd","13:57:22",1604900
3070,80,1000,"sd","13:57:22",1604700
3070,80,100,"sd","13:57:22",1603700
3070,80,1900,"sd","13:57:22",1603600
3070,80,1000,"sd","13:57:22",1601700
3070,80,1000,"sd","13:57:22",1600700
3070,80,1700,"sd","13:57:22",1599700
3070,80,200,"sd","13:57:22",1598000
3080,90,100,"bu","13:56:58",1597800
3080,90,200,"bu","13:56:48",1597700
3080,90,100,"bu","13:56:27",1597500
3070,80,100,"sd","13:55:41",1597400
3070,80,100,"sd","13:55:13",1597300
3070,80,200,"sd","13:55:13",1597200
3070,80,200,"sd","13:55:13",1597000
3080,90,5000,"bu","13:54:54",1596800
3080,90,500,"sd","13:53:15",1591800
3080,90,5000,"sd","13:53:15",1591300
3080,90,500,"sd","13:53:15",1586300
3080,90,2000,"sd","13:53:15",1585800
3080,90,300,"sd","13:53:15",1583800
3080,90,2800,"sd","13:53:15",1583500
3080,90,2600,"sd","13:53:15",1580700
3080,90,3700,"sd","13:53:15",1578100
3080,90,500,"sd","13:53:15",1574400
3080,90,300,"sd","13:53:15",1573900
3080,90,4000,"sd","13:53:15",1573600
3080,90,2200,"sd","13:53:15",1569600
3090,100,1000,"sd","13:53:03",1567400
3090,100,100,"sd","13:53:03",1566400
3090,100,1800,"sd","13:53:03",1566300
3090,100,2500,"sd","13:52:59",1564500
3090,100,500,"sd","13:51:13",1562000
3090,100,500,"sd","13:51:01",1561500
3090,100,100,"sd","13:49:45",1561000
3090,100,100,"bu","13:48:50",1560900
3090,100,600,"bu","13:48:50",1560800
3090,100,5300,"bu","13:48:31",1560200
3090,100,100,"bu","13:48:20",1554900
3090,100,500,"bu","13:48:17",1554800
3090,100,700,"sd","13:47:02",1554300
3090,100,1000,"sd","13:47:02",1553600
3090,100,500,"sd","13:47:02",1552600
3090,100,2000,"sd","13:47:02",1552100
3090,100,500,"sd","13:47:02",1550100
3090,100,5000,"sd","13:47:02",1549600
3090,100,1800,"sd","13:47:02",1544600
3090,100,1000,"sd","13:44:21",1542800
3090,100,300,"sd","13:42:43",1541800
3100,110,1000,"bu","13:42:30",1541500
3100,110,100,"bu","13:38:20",1540500
3090,100,1000,"sd","13:37:58",1540400
3090,100,2000,"sd","13:37:58",1539400
3090,100,3300,"sd","13:37:58",1537400
3100,110,1000,"bu","13:37:02",1534100
3100,110,100,"bu","13:36:40",1533100
3100,110,5000,"bu","13:36:36",1533000
3100,110,1800,"bu","13:36:33",1528000
3100,110,200,"bu","13:36:33",1526200
3100,110,100,"bu","13:36:26",1526000
3100,110,100,"bu","13:35:37",1525900
3100,110,800,"bu","13:33:49",1525800
3100,110,100,"bu","13:33:49",1525000
3100,110,500,"bu","13:33:49",1524900
3100,110,3000,"bu","13:33:49",1524400
3100,110,600,"bu","13:33:49",1521400
3100,110,400,"bu","13:33:30",1520800
3100,110,300,"bu","13:33:30",1520400
3100,110,400,"bu","13:32:57",1520100
3100,110,100,"bu","13:31:55",1519700
3100,110,100,"bu","13:31:21",1519600
3090,100,500,"sd","13:30:10",1519500
3090,100,7000,"bu","13:28:03",1519000
3090,100,1000,"bu","13:28:03",1512000
3090,100,9000,"bu","13:28:03",1511000
3090,100,2000,"bu","13:28:03",1502000
3090,100,1000,"bu","13:28:03",1500000
3090,100,200,"bu","13:28:03",1499000
3090,100,6800,"bu","13:28:03",1498800
3090,100,3500,"bu","13:28:01",1492000
3090,100,6500,"bu","13:28:01",1488500
3090,100,100,"bu","13:27:32",1482000
3090,100,100,"bu","13:26:52",1481900
3090,100,300,"bu","13:26:36",1481800
3090,100,3000,"bu","13:25:32",1481500
3090,100,1800,"bu","13:25:20",1478500
3090,100,300,"bu","13:25:01",1476700
3080,90,2100,"sd","13:23:57",1476400
3080,90,5000,"sd","13:23:30",1474300
3080,90,700,"bu","13:23:26",1469300
3080,90,1300,"bu","13:23:18",1468600
3080,90,3700,"bu","13:23:18",1467300
3080,90,5000,"bu","13:23:16",1463600
3080,90,5000,"bu","13:22:48",1458600
3080,90,1000,"bu","13:22:45",1453600
3080,90,5000,"bu","13:22:10",1452600
3080,90,4500,"bu","13:22:00",1447600
3080,90,100,"bu","13:21:28",1443100
3070,80,1000,"sd","13:21:02",1443000
3080,90,500,"bu","13:20:53",1442000
3080,90,200,"bu","13:20:47",1441500
3080,90,100,"bu","13:19:57",1441300
3080,90,500,"bu","13:19:51",1441200
3080,90,1100,"bu","13:18:58",1440700
3080,90,1900,"bu","13:18:03",1439600
3080,90,500,"bu","13:17:49",1437700
3080,90,1900,"bu","13:16:58",1437200
3080,90,100,"bu","13:16:58",1435300
3080,90,100,"bu","13:15:38",1435200
3080,90,1000,"bu","13:15:28",1435100
3070,80,2900,"sd","13:14:19",1434100
3070,80,100,"sd","13:14:19",1431200
3080,90,100,"bu","13:14:08",1431100
3080,90,4500,"bu","13:14:08",1431000
3080,90,200,"bu","13:13:26",1426500
3080,90,300,"bu","13:13:26",1426300
3080,90,1700,"sd","13:13:02",1426000
3080,90,3300,"sd","13:12:55",1424300
3080,90,1700,"sd","13:12:55",1421000
3080,90,300,"sd","13:12:53",1419300
3080,90,2000,"sd","13:12:46",1419000
3080,90,900,"sd","13:12:26",1417000
3080,90,1000,"sd","13:12:26",1416100
3080,90,100,"sd","13:12:26",1415100
3080,90,1000,"sd","13:12:15",1415000
3080,90,100,"sd","13:11:13",1414000
3080,90,800,"sd","13:11:07",1413900
3080,90,500,"sd","13:10:16",1413100
3080,90,100,"sd","13:09:17",1412600
3080,90,100,"sd","13:08:11",1412500
3080,90,100,"sd","13:07:53",1412400
3080,90,100,"sd","13:06:33",1412300
3080,90,1200,"bu","13:06:21",1412200
3080,90,300,"sd","13:05:26",1411000
3080,90,1000,"bu","13:04:39",1410700
3080,90,500,"bu","13:04:39",1409700
3080,90,200,"bu","13:04:39",1409200
3080,90,100,"bu","13:04:37",1409000
3070,80,700,"bu","13:03:46",1408900
3070,80,100,"bu","13:03:42",1408200
3070,80,100,"bu","13:03:32",1408100
3070,80,300,"bu","13:03:32",1408000
3070,80,200,"bu","13:03:32",1407700
3060,70,200,"sd","13:03:24",1407500
3070,80,100,"bu","13:03:09",1407300
3070,80,400,"bu","13:03:09",1407200
3070,80,100,"bu","13:03:00",1406800
3070,80,500,"bu","13:03:00",1406700
3070,80,4400,"bu","13:03:00",1406200
3070,80,200,"bu","13:02:56",1401800
3060,70,500,"sd","13:01:53",1401600
3060,70,500,"sd","13:01:16",1401100
3070,80,500,"bu","13:00:21",1400600
3070,80,2800,"bu","13:00:21",1400100
3070,80,900,"bu","13:00:19",1397300
3070,80,1700,"bu","13:00:07",1396400
3060,70,9400,"sd","13:00:05",1394700
3060,70,100,"sd","13:00:05",1385300
3060,70,1200,"sd","13:00:05",1385200
3060,70,200,"sd","13:00:05",1384000
3060,70,100,"sd","13:00:05",1383800
3070,80,100,"bu","13:00:02",1383700
3070,80,400,"bu","13:00:01",1383600
3070,80,1000,"sd","13:00:00",1383200
3070,80,2000,"sd","13:00:00",1382200
3070,80,300,"sd","13:00:00",1380200
3070,80,500,"sd","13:00:00",1379900
3070,80,500,"sd","13:00:00",1379400
3070,80,1000,"sd","13:00:00",1378900
3070,80,3700,"sd","13:00:00",1377900
3090,100,5000,"bu","13:00:00",1374200
3070,80,1000,"sd","11:27:06",1369200
3090,100,2000,"bu","11:26:10",1368200
3090,100,1000,"bu","11:23:34",1366200
3090,100,100,"bu","11:20:55",1365200
3080,90,11500,"bu","11:20:33",1365100
3080,90,500,"bu","11:20:33",1353600
3080,90,300,"bu","11:20:33",1353100
3080,90,7700,"bu","11:20:33",1352800
3080,90,500,"bu","11:17:50",1345100
3080,90,400,"bu","11:17:10",1344600
3080,90,100,"bu","11:16:55",1344200
3070,80,300,"sd","11:16:50",1344100
3070,80,800,"sd","11:16:50",1343800
3070,80,400,"sd","11:16:50",1343000
3070,80,100,"sd","11:16:50",1342600
3070,80,200,"sd","11:16:50",1342500
3070,80,4800,"sd","11:13:35",1342300
3070,80,1500,"sd","11:13:35",1337500
3070,80,100,"sd","11:13:35",1336000
3070,80,100,"sd","11:13:35",1335900
3070,80,700,"sd","11:13:35",1335800
3070,80,700,"sd","11:13:35",1335100
3070,80,100,"sd","11:13:35",1334400
3070,80,200,"sd","11:13:35",1334300
3070,80,1000,"sd","11:13:35",1334100
3070,80,100,"sd","11:13:35",1333100
3070,80,5000,"sd","11:13:35",1333000
3070,80,100,"sd","11:13:35",1328000
3070,80,1100,"sd","11:13:35",1327900
3070,80,3800,"sd","11:11:44",1326800
3070,80,5000,"sd","11:11:44",1323000
3080,90,500,"bu","11:11:36",1318000
3080,90,5000,"bu","11:10:45",1317500
3080,90,300,"bu","11:09:56",1312500
3080,90,400,"bu","11:09:26",1312200
3080,90,100,"bu","11:08:49",1311800
3080,90,200,"bu","11:08:35",1311700
3080,90,100,"bu","11:08:23",1311500
3080,90,900,"bu","11:08:03",1311400
3080,90,10000,"bu","11:07:38",1310500
3070,80,100,"sd","11:06:49",1300500
3070,80,2000,"sd","11:06:49",1300400
3070,80,900,"sd","11:06:49",1298400
3070,80,100,"sd","11:04:41",1297500
3070,80,200,"sd","11:04:41",1297400
3070,80,1800,"sd","11:04:41",1297200
3070,80,3000,"sd","11:04:05",1295400
3080,90,1000,"bu","11:03:53",1292400
3080,90,100,"bu","11:02:52",1291400
3080,90,300,"bu","11:01:44",1291300
3070,80,3300,"sd","11:01:32",1291000
3080,90,200,"bu","11:00:41",1287700
3080,90,1000,"bu","11:00:20",1287500
3080,90,300,"bu","11:00:07",1286500
3080,90,100,"bu","11:00:02",1286200
3080,90,5000,"bu","10:59:55",1286100
3080,90,2000,"bu","10:59:42",1281100
3080,90,300,"bu","10:59:21",1279100
3080,90,100,"bu","10:59:17",1278800
3080,90,200,"sd","10:59:10",1278700
3080,90,200,"bu","10:58:27",1278500
3080,90,100,"bu","10:58:20",1278300
3080,90,800,"bu","10:58:12",1278200
3080,90,200,"bu","10:58:01",1277400
3080,90,300,"bu","10:57:54",1277200
3080,90,300,"sd","10:57:53",1276900
3080,90,2000,"sd","10:57:53",1276600
3080,90,1000,"sd","10:57:53",1274600
3080,90,4300,"sd","10:57:53",1273600
3080,90,700,"sd","10:57:32",1269300
3090,100,100,"sd","10:56:13",1268600
3090,100,500,"sd","10:56:13",1268500
3090,100,200,"sd","10:56:13",1268000
3090,100,2200,"sd","10:56:01",1267800
3090,100,28000,"sd","10:56:01",1265600
3090,100,100,"sd","10:56:01",1237600
3090,100,600,"sd","10:56:01",1237500
3090,100,8600,"sd","10:56:01",1236900
3090,100,1000,"sd","10:56:01",1228300
3090,100,1000,"sd","10:56:01",1227300
3090,100,5000,"sd","10:56:01",1226300
3090,100,3400,"sd","10:56:01",1221300
3090,100,1600,"sd","10:55:23",1217900
3100,110,1000,"bu","10:54:57",1216300
3100,110,300,"bu","10:53:51",1215300
3100,110,500,"bu","10:53:21",1215000
3100,110,200,"bu","10:53:17",1214500
3100,110,4700,"bu","10:53:05",1214300
3100,110,500,"bu","10:53:05",1209600
3100,110,1000,"bu","10:53:05",1209100
3100,110,1000,"bu","10:53:05",1208100
3100,110,2800,"bu","10:53:05",1207100
3100,110,500,"bu","10:52:54",1204300
3100,110,2300,"bu","10:52:26",1203800
3100,110,100,"sd","10:51:34",1201500
3100,110,500,"sd","10:51:34",1201400
3100,110,1300,"sd","10:51:34",1200900
3100,110,100,"sd","10:51:34",1199600
3100,110,400,"sd","10:51:34",1199500
3100,110,7000,"sd","10:51:34",1199100
3100,110,500,"sd","10:51:34",1192100
3100,110,500,"sd","10:51:34",1191600
3100,110,100,"sd","10:51:34",1191100
3100,110,1000,"sd","10:51:34",1191000
3100,110,500,"sd","10:51:34",1190000
3100,110,3300,"sd","10:51:34",1189500
3100,110,4600,"sd","10:51:34",1186200
3100,110,1000,"sd","10:51:34",1181600
3100,110,200,"sd","10:51:34",1180600
3100,110,300,"sd","10:51:34",1180400
3100,110,100,"sd","10:51:20",1180100
3110,120,500,"bu","10:48:15",1180000
3110,120,300,"bu","10:47:06",1179500
3110,120,300,"bu","10:46:58",1179200
3110,120,2100,"bu","10:46:40",1178900
3110,120,100,"bu","10:46:40",1176800
3110,120,100,"bu","10:46:16",1176700
3110,120,1000,"sd","10:45:52",1176600
3110,120,800,"sd","10:45:52",1175600
3120,130,600,"bu","10:45:20",1174800
3110,120,1000,"sd","10:45:03",1174200
3110,120,100,"sd","10:44:37",1173200
3110,120,900,"sd","10:44:24",1173100
3110,120,4100,"sd","10:44:24",1172200
3110,120,1100,"sd","10:44:03",1168100
3110,120,10900,"sd","10:44:03",1167000
3120,130,200,"bu","10:43:54",1156100
3120,130,200,"bu","10:43:46",1155900
3120,130,2000,"bu","10:41:43",1155700
3120,130,400,"bu","10:40:33",1153700
3120,130,400,"bu","10:40:33",1153300
3120,130,600,"bu","10:40:25",1152900
3120,130,400,"bu","10:40:25",1152300
3120,130,700,"bu","10:39:42",1151900
3120,130,1400,"bu","10:38:56",1151200
3120,130,500,"sd","10:38:43",1149800
3120,130,300,"bu","10:38:24",1149300
3120,130,1000,"bu","10:38:24",1149000
3120,130,100,"bu","10:38:24",1148000
3120,130,1100,"bu","10:38:24",1147900
3120,130,3000,"bu","10:38:19",1146800
3110,120,2900,"sd","10:38:06",1143800
3110,120,100,"sd","10:38:06",1140900
3110,120,100,"sd","10:37:43",1140800
3110,120,1000,"bu","10:37:16",1140700
3110,120,5000,"bu","10:37:16",1139700
3110,120,300,"bu","10:37:16",1134700
3110,120,3000,"bu","10:37:16",1134400
3110,120,9500,"bu","10:37:16",1131400
3110,120,200,"bu","10:36:57",1121900
3110,120,5000,"bu","10:36:02",1121700
3110,120,300,"bu","10:35:24",1116700
3110,120,9700,"bu","10:35:24",1116400
3110,120,1000,"bu","10:35:08",1106700
3110,120,100,"bu","10:34:48",1105700
3110,120,5500,"bu","10:34:17",1105600
3110,120,10000,"bu","10:33:33",1100100
3110,120,700,"bu","10:33:03",1090100
3110,120,1000,"bu","10:32:20",1089400
3110,120,1000,"bu","10:31:37",1088400
3110,120,300,"bu","10:31:30",1087400
3110,120,100,"sd","10:31:24",1087100
3110,120,100,"sd","10:31:07",1087000
3110,120,2400,"sd","10:31:07",1086900
3110,120,9600,"sd","10:30:52",1084500
3110,120,5000,"sd","10:30:52",1074900
3110,120,1000,"sd","10:30:52",1069900
3110,120,4400,"sd","10:30:52",1068900
3110,120,600,"sd","10:29:56",1064500
3120,130,200,"bu","10:29:31",1063900
3120,130,100,"bu","10:29:28",1063700
3120,130,900,"sd","10:29:23",1063600
3120,130,100,"sd","10:29:23",1062700
3120,130,500,"sd","10:29:23",1062600
3120,130,200,"sd","10:29:23",1062100
3120,130,200,"sd","10:29:23",1061900
3120,130,2600,"sd","10:29:23",1061700
3120,130,2400,"sd","10:28:37",1059100
3120,130,600,"sd","10:28:37",1056700
3130,140,400,"bu","10:27:07",1056100
3130,140,1600,"bu","10:27:07",1055700
3120,130,1400,"sd","10:26:54",1054100
3120,130,4000,"sd","10:26:54",1052700
3120,130,4000,"sd","10:26:54",1048700
3120,130,100,"sd","10:26:54",1044700
3120,130,5000,"sd","10:26:54",1044600
3120,130,50000,"sd","10:26:54",1039600
3120,130,10500,"sd","10:26:54",989600
3130,140,100,"bu","10:26:00",979100
3130,140,100,"sd","10:25:15",979000
3130,140,5200,"sd","10:25:15",978900
3130,140,4000,"sd","10:24:45",973700
3140,150,200,"bu","10:24:14",969700
3140,150,100,"bu","10:24:14",969500
3130,140,200,"sd","10:24:02",969400
3130,140,2000,"sd","10:23:51",969200
3130,140,1000,"sd","10:22:40",967200
3130,140,2600,"bu","10:22:36",966200
3130,140,500,"bu","10:22:32",963600
3130,140,300,"sd","10:21:56",963100
3130,140,1800,"sd","10:21:56",962800
3130,140,1000,"sd","10:21:56",961000
3130,140,100,"sd","10:21:56",960000
3130,140,100,"sd","10:21:56",959900
3130,140,1000,"sd","10:20:33",959800
3140,150,400,"bu","10:19:52",958800
3140,150,100,"bu","10:19:52",958400
3140,150,100,"bu","10:18:43",958300
3140,150,200,"bu","10:18:23",958200
3140,150,1000,"bu","10:18:08",958000
3130,140,1500,"sd","10:18:06",957000
3130,140,700,"sd","10:18:06",955500
3130,140,800,"sd","10:18:06",954800
3140,150,700,"bu","10:16:12",954000
3140,150,1200,"bu","10:16:12",953300
3140,150,1800,"sd","10:15:54",952100
3140,150,200,"bu","10:15:30",950300
3130,140,100,"sd","10:15:08",950100
3140,150,300,"bu","10:15:00",950000
3140,150,6700,"bu","10:15:00",949700
3130,140,1100,"sd","10:14:04",943000
3130,140,300,"sd","10:14:04",941900
3130,140,500,"sd","10:13:54",941600
3130,140,9500,"sd","10:13:34",941100
3130,140,300,"sd","10:13:34",931600
3130,140,400,"sd","10:13:34",931300
3140,150,200,"sd","10:12:52",930900
3140,150,13100,"sd","10:12:52",930700
3140,150,500,"sd","10:12:49",917600
3140,150,1400,"sd","10:11:31",917100
3140,150,100,"sd","10:11:31",915700
3140,150,2000,"sd","10:11:31",915600
3140,150,1400,"sd","10:11:31",913600
3140,150,200,"sd","10:11:31",912200
3140,150,1000,"sd","10:11:31",912000
3140,150,300,"sd","10:11:31",911000
3150,160,100,"bu","10:08:37",910700
3150,160,1800,"bu","10:07:12",910600
3150,160,1100,"bu","10:06:59",908800
3150,160,1000,"bu","10:06:59",907700
3150,160,1200,"bu","10:06:59",906700
3150,160,500,"sd","10:05:52",905500
3150,160,300,"sd","10:05:52",905000
3150,160,500,"sd","10:04:46",904700
3150,160,500,"sd","10:04:34",904200
3150,160,1000,"sd","10:03:52",903700
3150,160,200,"sd","10:03:08",902700
3150,160,500,"sd","10:03:01",902500
3150,160,400,"sd","10:02:19",902000
3150,160,1000,"sd","10:02:02",901600
3150,160,600,"sd","10:01:53",900600
3150,160,200,"sd","10:01:53",900000
3150,160,600,"sd","10:01:53",899800
3150,160,100,"sd","10:01:53",899200
3150,160,500,"sd","10:01:53",899100
3150,160,100,"sd","10:01:39",898600
3150,160,5000,"sd","10:01:16",898500
3150,160,600,"sd","10:01:16",893500
3150,160,2400,"sd","10:01:16",892900
3150,160,1000,"sd","10:01:16",890500
3150,160,1000,"sd","10:01:16",889500
3160,170,500,"bu","10:00:57",888500
3160,170,100,"bu","10:00:07",888000
3150,160,2400,"sd","09:59:43",887900
3150,160,1000,"sd","09:59:43",885500
3150,160,100,"sd","09:59:43",884500
3150,160,500,"sd","09:59:43",884400
3150,160,1000,"sd","09:59:43",883900
3160,170,400,"bu","09:59:22",882900
3160,170,100,"bu","09:59:14",882500
3160,170,1000,"bu","09:58:50",882400
3160,170,1000,"bu","09:58:50",881400
3160,170,200,"bu","09:58:50",880400
3160,170,5000,"bu","09:58:50",880200
3160,170,1900,"bu","09:58:50",875200
3160,170,900,"bu","09:58:50",873300
3150,160,900,"sd","09:57:52",872400
3150,160,100,"sd","09:57:52",871500
3150,160,100,"sd","09:56:56",871400
3160,170,1500,"bu","09:56:26",871300
3160,170,400,"bu","09:56:26",869800
3160,170,500,"bu","09:56:26",869400
3160,170,100,"bu","09:56:26",868900
3160,170,500,"bu","09:56:26",868800
3160,170,2200,"bu","09:56:26",868300
3160,170,4100,"bu","09:56:26",866100
3160,170,300,"bu","09:56:26",862000
3160,170,400,"bu","09:56:26",861700
3160,170,100,"sd","09:54:30",861300
3160,170,3000,"sd","09:54:30",861200
3160,170,5000,"sd","09:54:30",858200
3160,170,100,"sd","09:54:30",853200
3160,170,5000,"sd","09:54:30",853100
3160,170,8200,"sd","09:54:30",848100
3170,180,100,"bu","09:53:30",839900
3160,170,100,"bu","09:51:41",839800
3160,170,400,"bu","09:51:41",839700
3160,170,1300,"bu","09:51:41",839300
3160,170,100,"bu","09:51:34",838000
3160,170,1700,"bu","09:51:04",837900
3160,170,900,"bu","09:50:51",836200
3160,170,6000,"sd","09:49:56",835300
3160,170,100,"bu","09:49:48",829300
3160,170,200,"bu","09:49:48",829200
3160,170,500,"bu","09:49:48",829000
3160,170,8900,"bu","09:49:48",828500
3160,170,1000,"bu","09:48:30",819600
3160,170,100,"sd","09:48:06",818600
3160,170,100,"sd","09:47:58",818500
3160,170,2000,"sd","09:47:38",818400
3160,170,100,"bu","09:46:45",816400
3160,170,400,"bu","09:46:45",816300
3160,170,100,"bu","09:46:45",815900
3160,170,100,"bu","09:46:45",815800
3160,170,300,"bu","09:46:45",815700
3150,160,5000,"sd","09:46:10",815400
3150,160,100,"sd","09:45:53",810400
3160,170,200,"bu","09:44:28",810300
3160,170,1000,"bu","09:44:21",810100
3160,170,2000,"sd","09:43:47",809100
3160,170,1000,"sd","09:43:47",807100
3160,170,1000,"sd","09:43:47",806100
3160,170,4500,"sd","09:43:47",805100
3160,170,5500,"sd","09:43:15",800600
3160,170,200,"sd","09:43:15",795100
3160,170,300,"sd","09:43:15",794900
3160,170,2500,"sd","09:43:15",794600
3170,180,4500,"bu","09:42:59",792100
3170,180,100,"bu","09:42:58",787600
3160,170,3700,"sd","09:42:32",787500
3170,180,1500,"bu","09:42:15",783800
3170,180,2100,"bu","09:41:58",782300
3170,180,300,"bu","09:41:58",780200
3170,180,100,"bu","09:41:58",779900
3170,180,100,"bu","09:41:58",779800
3170,180,600,"bu","09:41:58",779700
3170,180,2000,"bu","09:41:33",779100
3160,170,100,"sd","09:41:09",777100
3160,170,4900,"sd","09:41:09",777000
3160,170,500,"bu","09:40:36",772100
3160,170,1000,"bu","09:40:36",771600
3160,170,100,"bu","09:40:36",770600
3160,170,2500,"bu","09:40:36",770500
3160,170,100,"bu","09:40:26",768000
3160,170,400,"bu","09:40:21",767900
3160,170,500,"bu","09:40:18",767500
3160,170,1000,"bu","09:40:00",767000
3160,170,1000,"sd","09:39:51",766000
3160,170,200,"sd","09:39:50",765000
3160,170,1800,"sd","09:39:44",764800
3160,170,200,"sd","09:39:44",763000
3170,180,1000,"bu","09:39:25",762800
3170,180,1000,"bu","09:38:51",761800
3170,180,500,"sd","09:38:45",760800
3170,180,4900,"sd","09:38:45",760300
3180,190,1000,"bu","09:38:13",755400
3170,180,200,"sd","09:38:12",754400
3170,180,4900,"sd","09:38:09",754200
3170,180,100,"sd","09:38:09",749300
3170,180,500,"sd","09:38:09",749200
3170,180,4500,"sd","09:38:09",748700
3180,190,2200,"bu","09:38:04",744200
3180,190,800,"bu","09:38:04",742000
3180,190,100,"bu","09:38:03",741200
3180,190,4000,"bu","09:38:03",741100
3180,190,7000,"bu","09:37:53",737100
3170,180,500,"bu","09:37:36",730100
3170,180,500,"sd","09:37:32",729600
3180,190,9700,"bu","09:37:21",729100
3170,180,300,"bu","09:37:21",719400
3170,180,300,"sd","09:37:13",719100
3170,180,4400,"sd","09:37:13",718800
3180,190,900,"bu","09:37:00",714400
3170,180,10600,"sd","09:36:57",713500
3170,180,3000,"sd","09:36:57",702900
3170,180,5000,"sd","09:36:57",699900
3170,180,1400,"sd","09:36:57",694900
3170,180,5000,"sd","09:36:57",693500
3170,180,200,"sd","09:36:54",688500
3170,180,2500,"bu","09:36:40",688300
3170,180,200,"bu","09:36:39",685800
3170,180,500,"bu","09:36:38",685600
3170,180,5000,"bu","09:36:35",685100
3170,180,10000,"bu","09:36:32",680100
3170,180,4600,"bu","09:36:23",670100
3160,170,100,"bu","09:36:23",665500
3160,170,3700,"bu","09:36:23",665400
3160,170,300,"sd","09:36:17",661700
3160,170,1000,"sd","09:36:17",661400
3160,170,1000,"sd","09:36:17",660400
3160,170,1000,"sd","09:36:17",659400
3170,180,300,"bu","09:36:15",658400
3170,180,100,"bu","09:36:08",658100
3170,180,500,"sd","09:36:00",658000
3170,180,4400,"sd","09:36:00",657500
3170,180,100,"sd","09:36:00",653100
3180,190,500,"bu","09:35:58",653000
3180,190,1000,"bu","09:35:52",652500
3180,190,8000,"bu","09:35:48",651500
3180,190,1000,"bu","09:35:47",643500
3180,190,500,"bu","09:35:45",642500
3180,190,400,"bu","09:35:43",642000
3180,190,4600,"bu","09:35:41",641600
3180,190,1500,"bu","09:35:38",637000
3180,190,2900,"bu","09:35:38",635500
3180,190,500,"bu","09:35:38",632600
3180,190,4700,"bu","09:35:38",632100
3180,190,5000,"bu","09:35:38",627400
3180,190,10400,"bu","09:35:38",622400
3180,190,1000,"bu","09:35:35",612000
3170,180,100,"sd","09:35:34",611000
3170,180,200,"sd","09:35:34",610900
3180,190,200,"bu","09:35:33",610700
3180,190,100,"bu","09:35:31",610500
3180,190,1200,"bu","09:35:29",610400
3180,190,7100,"bu","09:35:25",609200
3180,190,10000,"bu","09:35:25",602100
3180,190,300,"bu","09:35:25",592100
3170,180,100,"sd","09:35:25",591800
3180,190,300,"bu","09:35:23",591700
3180,190,100,"bu","09:35:12",591400
3180,190,9300,"bu","09:35:10",591300
3180,190,700,"bu","09:35:10",582000
3180,190,300,"bu","09:35:07",581300
3170,180,3000,"sd","09:35:03",581000
3180,190,9000,"bu","09:35:00",578000
3180,190,1000,"bu","09:35:00",569000
3170,180,1000,"sd","09:34:57",568000
3170,180,100,"bu","09:34:57",567000
3170,180,600,"bu","09:34:57",566900
3160,170,1000,"bu","09:34:57",566300
3170,180,2400,"bu","09:34:49",565300
3170,180,2600,"bu","09:34:49",562900
3150,160,1000,"sd","09:34:48",560300
3170,180,2000,"bu","09:34:43",559300
3150,160,200,"sd","09:34:33",557300
3160,170,100,"sd","09:34:33",557100
3160,170,700,"sd","09:34:33",557000
3160,170,300,"sd","09:34:30",556300
3170,180,400,"bu","09:34:28",556000
3160,170,100,"bu","09:34:17",555600
3160,170,10000,"bu","09:34:17",555500
3160,170,1900,"bu","09:34:17",545500
3160,170,100,"bu","09:34:10",543600
3160,170,2000,"bu","09:34:07",543500
3160,170,100,"bu","09:34:07",541500
3160,170,400,"bu","09:34:07",541400
3160,170,200,"bu","09:34:07",541000
3160,170,1400,"bu","09:34:07",540800
3160,170,2000,"bu","09:33:51",539400
3160,170,200,"bu","09:33:50",537400
3160,170,100,"bu","09:33:50",537200
3160,170,700,"bu","09:33:50",537100
3160,170,4300,"bu","09:33:45",536400
3160,170,300,"bu","09:33:45",532100
3160,170,200,"bu","09:33:45",531800
3160,170,4700,"bu","09:33:45",531600
3150,160,100,"sd","09:33:41",526900
3160,170,100,"bu","09:33:30",526800
3160,170,200,"bu","09:33:27",526700
3150,160,200,"bu","09:33:09",526500
3150,160,500,"bu","09:33:09",526300
3150,160,1000,"bu","09:33:09",525800
3150,160,500,"bu","09:33:09",524800
3150,160,300,"bu","09:33:09",524300
3150,160,2000,"bu","09:33:09",524000
3150,160,200,"bu","09:33:09",522000
3150,160,300,"bu","09:33:09",521800
3150,160,500,"bu","09:33:09",521500
3150,160,1000,"bu","09:33:09",521000
3150,160,5000,"bu","09:33:09",520000
3150,160,100,"bu","09:33:09",515000
3150,160,100,"bu","09:33:09",514900
3150,160,100,"bu","09:33:09",514800
3150,160,100,"bu","09:33:09",514700
3150,160,100,"bu","09:33:09",514600
3150,160,100,"bu","09:33:09",514500
3150,160,100,"bu","09:33:09",514400
3150,160,100,"bu","09:33:09",514300
3150,160,100,"bu","09:33:05",514200
3150,160,100,"bu","09:33:05",514100
3150,160,100,"bu","09:33:05",514000
3150,160,100,"bu","09:33:05",513900
3150,160,100,"bu","09:33:05",513800
3150,160,100,"bu","09:33:05",513700
3150,160,100,"bu","09:33:05",513600
3150,160,100,"bu","09:33:05",513500
3150,160,100,"bu","09:33:05",513400
3150,160,100,"bu","09:33:05",513300
3150,160,100,"bu","09:33:05",513200
3150,160,3000,"bu","09:33:05",513100
3150,160,2000,"bu","09:33:05",510100
3150,160,5000,"bu","09:33:05",508100
3150,160,1000,"bu","09:33:05",503100
3150,160,300,"bu","09:33:05",502100
3150,160,10000,"bu","09:33:05",501800
3150,160,500,"bu","09:33:05",491800
3150,160,1000,"bu","09:33:05",491300
3150,160,4000,"bu","09:33:05",490200
3150,160,100,"bu","09:33:05",490300
3140,150,3000,"sd","09:32:59",486200
3140,150,10000,"bu","09:32:42",483200
3140,150,1000,"bu","09:32:42",473200
3140,150,500,"bu","09:32:42",472200
3140,150,115000,"bu","09:32:42",471700
3140,150,500,"bu","09:32:42",356700
3140,150,900,"bu","09:32:42",356200
3140,150,1100,"bu","09:32:42",355300
3140,150,100,"bu","09:32:42",354200
3140,150,500,"bu","09:32:42",354100
3140,150,400,"bu","09:32:42",353600
3140,150,5500,"bu","09:32:42",353200
3140,150,5000,"bu","09:32:42",347700
3140,150,200,"bu","09:32:42",342700
3140,150,1000,"bu","09:32:42",342500
3140,150,200,"bu","09:32:42",341500
3140,150,100,"bu","09:32:42",341300
3140,150,3100,"bu","09:32:42",341200
3130,140,600,"bu","09:32:42",338100
3130,140,500,"bu","09:32:42",337500
3130,140,1000,"bu","09:32:42",337000
3130,140,200,"bu","09:32:42",336000
3130,140,300,"bu","09:32:42",335800
3130,140,1200,"bu","09:32:42",335500
3130,140,5000,"bu","09:32:41",334300
3130,140,8200,"bu","09:32:23",329300
3130,140,2000,"bu","09:32:23",321100
3130,140,100,"bu","09:32:23",319100
3130,140,500,"bu","09:32:23",319000
3130,140,500,"bu","09:32:23",318500
3130,140,8400,"bu","09:32:23",318000
3130,140,300,"bu","09:32:23",309600
3130,140,200,"bu","09:32:19",309300
3130,140,100,"bu","09:32:19",309100
3130,140,800,"bu","09:32:09",309000
3130,140,100,"bu","09:31:52",308200
3130,140,900,"bu","09:31:52",308100
3130,140,100,"bu","09:31:43",307200
3130,140,3700,"bu","09:31:42",307100
3130,140,1000,"bu","09:31:42",303400
3130,140,500,"bu","09:31:42",302400
3130,140,100,"bu","09:31:42",301900
3130,140,1000,"bu","09:31:42",301800
3130,140,500,"bu","09:31:42",300800
3130,140,2000,"bu","09:31:42",300300
3130,140,1200,"bu","09:31:42",298300
3130,140,800,"bu","09:31:40",297100
3130,140,200,"bu","09:31:40",296300
3130,140,3000,"bu","09:31:40",296100
3130,140,200,"bu","09:31:22",293100
3130,140,500,"bu","09:30:46",292900
3130,140,500,"bu","09:30:46",292400
3130,140,500,"bu","09:30:31",291900
3130,140,100,"bu","09:30:31",291400
3130,140,400,"bu","09:30:31",291300
3120,130,100,"sd","09:30:23",290900
3130,140,700,"bu","09:30:16",290800
3130,140,500,"bu","09:30:16",290100
3130,140,500,"bu","09:30:16",289600
3130,140,300,"bu","09:30:16",289100
3120,130,2700,"sd","09:30:14",288800
3130,140,700,"bu","09:30:13",286100
3130,140,300,"bu","09:30:13",285400
3130,140,3300,"bu","09:30:13",285100
3130,140,500,"bu","09:30:13",281800
3130,140,200,"bu","09:30:13",281300
3120,130,2000,"sd","09:29:30",281100
3120,130,700,"bu","09:29:27",279100
3120,130,10000,"bu","09:29:27",278400
3120,130,500,"bu","09:29:27",268400
3120,130,1000,"bu","09:29:27",267900
3120,130,1000,"bu","09:29:27",266900
3120,130,900,"bu","09:29:27",265900
3120,130,300,"bu","09:29:27",265000
3120,130,300,"bu","09:29:27",264700
3120,130,3500,"bu","09:29:27",264400
3120,130,4500,"bu","09:29:27",260900
3120,130,11000,"bu","09:29:27",256400
3110,120,1000,"bu","09:29:27",245400
3110,120,100,"bu","09:29:03",244400
3110,120,2600,"sd","09:29:02",244300
3110,120,1200,"sd","09:28:55",241700
3110,120,1000,"sd","09:28:54",240500
3110,120,800,"sd","09:28:54",239500
3110,120,100,"sd","09:28:42",238700
3110,120,100,"sd","09:28:27",238600
3120,130,100,"bu","09:28:10",238500
3110,120,700,"bu","09:28:10",238400
3110,120,100,"sd","09:28:03",237700
3110,120,200,"sd","09:28:03",237600
3110,120,100,"sd","09:27:57",237400
3110,120,900,"sd","09:27:57",237300
3120,130,500,"bu","09:27:52",236400
3110,120,300,"sd","09:27:49",235900
3120,130,500,"bu","09:27:19",235600
3110,120,700,"sd","09:27:17",235100
3110,120,5800,"bu","09:27:15",234400
3110,120,600,"bu","09:27:15",228600
3110,120,2500,"bu","09:27:15",228000
3110,120,5000,"sd","09:27:07",225500
3110,120,1000,"sd","09:27:07",220500
3110,120,800,"sd","09:27:07",219500
3110,120,500,"sd","09:27:07",218700
3110,120,200,"sd","09:27:07",218200
3110,120,200,"sd","09:27:06",218000
3110,120,2300,"sd","09:27:06",217800
3120,130,1900,"sd","09:26:40",215500
3120,130,1000,"sd","09:26:40",213600
3120,130,600,"sd","09:26:26",212600
3120,130,3000,"sd","09:26:18",212000
3120,130,5500,"sd","09:25:59",209000
3120,130,300,"bu","09:25:36",203500
3120,130,700,"sd","09:25:29",203200
3110,120,600,"sd","09:25:13",202500
3120,130,1900,"sd","09:25:13",201900
3120,130,400,"sd","09:24:51",200000
3120,130,700,"sd","09:24:49",199600
3120,130,100,"bu","09:24:49",198900
3120,130,2300,"bu","09:24:49",198800
3120,130,1000,"bu","09:24:49",196500
3120,130,100,"bu","09:24:49",195500
3120,130,10000,"bu","09:24:49",195400
3120,130,1000,"bu","09:24:49",185400
3120,130,1000,"bu","09:24:49",184400
3120,130,1000,"bu","09:24:49",183400
3120,130,100,"bu","09:24:49",182400
3120,130,400,"bu","09:24:49",182300
3110,120,2000,"sd","09:24:42",181900
3120,130,100,"bu","09:24:39",179900
3110,120,800,"sd","09:24:21",179800
3110,120,1000,"sd","09:23:20",179000
3110,120,3000,"sd","09:23:13",178000
3110,120,3000,"bu","09:23:05",175000
3110,120,500,"bu","09:23:05",172000
3110,120,1000,"bu","09:23:05",171500
3110,120,5300,"bu","09:23:05",170500
3110,120,100,"bu","09:23:02",165200
3110,120,2000,"bu","09:22:38",165100
3100,110,100,"sd","09:22:34",163100
3100,110,300,"sd","09:22:34",163000
3100,110,2600,"sd","09:22:34",162700
3100,110,1000,"sd","09:22:25",160100
3100,110,1000,"sd","09:22:18",159100
3110,120,2600,"bu","09:21:47",158100
3110,120,100,"bu","09:21:47",155500
3110,120,3000,"bu","09:21:47",155400
3110,120,5000,"bu","09:21:47",152400
3110,120,100,"bu","09:21:47",147400
3110,120,2200,"bu","09:21:47",147300
3110,120,800,"bu","09:20:56",145100
3120,130,500,"bu","09:19:56",144300
3100,110,1300,"sd","09:19:34",143800
3110,120,1300,"sd","09:19:34",142500
3110,120,5000,"sd","09:19:33",141200
3110,120,1000,"sd","09:19:32",136200
3110,120,100,"sd","09:19:26",135200
3110,120,1000,"bu","09:19:22",135100
3110,120,1600,"bu","09:19:22",134100
3110,120,1000,"bu","09:19:20",132500
3110,120,200,"bu","09:19:20",131500
3110,120,1200,"bu","09:19:05",131300
3110,120,300,"sd","09:19:02",130100
3110,120,700,"sd","09:19:02",129800
3110,120,100,"sd","09:18:53",129100
3120,130,1000,"sd","09:18:42",129000
3130,140,800,"bu","09:18:35",128000
3130,140,200,"bu","09:18:35",127200
3130,140,500,"sd","09:18:01",127000
3130,140,1000,"sd","09:17:59",126500
3130,140,2000,"sd","09:17:59",125500
3130,140,2000,"sd","09:17:47",123500
3140,150,600,"bu","09:17:45",121500
3130,140,100,"sd","09:17:43",120900
3130,140,1000,"sd","09:17:33",120800
3130,140,100,"sd","09:17:29",119800
3130,140,16700,"sd","09:17:21",119700
3130,140,500,"bu","09:17:00",103000
3130,140,7600,"bu","09:17:00",102500
3130,140,2000,"bu","09:16:57",94900
3130,140,900,"bu","09:16:54",92900
3110,120,1200,"sd","09:16:52",92000
3110,120,100,"sd","09:16:52",90800
3110,120,500,"sd","09:16:52",90700
3120,130,100,"sd","09:16:52",90200
3130,140,1900,"bu","09:16:46",90100
3120,130,200,"bu","09:16:46",88200
3120,130,3400,"bu","09:16:46",88000
3130,140,9500,"bu","09:16:46",84600
3120,130,1000,"bu","09:16:45",75100
3120,130,600,"bu","09:16:43",74100
3110,120,500,"sd","09:16:29",73500
3110,120,2000,"sd","09:16:27",73000
3110,120,100,"bu","09:16:26",71000
3100,110,4000,"sd","09:16:24",70900
3100,110,3600,"bu","09:16:11",66900
3100,110,14800,"bu","09:16:11",63300
3100,110,1200,"bu","09:16:11",48500
3100,110,300,"bu","09:16:11",47300
3100,110,13000,"bu","09:16:11",47000
3100,110,1000,"bu","09:16:11",34000
3100,110,1000,"bu","09:16:11",33000
3100,110,2000,"bu","09:16:11",32000
3100,110,500,"bu","09:16:11",30000
3100,110,2000,"bu","09:16:11",29500
3090,100,500,"bu","09:16:11",27500
3080,90,100,"bu","09:16:11",27000
3080,90,100,"bu","09:16:11",26900
3080,90,2000,"bu","09:15:53",26800
3070,80,100,"bu","09:15:23",24800
3070,80,500,"bu","09:15:23",24700
3060,70,100,"sd","09:15:12",24200
3060,70,1000,"bu","09:15:07",24100
3050,60,23100,"sd","09:15:00",23100
