"price","change","match_qtty","side","time","total_vol"
3200,60,5700,"bu","14:45:04",312400
3200,60,15700,"bu","14:29:37",306700
3200,60,6200,"bu","14:29:37",291000
3190,50,100,"bu","14:29:37",284800
3190,50,2900,"bu","14:29:19",284700
3190,50,1000,"bu","14:29:19",281800
3190,50,5000,"bu","14:29:19",280800
3190,50,2000,"bu","14:29:19",275800
3190,50,1100,"bu","14:29:19",273800
3190,50,800,"bu","14:28:41",272700
3170,30,2000,"sd","14:28:35",271900
3190,50,100,"bu","14:28:29",269900
3190,50,100,"bu","14:28:29",269800
3190,50,300,"bu","14:28:29",269700
3190,50,500,"bu","14:28:29",269400
3190,50,100,"bu","14:24:50",268900
3140,0,4600,"sd","14:24:48",268800
3140,0,500,"sd","14:24:48",264200
3150,10,500,"bu","14:24:40",263700
3150,10,300,"bu","14:24:35",263200
3150,10,500,"bu","14:24:06",262900
3150,10,500,"bu","14:23:50",262400
3150,10,500,"bu","14:23:29",261900
3150,10,500,"bu","14:22:49",261400
3150,10,1000,"bu","14:22:45",260900
3150,10,500,"bu","14:22:29",259900
3150,10,500,"sd","14:22:06",259400
3150,10,200,"sd","14:22:06",258900
3150,10,100,"sd","14:22:06",258700
3160,20,300,"sd","14:21:53",258600
3160,20,1000,"sd","14:21:53",258300
3160,20,400,"sd","14:21:53",257300
3170,30,500,"bu","14:21:17",256900
3170,30,100,"sd","14:21:03",256400
3170,30,300,"bu","14:20:56",256300
3160,20,1000,"sd","14:20:30",256000
3160,20,600,"sd","14:20:20",255000
3170,30,4900,"sd","14:18:18",254400
3180,40,2000,"sd","14:18:18",249500
3180,40,900,"sd","14:18:18",247500
3180,40,6300,"sd","14:18:18",246600
3170,30,900,"sd","14:18:18",240300
3170,30,100,"sd","14:18:18",239400
3170,30,100,"sd","14:18:18",239300
3170,30,100,"sd","14:18:18",239200
3170,30,100,"sd","14:18:18",239100
3180,40,3200,"sd","14:18:08",239000
3190,50,200,"bu","14:14:52",235800
3190,50,300,"bu","14:12:45",235600
3190,50,500,"bu","14:12:32",235300
3190,50,400,"bu","14:09:32",234800
3190,50,100,"bu","14:09:32",234400
3190,50,500,"sd","14:06:25",234300
3190,50,500,"sd","14:05:59",233800
3190,50,1500,"sd","14:05:08",233300
3190,50,1000,"sd","14:05:08",231800
3190,50,1000,"sd","14:05:07",230800
3190,50,500,"sd","14:05:07",229800
3190,50,500,"sd","14:04:31",229300
3190,50,1000,"sd","14:03:43",228800
3200,60,1000,"bu","14:00:44",227800
3200,60,1000,"bu","13:57:24",226800
3200,60,1000,"bu","13:56:27",225800
3200,60,5000,"bu","13:55:16",224800
3200,60,100,"bu","13:54:37",219800
3190,50,200,"bu","13:54:37",219700
3190,50,300,"sd","13:53:36",219500
3200,60,17100,"bu","13:53:10",219200
3200,60,1900,"bu","13:53:10",202100
3200,60,100,"bu","13:52:55",200200
3190,50,100,"bu","13:51:35",200100
3190,50,300,"bu","13:51:35",200000
3190,50,200,"bu","13:50:34",199700
3190,50,200,"bu","13:50:34",199500
3190,50,1600,"bu","13:50:34",199300
3190,50,3000,"bu","13:50:10",197700
3190,50,300,"bu","13:50:01",194700
3190,50,100,"bu","13:49:04",194400
3200,60,6000,"bu","13:43:41",194300
3200,60,200,"bu","13:43:41",188300
3200,60,5600,"bu","13:43:41",188100
3200,60,100,"bu","13:43:41",182500
3200,60,1000,"bu","13:43:41",182400
3200,60,100,"bu","13:43:41",181400
3200,60,200,"bu","13:43:41",181300
3190,50,400,"bu","13:43:41",181100
3190,50,5000,"bu","13:43:41",180700
3190,50,1000,"bu","13:43:41",175700
3190,50,700,"bu","13:43:41",174700
3190,50,100,"bu","13:41:25",174000
3190,50,4200,"sd","13:41:04",173900
3190,50,500,"bu","13:40:16",169700
3190,50,4000,"bu","13:40:16",169200
3190,50,1300,"bu","13:40:16",165200
3190,50,2000,"bu","13:37:25",163900
3190,50,1700,"sd","13:34:58",161900
3190,50,100,"bu","13:30:58",160200
3180,40,500,"sd","13:29:30",160100
3190,50,400,"bu","13:29:21",159600
3190,50,100,"bu","13:25:55",159200
3170,30,5100,"sd","13:24:55",159100
3170,30,100,"sd","13:24:55",154000
3170,30,1000,"sd","13:24:55",153900
3170,30,200,"sd","13:24:55",152900
3170,30,2100,"sd","13:24:55",152700
3170,30,100,"sd","13:18:04",150600
3180,40,100,"sd","13:16:15",150500
3170,30,600,"sd","13:07:07",150400
3180,40,200,"sd","13:06:22",149800
3170,30,100,"sd","13:02:40",149600
3170,30,500,"sd","13:00:38",149500
3190,50,500,"bu","13:00:13",149000
3190,50,500,"bu","13:00:13",148500
3190,50,100,"bu","13:00:00",148000
3190,50,2000,"bu","12:59:59",147900
3190,50,400,"bu","11:24:03",145900
3190,50,100,"bu","11:24:03",145500
3190,50,1300,"bu","11:18:36",145400
3190,50,500,"bu","11:18:36",144100
3190,50,100,"bu","11:17:07",143600
3170,30,2000,"bu","11:16:38",143500
3170,30,200,"bu","11:16:32",141500
3170,30,1000,"bu","11:15:52",141300
3170,30,1000,"bu","11:15:11",140300
3170,30,1000,"bu","11:14:50",139300
3170,30,1000,"bu","11:14:50",138300
3170,30,300,"sd","11:08:33",137300
3170,30,300,"sd","11:06:07",137000
3170,30,100,"sd","11:06:07",136700
3180,40,800,"bu","11:04:41",136600
3180,40,3000,"sd","10:57:51",135800
3180,40,300,"sd","10:57:51",132800
3180,40,100,"sd","10:57:51",132500
3180,40,500,"sd","10:57:51",132400
3190,50,100,"sd","10:57:05",131900
3190,50,300,"sd","10:57:05",131800
3190,50,200,"sd","10:57:05",131500
3190,50,100,"sd","10:51:12",131300
3190,50,2600,"sd","10:49:43",131200
3190,50,2300,"sd","10:49:43",128600
3190,50,1100,"sd","10:49:43",126300
3200,60,100,"sd","10:48:27",125200
3210,70,2100,"bu","10:34:33",125100
3190,50,100,"sd","10:34:26",123000
3210,70,100,"sd","10:32:13",122900
3210,70,1900,"sd","10:31:42",122800
3210,70,1600,"sd","10:31:42",120900
3210,70,100,"sd","10:26:49",119300
3210,70,100,"bu","10:26:12",119200
3210,70,1000,"bu","10:26:12",119100
3210,70,900,"bu","10:26:12",118100
3210,70,300,"bu","10:25:49",117200
3210,70,3300,"bu","10:25:47",116900
3200,60,100,"sd","10:24:48",113600
3200,60,1000,"sd","10:24:48",113500
3190,50,800,"sd","10:22:37",112500
3200,60,200,"unknown","10:22:37",111700
3200,60,100,"sd","10:22:12",111500
3200,60,900,"sd","10:21:35",111400
3200,60,1000,"sd","10:20:55",110500
3200,60,1000,"sd","10:20:34",109500
3200,60,800,"sd","10:19:56",108500
3210,70,500,"bu","10:19:55",107700
3210,70,200,"bu","10:19:55",107200
3200,60,5100,"sd","10:19:50",107000
3210,70,500,"bu","10:19:17",101900
3210,70,500,"bu","10:18:42",101400
3200,60,3200,"bu","10:18:25",100900
3200,60,10000,"bu","10:18:25",97700
3200,60,2000,"bu","10:18:25",87700
3200,60,600,"bu","10:18:25",85700
3200,60,100,"bu","10:18:25",85100
3200,60,5800,"bu","10:18:25",85000
3200,60,400,"bu","10:18:25",79200
3200,60,100,"bu","10:18:25",78800
3200,60,4700,"bu","10:18:25",78700
3200,60,8300,"bu","10:17:30",74000
3200,60,100,"bu","10:17:30",65700
3200,60,2000,"bu","10:17:30",65600
3200,60,600,"bu","10:17:30",63600
3200,60,1400,"bu","10:16:18",63000
3200,60,400,"bu","10:16:18",61600
3190,50,1000,"bu","10:15:52",61200
3190,50,1100,"bu","10:15:52",60200
3190,50,1000,"bu","10:15:52",59100
3190,50,1000,"bu","10:15:52",58100
3190,50,500,"bu","10:14:30",57100
3190,50,500,"bu","10:14:30",56600
3190,50,600,"bu","10:14:30",56100
3190,50,100,"bu","10:09:51",55500
3190,50,200,"sd","10:05:47",55400
3190,50,1800,"sd","10:05:19",55200
3190,50,3000,"sd","10:05:19",53400
3190,50,200,"sd","10:05:19",50400
3200,60,100,"bu","10:03:27",50200
3190,50,600,"sd","10:01:18",50100
3180,40,800,"sd","09:58:11",49500
3180,40,100,"sd","09:58:11",48700
3180,40,100,"sd","09:58:11",48600
3180,40,100,"sd","09:58:02",48500
3180,40,4900,"sd","09:58:02",48400
3180,40,100,"sd","09:53:18",43500
3180,40,300,"bu","09:51:43",43400
3180,40,100,"bu","09:51:43",43100
3180,40,400,"bu","09:51:43",43000
3180,40,1000,"bu","09:47:33",42600
3180,40,1000,"bu","09:47:12",41600
3180,40,8700,"bu","09:46:44",40600
3180,40,2000,"bu","09:46:44",31900
3170,30,4300,"bu","09:45:56",29900
3170,30,500,"bu","09:45:56",25600
3160,20,100,"sd","09:45:01",25100
3160,20,1100,"bu","09:44:28",25000
3160,20,900,"bu","09:44:28",23900
3160,20,100,"bu","09:43:50",23000
3140,0,100,"sd","09:43:46",22900
3140,0,200,"sd","09:42:09",22800
3140,0,1000,"sd","09:41:19",22600
3140,0,200,"bu","09:39:44",21600
3140,0,100,"bu","09:39:41",21400
3140,0,2100,"bu","09:39:41",21300
3140,0,1000,"bu","09:39:05",19200
3140,0,1000,"bu","09:37:53",18200
3140,0,500,"sd","09:34:06",17200
3140,0,300,"sd","09:34:06",16700
3140,0,100,"sd","09:34:06",16400
3140,0,700,"sd","09:33:55",16300
3140,0,100,"bu","09:31:16",15600
3140,0,2900,"bu","09:29:57",15500
3140,0,2000,"sd","09:26:38",12600
3140,0,100,"sd","09:26:38",10600
3140,0,700,"sd","09:24:29",10500
3140,0,200,"sd","09:24:29",9800
3140,0,100,"sd","09:24:29",9600
3140,0,300,"bu","09:19:14",9500
3140,0,100,"sd","09:19:00",9200
3170,30,800,"bu","09:17:03",9100
3170,30,1000,"bu","09:17:03",8300
3170,30,200,"bu","09:17:03",7300
3140,0,1000,"bu","09:15:32",7100
3140,0,100,"bu","09:15:32",6100
3120,-20,6000,"sd","09:15:00",6000
