"price","change","match_qtty","side","time","total_vol"
20100,-300,1300,"sd","14:59:58",6975000
20200,-200,500,"bu","14:59:48",6973700
20200,-200,50000,"bu","14:59:45",6973200
20200,-200,100,"bu","14:59:44",6923200
20100,-300,2000,"sd","14:59:39",6923100
20100,-300,200,"sd","14:59:24",6921100
20200,-200,5000,"bu","14:59:19",6920900
20200,-200,3300,"bu","14:59:16",6915900
20200,-200,200,"bu","14:59:10",6912600
20200,-200,100,"bu","14:58:56",6912400
20100,-300,200,"sd","14:58:36",6912300
20100,-300,1000,"sd","14:58:27",6912100
20100,-300,500,"sd","14:58:15",6911100
20100,-300,1000,"sd","14:58:04",6910600
20100,-300,2800,"sd","14:58:03",6909600
20100,-300,200,"sd","14:57:52",6906800
20100,-300,500,"bu","14:57:37",6906600
20100,-300,7200,"sd","14:57:36",6906100
20100,-300,8000,"sd","14:57:21",6898900
20100,-300,500,"sd","14:57:20",6890900
20100,-300,2200,"sd","14:57:18",6890400
20100,-300,20000,"sd","14:57:17",6888200
20100,-300,500,"sd","14:57:14",6868200
20100,-300,10000,"sd","14:57:07",6867700
20100,-300,500,"sd","14:56:48",6857700
20100,-300,600,"sd","14:56:43",6857200
20100,-300,35000,"sd","14:56:33",6856600
20100,-300,200,"sd","14:56:32",6821600
20100,-300,1000,"sd","14:53:52",6821400
20100,-300,300,"sd","14:52:35",6820400
20100,-300,2100,"bu","14:52:31",6820100
20100,-300,30000,"bu","14:52:30",6818000
20100,-300,100,"bu","14:52:21",6788000
20100,-300,3000,"bu","14:52:20",6787900
20100,-300,10000,"bu","14:52:19",6784900
20100,-300,20000,"bu","14:52:16",6774900
20100,-300,400,"bu","14:52:11",6754900
20100,-300,9200,"bu","14:52:08",6754500
20100,-300,100,"bu","14:52:05",6745300
20000,-400,10500,"sd","14:52:04",6745200
20100,-300,20000,"bu","14:52:02",6734700
20100,-300,1000,"bu","14:51:58",6714700
20100,-300,2000,"bu","14:51:51",6713700
20100,-300,300,"bu","14:51:49",6711700
20100,-300,10000,"bu","14:51:47",6711400
20000,-400,100,"sd","14:51:28",6701400
20100,-300,100,"bu","14:50:38",6701300
20000,-400,200,"sd","14:50:35",6701200
20100,-300,3000,"bu","14:50:31",6701000
20000,-400,300,"sd","14:50:18",6698000
20100,-300,15000,"bu","14:50:13",6697700
20000,-400,20000,"sd","14:50:10",6682700
20100,-300,15000,"bu","14:50:02",6662700
20100,-300,1000,"bu","14:49:42",6647700
20000,-400,10000,"sd","14:49:36",6646700
20100,-300,3000,"bu","14:49:26",6636700
20100,-300,2000,"bu","14:49:19",6633700
20100,-300,15000,"bu","14:49:14",6631700
20100,-300,1000,"bu","14:49:02",6616700
20000,-400,100,"sd","14:48:36",6615700
20000,-400,200,"sd","14:47:57",6615600
20100,-300,100,"bu","14:47:48",6615400
20100,-300,700,"bu","14:47:44",6615300
20100,-300,1000,"bu","14:47:39",6614600
20100,-300,2000,"bu","14:47:31",6613600
20100,-300,15000,"bu","14:47:30",6611600
20100,-300,200,"bu","14:47:18",6596600
20100,-300,1000,"bu","14:47:09",6596400
20000,-400,500,"sd","14:46:59",6595400
20100,-300,1000,"bu","14:46:54",6594900
20000,-400,500,"sd","14:46:15",6593900
20100,-300,2000,"bu","14:46:08",6593400
20100,-300,100,"bu","14:45:49",6591400
20100,-300,5500,"bu","14:45:47",6591300
20100,-300,100,"bu","14:45:43",6585800
20100,-300,700,"bu","14:45:35",6585700
20100,-300,200,"bu","14:45:23",6585000
20100,-300,4900,"bu","14:45:12",6584800
20100,-300,2000,"bu","14:45:09",6579900
20100,-300,12800,"bu","14:44:42",6577900
20100,-300,100,"bu","14:44:30",6565100
20100,-300,5000,"bu","14:44:10",6565000
20100,-300,500,"bu","14:43:21",6560000
20100,-300,100,"bu","14:42:36",6559500
20100,-300,3000,"bu","14:42:29",6559400
20000,-400,5000,"sd","14:42:14",6556400
20000,-400,100,"sd","14:41:05",6551400
20100,-300,3000,"bu","14:41:00",6551300
20100,-300,100,"bu","14:40:41",6548300
20100,-300,5000,"bu","14:40:10",6548200
20000,-400,1000,"sd","14:39:37",6543200
20000,-400,800,"sd","14:39:33",6542200
20000,-400,1000,"sd","14:39:23",6541400
20000,-400,2200,"sd","14:38:53",6540400
20000,-400,9800,"sd","14:38:50",6538200
20100,-300,5000,"bu","14:38:39",6528400
20000,-400,500,"sd","14:38:35",6523400
20000,-400,200,"sd","14:38:20",6522900
20100,-300,500,"bu","14:38:12",6522700
20000,-400,1000,"sd","14:37:08",6522200
20000,-400,200,"sd","14:37:05",6521200
20000,-400,200,"sd","14:36:50",6521000
20000,-400,100,"sd","14:36:40",6520800
20000,-400,4000,"sd","14:34:36",6520700
20100,-300,900,"bu","14:34:07",6516700
20000,-400,100,"sd","14:33:22",6515800
20000,-400,100,"sd","14:32:45",6515700
20100,-300,4000,"bu","14:32:30",6515600
20000,-400,100,"sd","14:32:28",6511600
20100,-300,700,"bu","14:32:21",6511500
20100,-300,5000,"bu","14:32:16",6510800
20100,-300,2000,"bu","14:31:51",6505800
20000,-400,20000,"sd","14:31:32",6503800
20100,-300,400,"bu","14:31:13",6483800
20100,-300,2900,"bu","14:30:58",6483400
20100,-300,600,"bu","14:30:38",6480500
20100,-300,1000,"bu","14:30:32",6479900
20100,-300,2000,"bu","14:30:31",6478900
20100,-300,4300,"bu","14:30:25",6476900
20000,-400,4000,"sd","14:30:21",6472600
20100,-300,2000,"bu","14:30:18",6468600
20000,-400,600,"sd","14:30:10",6466600
20100,-300,500,"bu","14:29:54",6466000
20000,-400,1000,"sd","14:29:47",6465500
20100,-300,800,"bu","14:29:45",6464500
20000,-400,12000,"sd","14:29:44",6463700
20000,-400,9000,"sd","14:29:36",6451700
20000,-400,1000,"sd","14:29:35",6442700
20000,-400,400,"sd","14:29:24",6441700
20100,-300,1000,"bu","14:29:22",6441300
20000,-400,600,"sd","14:29:16",6440300
20000,-400,1500,"sd","14:29:01",6439700
20000,-400,1500,"sd","14:28:56",6438200
20000,-400,2000,"sd","14:28:50",6436700
20100,-300,300,"bu","14:28:29",6434700
20000,-400,500,"sd","14:28:28",6434400
20100,-300,800,"bu","14:28:27",6433900
20100,-300,300,"bu","14:28:19",6433100
20100,-300,100,"bu","14:27:54",6432800
20100,-300,2000,"bu","14:27:40",6432700
20100,-300,300,"bu","14:27:32",6430700
20100,-300,500,"bu","14:27:22",6430400
20100,-300,100,"bu","14:27:13",6429900
20100,-300,200,"bu","14:27:02",6429800
20100,-300,2000,"bu","14:26:42",6429600
20100,-300,100,"bu","14:26:04",6427600
20100,-300,1000,"bu","14:25:51",6427500
20100,-300,1000,"bu","14:25:43",6426500
20100,-300,500,"bu","14:25:37",6425500
20100,-300,1000,"bu","14:25:30",6425000
20100,-300,2000,"bu","14:25:19",6424000
20000,-400,200,"sd","14:25:00",6422000
20000,-400,100,"sd","14:24:30",6421800
20100,-300,5000,"bu","14:24:08",6421700
20100,-300,600,"bu","14:24:04",6416700
20100,-300,600,"bu","14:24:03",6416100
20100,-300,100,"bu","14:23:44",6415500
20100,-300,500,"bu","14:23:25",6415400
20000,-400,5000,"sd","14:23:22",6414900
20000,-400,5000,"sd","14:23:18",6409900
20000,-400,1300,"sd","14:22:51",6404900
20000,-400,300,"sd","14:22:38",6403600
20000,-400,800,"sd","14:22:37",6403300
20000,-400,1000,"sd","14:22:13",6402500
20000,-400,1000,"sd","14:22:11",6401500
20100,-300,13200,"bu","14:22:03",6400500
20000,-400,1100,"sd","14:21:45",6387300
20100,-300,7300,"bu","14:21:43",6386200
20000,-400,5000,"sd","14:21:24",6378900
20000,-400,300,"sd","14:20:57",6373900
20100,-300,300,"bu","14:20:41",6373600
20100,-300,1000,"bu","14:20:33",6373300
20100,-300,500,"bu","14:20:11",6372300
20100,-300,7000,"bu","14:19:32",6371800
20100,-300,500,"bu","14:19:22",6364800
20000,-400,200,"sd","14:19:21",6364300
20100,-300,1000,"bu","14:18:56",6364100
20000,-400,3000,"sd","14:18:55",6363100
20100,-300,400,"bu","14:18:46",6360100
20100,-300,800,"bu","14:18:36",6359700
20000,-400,4000,"sd","14:18:30",6358900
20100,-300,2000,"bu","14:17:24",6354900
20100,-300,45000,"bu","14:17:06",6352900
20100,-300,100,"bu","14:16:26",6307900
20100,-300,200,"bu","14:16:22",6307800
20100,-300,200,"bu","14:15:33",6307600
20100,-300,300,"bu","14:14:52",6307400
20000,-400,2500,"sd","14:14:51",6307100
20000,-400,60000,"sd","14:14:04",6304600
20000,-400,1000,"sd","14:13:56",6244600
20000,-400,5000,"sd","14:13:46",6243600
20000,-400,100,"sd","14:13:45",6238600
20000,-400,10000,"sd","14:13:26",6238500
20000,-400,200,"sd","14:13:19",6228500
20000,-400,3000,"sd","14:13:04",6228300
20000,-400,400,"sd","14:12:56",6225300
20100,-300,500,"bu","14:12:52",6224900
20000,-400,3000,"sd","14:12:51",6224400
20000,-400,15000,"sd","14:12:46",6221400
20000,-400,10000,"sd","14:12:40",6206400
20000,-400,1800,"sd","14:11:50",6196400
20000,-400,100,"sd","14:11:36",6194600
20100,-300,200,"bu","14:10:50",6194500
20100,-300,500,"bu","14:10:17",6194300
20100,-300,20000,"bu","14:10:15",6193800
20100,-300,3400,"sd","14:10:09",6173800
20100,-300,1000,"sd","14:10:01",6170400
20100,-300,5100,"sd","14:09:59",6169400
20100,-300,2000,"sd","14:09:48",6164300
20100,-300,13000,"sd","14:09:29",6162300
20100,-300,7100,"sd","14:09:27",6149300
20100,-300,3000,"sd","14:09:21",6142200
20100,-300,500,"sd","14:09:05",6139200
20100,-300,600,"sd","14:09:03",6138700
20100,-300,300,"bu","14:09:00",6138100
20100,-300,4700,"bu","14:08:48",6137800
20100,-300,1600,"bu","14:08:47",6133100
20100,-300,10000,"bu","14:08:46",6131500
20100,-300,5000,"bu","14:08:45",6121500
20100,-300,3000,"bu","14:08:43",6116500
20100,-300,500,"bu","14:08:42",6113500
20100,-300,2500,"bu","14:08:41",6113000
20100,-300,100,"bu","14:08:38",6110500
20100,-300,1000,"bu","14:08:37",6110400
20100,-300,500,"bu","14:08:34",6109400
20100,-300,3600,"bu","14:08:33",6108900
20100,-300,5000,"bu","14:08:29",6105300
20100,-300,2000,"bu","14:08:24",6100300
20100,-300,3100,"bu","14:08:22",6098300
20100,-300,15000,"bu","14:08:21",6095200
20100,-300,3500,"bu","14:08:19",6080200
20100,-300,1000,"bu","14:08:18",6076700
20100,-300,5000,"bu","14:08:16",6075700
20100,-300,12100,"bu","14:08:13",6070700
20100,-300,1000,"bu","14:08:12",6058600
20100,-300,3300,"bu","14:08:11",6057600
20100,-300,300,"bu","14:08:09",6054300
20100,-300,1000,"bu","14:08:08",6054000
20100,-300,100,"bu","14:08:06",6053000
20100,-300,10000,"bu","14:08:02",6052900
20100,-300,600,"bu","14:08:01",6042900
20100,-300,1200,"bu","14:07:57",6042300
20100,-300,10300,"bu","14:07:54",6041100
20100,-300,8000,"bu","14:07:53",6030800
20100,-300,100,"bu","14:07:50",6022800
20100,-300,900,"bu","14:07:49",6022700
20100,-300,20000,"bu","14:07:46",6021800
20100,-300,500,"bu","14:07:44",6001800
20100,-300,500,"bu","14:07:43",6001300
20100,-300,10000,"bu","14:07:41",6000800
20100,-300,100,"bu","14:07:37",5990800
20100,-300,100,"bu","14:07:36",5990700
20000,-400,3000,"sd","14:07:35",5990600
20100,-300,500,"bu","14:07:29",5987600
20100,-300,800,"bu","14:07:25",5987100
20100,-300,200,"bu","14:07:17",5986300
20000,-400,8700,"sd","14:07:11",5986100
20100,-300,600,"bu","14:07:04",5977400
20100,-300,100,"bu","14:07:01",5976800
20100,-300,1000,"bu","14:06:56",5976700
20100,-300,200,"bu","14:06:55",5975700
20100,-300,1000,"bu","14:06:54",5975500
20100,-300,300,"bu","14:06:49",5974500
20100,-300,400,"bu","14:06:48",5974200
20000,-400,200,"sd","14:05:50",5973800
20000,-400,4000,"sd","14:05:28",5973600
20000,-400,1000,"sd","14:05:00",5969600
20100,-300,1000,"bu","14:04:54",5968600
20100,-300,200,"bu","14:04:40",5967600
20000,-400,2500,"sd","14:04:20",5967400
20100,-300,3000,"bu","14:04:18",5964900
20000,-400,1000,"sd","14:04:11",5961900
20000,-400,500,"sd","14:03:45",5960900
20000,-400,9200,"bu","14:03:26",5960400
20000,-400,100,"bu","14:03:22",5951200
20000,-400,36100,"bu","14:03:21",5951100
20100,-300,100,"bu","14:03:12",5915000
20000,-400,3000,"sd","14:03:00",5914900
20000,-400,200,"sd","14:02:50",5911900
20000,-400,37100,"sd","14:02:19",5911700
20000,-400,100,"bu","14:02:16",5874600
20000,-400,500,"bu","14:02:15",5874500
20000,-400,1000,"bu","14:02:13",5874000
20000,-400,1000,"bu","14:02:11",5873000
20000,-400,500,"bu","14:02:10",5872000
20000,-400,48500,"bu","14:02:07",5871500
20000,-400,1000,"bu","14:02:05",5823000
20000,-400,2000,"bu","14:02:03",5822000
20000,-400,500,"bu","14:01:54",5820000
20000,-400,500,"bu","14:01:53",5819500
20000,-400,5000,"bu","14:01:49",5819000
20000,-400,2600,"bu","14:01:47",5814000
20000,-400,500,"bu","14:01:45",5811400
20000,-400,100,"bu","14:01:43",5810900
20000,-400,5000,"bu","14:01:38",5810800
20000,-400,200,"bu","14:01:37",5805800
20000,-400,500,"bu","14:01:36",5805600
20000,-400,2900,"bu","14:01:03",5805100
20000,-400,500,"bu","14:00:53",5802200
20000,-400,500,"bu","14:00:50",5801700
20000,-400,1000,"bu","14:00:33",5801200
20000,-400,2000,"bu","14:00:32",5800200
20000,-400,100,"bu","14:00:24",5798200
20000,-400,500,"bu","13:59:41",5798100
20000,-400,2000,"bu","13:59:17",5797600
20000,-400,200,"bu","13:59:06",5795600
20000,-400,100,"bu","13:58:46",5795400
20000,-400,3500,"bu","13:58:16",5795300
20000,-400,100,"bu","13:57:51",5791800
20000,-400,1000,"bu","13:57:47",5791700
20000,-400,1000,"bu","13:57:13",5790700
20000,-400,500,"bu","13:57:04",5789700
19900,-500,2000,"sd","13:56:54",5789200
19900,-500,1300,"sd","13:56:50",5787200
19900,-500,3000,"sd","13:56:48",5785900
19900,-500,1200,"sd","13:56:29",5782900
20000,-400,300,"bu","13:56:24",5781700
20000,-400,100,"bu","13:56:01",5781400
20000,-400,500,"bu","13:55:55",5781300
20000,-400,3000,"bu","13:55:50",5780800
20000,-400,300,"bu","13:55:49",5777800
20000,-400,500,"bu","13:55:44",5777500
20000,-400,9000,"bu","13:55:39",5777000
20000,-400,5000,"bu","13:55:22",5768000
20000,-400,100,"bu","13:55:18",5763000
20000,-400,3000,"bu","13:55:14",5762900
20000,-400,1000,"bu","13:55:13",5759900
20000,-400,1000,"bu","13:55:10",5758900
20000,-400,100,"bu","13:55:06",5757900
20000,-400,112000,"bu","13:54:59",5757800
20000,-400,100,"bu","13:54:51",5645800
20000,-400,200,"bu","13:54:46",5645700
20000,-400,100,"bu","13:54:34",5645500
20000,-400,700,"bu","13:54:30",5645400
20000,-400,300,"bu","13:54:06",5644700
20000,-400,200,"bu","13:54:01",5644400
20000,-400,100,"bu","13:53:46",5644200
20000,-400,1200,"bu","13:53:36",5644100
20000,-400,5000,"bu","13:53:29",5642900
20000,-400,100,"bu","13:53:17",5637900
20000,-400,1000,"bu","13:53:14",5637800
20000,-400,7800,"bu","13:52:55",5636800
20000,-400,1000,"bu","13:52:46",5629000
20000,-400,500,"bu","13:52:30",5628000
20000,-400,1000,"bu","13:52:22",5627500
20000,-400,5000,"bu","13:52:20",5626500
20000,-400,3600,"bu","13:52:17",5621500
20000,-400,1000,"bu","13:52:16",5617900
20000,-400,300,"bu","13:52:12",5616900
20000,-400,17500,"bu","13:52:05",5616600
20000,-400,1000,"bu","13:51:56",5599100
20000,-400,1000,"bu","13:51:26",5598100
20000,-400,100,"bu","13:51:20",5597100
19900,-500,1000,"sd","13:50:34",5597000
19900,-500,100,"sd","13:50:30",5596000
19900,-500,2000,"sd","13:50:29",5595900
20000,-400,100,"bu","13:50:25",5593900
19900,-500,1000,"sd","13:50:12",5593800
20000,-400,5000,"bu","13:49:35",5592800
20000,-400,1000,"bu","13:49:27",5587800
20000,-400,600,"bu","13:49:15",5586800
20000,-400,4700,"sd","13:49:14",5586200
20000,-400,5000,"sd","13:49:13",5581500
20000,-400,10000,"sd","13:49:12",5576500
20000,-400,2000,"sd","13:49:02",5566500
20000,-400,3500,"sd","13:48:56",5564500
20100,-300,500,"bu","13:48:55",5561000
20000,-400,1300,"sd","13:48:46",5560500
20000,-400,40000,"sd","13:48:35",5559200
20000,-400,500,"sd","13:48:33",5519200
20100,-300,400,"bu","13:48:26",5518700
20000,-400,500,"sd","13:48:25",5518300
20100,-300,100,"bu","13:47:26",5517800
20000,-400,1000,"sd","13:47:23",5517700
20100,-300,1000,"bu","13:47:14",5516700
20100,-300,100,"bu","13:47:03",5515700
20100,-300,100,"bu","13:46:41",5515600
20100,-300,1000,"bu","13:45:54",5515500
20000,-400,2000,"sd","13:45:48",5514500
20100,-300,200,"bu","13:44:51",5512500
20100,-300,9000,"bu","13:44:42",5512300
20100,-300,1600,"bu","13:44:31",5503300
20100,-300,100,"bu","13:44:02",5501700
20000,-400,10000,"sd","13:43:54",5501600
20100,-300,100,"bu","13:43:53",5491600
20000,-400,2500,"sd","13:43:43",5491500
20000,-400,2300,"sd","13:43:41",5489000
20000,-400,2000,"bu","13:43:37",5486700
20000,-400,50000,"bu","13:43:34",5484700
20000,-400,1000,"bu","13:43:29",5434700
20000,-400,100,"bu","13:43:26",5433700
20000,-400,200,"bu","13:43:23",5433600
20000,-400,1000,"bu","13:43:20",5433400
20000,-400,30000,"bu","13:43:10",5432400
20000,-400,12000,"bu","13:43:06",5402400
20000,-400,1000,"bu","13:42:51",5390400
20000,-400,10000,"bu","13:42:39",5389400
20000,-400,2800,"bu","13:42:38",5379400
20000,-400,500,"bu","13:42:16",5376600
20000,-400,100,"bu","13:41:46",5376100
20000,-400,1000,"bu","13:41:39",5376000
19900,-500,1000,"sd","13:41:32",5375000
19900,-500,800,"sd","13:41:09",5374000
19900,-500,10000,"sd","13:40:14",5373200
20000,-400,100,"bu","13:40:10",5363200
19900,-500,3000,"sd","13:40:06",5363100
20000,-400,3000,"bu","13:39:54",5360100
19900,-500,500,"sd","13:39:49",5357100
20000,-400,200,"bu","13:39:22",5356600
20000,-400,9000,"bu","13:39:10",5356400
20000,-400,100,"bu","13:39:08",5347400
20000,-400,1000,"bu","13:39:07",5347300
20000,-400,1500,"bu","13:39:06",5346300
20000,-400,5000,"bu","13:39:01",5344800
20000,-400,1000,"bu","13:38:55",5339800
20000,-400,100,"bu","13:38:51",5338800
20000,-400,200,"bu","13:38:46",5338700
20000,-400,200,"bu","13:38:43",5338500
20000,-400,5000,"bu","13:38:41",5338300
20000,-400,100,"bu","13:38:24",5333300
20000,-400,100,"bu","13:38:18",5333200
20000,-400,100,"bu","13:38:15",5333100
20000,-400,100,"bu","13:38:09",5333000
20000,-400,2000,"bu","13:37:36",5332900
20000,-400,31400,"bu","13:37:29",5330900
20000,-400,20000,"sd","13:37:27",5299500
20000,-400,10000,"sd","13:37:25",5279500
20000,-400,10000,"sd","13:37:24",5269500
20000,-400,500,"sd","13:37:22",5259500
20000,-400,2800,"sd","13:37:20",5259000
20000,-400,1000,"sd","13:37:19",5256200
20000,-400,1000,"sd","13:37:18",5255200
20000,-400,3000,"sd","13:37:15",5254200
20000,-400,10000,"sd","13:37:06",5251200
20000,-400,500,"sd","13:37:02",5241200
20100,-300,5500,"bu","13:36:43",5240700
20100,-300,200,"bu","13:36:39",5235200
20100,-300,6000,"bu","13:36:38",5235000
20100,-300,100,"bu","13:36:36",5229000
20100,-300,100,"bu","13:36:35",5228900
20100,-300,1000,"bu","13:36:32",5228800
20100,-300,1800,"bu","13:36:17",5227800
20100,-300,1000,"bu","13:36:16",5226000
20100,-300,100,"bu","13:36:12",5225000
20100,-300,300,"bu","13:36:04",5224900
20100,-300,300,"bu","13:36:01",5224600
20100,-300,600,"bu","13:35:58",5224300
20100,-300,12400,"bu","13:35:45",5223700
20100,-300,100,"bu","13:35:43",5211300
20000,-400,5000,"sd","13:35:39",5211200
20100,-300,300,"bu","13:35:36",5206200
20100,-300,10000,"bu","13:35:29",5205900
20100,-300,200,"bu","13:35:16",5195900
20100,-300,200,"bu","13:35:07",5195700
20100,-300,5000,"bu","13:34:51",5195500
20100,-300,100,"bu","13:34:48",5190500
20100,-300,100,"bu","13:34:46",5190400
20100,-300,100,"bu","13:34:27",5190300
20000,-400,1300,"sd","13:33:27",5190200
20000,-400,1000,"bu","13:33:25",5188900
20000,-400,11000,"bu","13:33:24",5187900
20000,-400,37500,"bu","13:33:22",5176900
20000,-400,10600,"bu","13:33:21",5139400
20000,-400,2000,"bu","13:33:20",5128800
20000,-400,100,"bu","13:33:18",5126800
20000,-400,10100,"bu","13:33:14",5126700
20000,-400,300,"bu","13:33:13",5116600
20000,-400,5000,"bu","13:33:12",5116300
20000,-400,5300,"bu","13:33:11",5111300
20000,-400,1000,"bu","13:33:10",5106000
20000,-400,25000,"bu","13:33:08",5105000
20000,-400,200,"bu","13:33:06",5080000
20000,-400,3200,"bu","13:33:05",5079800
20000,-400,300,"bu","13:33:03",5076600
20000,-400,1000,"bu","13:33:01",5076300
20000,-400,5000,"bu","13:32:57",5075300
20000,-400,15000,"bu","13:32:52",5070300
20000,-400,41000,"bu","13:32:49",5055300
20000,-400,1000,"bu","13:32:44",5014300
20000,-400,300,"bu","13:32:39",5013300
20000,-400,1100,"bu","13:32:35",5013000
20000,-400,300,"bu","13:32:29",5011900
19900,-500,2500,"sd","13:32:25",5011600
20000,-400,1000,"bu","13:32:23",5009100
20000,-400,4000,"bu","13:32:11",5008100
20000,-400,5000,"bu","13:32:09",5004100
20000,-400,5100,"bu","13:32:08",4999100
20000,-400,1500,"bu","13:31:58",4994000
20000,-400,100,"bu","13:31:56",4992500
20000,-400,10000,"bu","13:31:55",4992400
20000,-400,100,"bu","13:31:42",4982400
20000,-400,1000,"bu","13:31:41",4982300
20000,-400,100,"bu","13:31:37",4981300
19900,-500,100,"sd","13:31:35",4981200
20000,-400,500,"bu","13:31:33",4981100
20000,-400,100,"bu","13:31:31",4980600
20000,-400,400,"bu","13:31:10",4980500
20000,-400,2000,"bu","13:31:08",4980100
20000,-400,200,"bu","13:30:57",4978100
19900,-500,3000,"sd","13:30:37",4977900
19900,-500,1000,"sd","13:30:25",4974900
19900,-500,600,"sd","13:29:58",4973900
19900,-500,600,"sd","13:29:17",4973300
20000,-400,1000,"bu","13:29:03",4972700
19900,-500,8500,"sd","13:27:45",4971700
19900,-500,44300,"bu","13:27:30",4963200
19900,-500,500,"bu","13:27:29",4918900
19900,-500,1000,"bu","13:27:28",4918400
19900,-500,100,"bu","13:27:27",4917400
19900,-500,400,"bu","13:27:26",4917300
19900,-500,900,"bu","13:27:25",4916900
19900,-500,500,"bu","13:27:23",4916000
19900,-500,10100,"bu","13:27:22",4915500
19900,-500,500,"bu","13:27:21",4905400
19900,-500,1000,"bu","13:27:18",4904900
19900,-500,10500,"bu","13:27:17",4903900
19900,-500,1000,"bu","13:27:15",4893400
19900,-500,300,"bu","13:27:13",4892400
19900,-500,100,"bu","13:27:12",4892100
19900,-500,1200,"bu","13:27:10",4892000
19900,-500,2100,"bu","13:27:09",4890800
19900,-500,10100,"bu","13:27:08",4888700
19900,-500,500,"bu","13:27:07",4878600
19900,-500,30000,"bu","13:27:02",4878100
19900,-500,400,"bu","13:26:55",4848100
19900,-500,100,"bu","13:26:51",4847700
19900,-500,1000,"bu","13:26:50",4847600
19900,-500,500,"bu","13:26:41",4846600
19900,-500,1000,"bu","13:26:38",4846100
19900,-500,100,"bu","13:26:23",4845100
19900,-500,400,"bu","13:26:15",4845000
19900,-500,3000,"bu","13:26:10",4844600
19900,-500,100,"bu","13:26:04",4841600
19900,-500,100,"bu","13:26:03",4841500
19900,-500,100,"bu","13:25:59",4841400
19900,-500,500,"bu","13:25:57",4841300
19900,-500,3000,"bu","13:25:47",4840800
19900,-500,100,"bu","13:25:46",4837800
19900,-500,200,"bu","13:25:31",4837700
19900,-500,1000,"bu","13:25:28",4837500
19800,-600,500,"sd","13:25:20",4836500
19900,-500,500,"bu","13:25:18",4836000
19900,-500,1000,"bu","13:25:11",4835500
19900,-500,300,"bu","13:24:53",4834500
19900,-500,200,"bu","13:24:51",4834200
19900,-500,700,"bu","13:24:45",4834000
19900,-500,200,"bu","13:24:41",4833300
19900,-500,500,"bu","13:24:36",4833100
19900,-500,5000,"bu","13:24:34",4832600
19900,-500,200,"bu","13:24:31",4827600
19900,-500,1000,"bu","13:24:27",4827400
19900,-500,500,"bu","13:24:19",4826400
19900,-500,4300,"bu","13:23:56",4825900
19900,-500,1600,"bu","13:23:46",4821600
19900,-500,10000,"bu","13:23:35",4820000
19900,-500,100,"bu","13:23:22",4810000
19900,-500,1000,"bu","13:23:09",4809900
19900,-500,500,"bu","13:22:43",4808900
19900,-500,100,"bu","13:22:36",4808400
19900,-500,100,"bu","13:22:12",4808300
19900,-500,500,"bu","13:22:09",4808200
19800,-600,300,"sd","13:22:08",4807700
19900,-500,500,"bu","13:21:40",4807400
19900,-500,2000,"bu","13:21:39",4806900
19900,-500,600,"bu","13:21:35",4804900
19900,-500,300,"bu","13:21:34",4804300
19900,-500,1000,"bu","13:21:30",4804000
19900,-500,200,"bu","13:21:08",4803000
19900,-500,200,"bu","13:21:03",4802800
19900,-500,300,"bu","13:21:02",4802600
19900,-500,10000,"bu","13:20:57",4802300
19900,-500,100,"bu","13:20:45",4792300
19900,-500,200,"bu","13:20:44",4792200
19900,-500,30000,"bu","13:20:35",4792000
19900,-500,4300,"bu","13:20:27",4762000
19900,-500,200,"bu","13:20:20",4757700
19900,-500,1000,"bu","13:20:00",4757500
19900,-500,500,"bu","13:19:53",4756500
19900,-500,2000,"bu","13:19:52",4756000
19900,-500,1000,"bu","13:19:47",4754000
19900,-500,200,"bu","13:19:45",4753000
19900,-500,200,"bu","13:19:28",4752800
19900,-500,100,"bu","13:19:26",4752600
19900,-500,300,"bu","13:19:25",4752500
19900,-500,500,"bu","13:19:12",4752200
19900,-500,100,"bu","13:18:59",4751700
19900,-500,5000,"bu","13:18:05",4751600
19900,-500,500,"bu","13:18:01",4746600
19900,-500,3000,"bu","13:18:00",4746100
19900,-500,2100,"bu","13:17:49",4743100
19900,-500,800,"bu","13:17:45",4741000
19900,-500,1000,"bu","13:17:43",4740200
19900,-500,100,"bu","13:17:40",4739200
19900,-500,1000,"bu","13:17:33",4739100
19900,-500,2800,"bu","13:17:32",4738100
19900,-500,300,"bu","13:17:24",4735300
19900,-500,1000,"bu","13:17:21",4735000
19900,-500,200,"bu","13:17:20",4734000
19900,-500,300,"bu","13:17:19",4733800
19900,-500,300,"bu","13:17:12",4733500
19900,-500,3000,"bu","13:17:07",4733200
19900,-500,200,"bu","13:16:57",4730200
19900,-500,1500,"bu","13:16:53",4730000
19900,-500,11500,"bu","13:16:47",4728500
19900,-500,5000,"sd","13:16:41",4717000
19900,-500,700,"sd","13:16:39",4712000
19900,-500,8000,"sd","13:16:31",4711300
19900,-500,3700,"sd","13:16:28",4703300
19900,-500,500,"bu","13:16:07",4699600
19900,-500,7700,"bu","13:16:04",4699100
19900,-500,100,"bu","13:16:03",4691400
19900,-500,3000,"bu","13:16:02",4691300
19900,-500,5200,"bu","13:16:01",4688300
19900,-500,2000,"bu","13:15:58",4683100
19900,-500,50000,"bu","13:15:55",4681100
19900,-500,1000,"bu","13:15:54",4631100
19900,-500,500,"bu","13:15:50",4630100
19900,-500,4000,"bu","13:15:49",4629600
19900,-500,200,"bu","13:15:47",4625600
19900,-500,3000,"bu","13:15:45",4625400
19900,-500,500,"bu","13:15:43",4622400
19900,-500,4000,"bu","13:15:41",4621900
19900,-500,10000,"bu","13:15:38",4617900
19900,-500,1000,"bu","13:15:35",4607900
19900,-500,200,"bu","13:15:25",4606900
19900,-500,100,"bu","13:15:22",4606700
19900,-500,2000,"bu","13:15:21",4606600
19900,-500,500,"bu","13:15:09",4604600
19900,-500,400,"bu","13:14:59",4604100
19900,-500,3000,"bu","13:14:54",4603700
19900,-500,5000,"bu","13:14:52",4600700
19900,-500,500,"bu","13:14:45",4595700
19900,-500,500,"bu","13:14:31",4595200
19900,-500,1000,"bu","13:14:29",4594700
19900,-500,50000,"bu","13:14:17",4593700
19900,-500,100,"bu","13:14:16",4543700
19900,-500,100,"bu","13:14:13",4543600
19900,-500,1000,"bu","13:14:09",4543500
19900,-500,100,"bu","13:14:07",4542500
19900,-500,200,"bu","13:13:57",4542400
19900,-500,5000,"bu","13:13:47",4542200
19900,-500,300,"bu","13:13:44",4537200
19900,-500,500,"bu","13:13:42",4536900
19900,-500,5000,"bu","13:13:41",4536400
19900,-500,500,"bu","13:13:39",4531400
19900,-500,900,"bu","13:13:35",4530900
19900,-500,10600,"bu","13:13:27",4530000
19900,-500,1200,"bu","13:13:24",4519400
19900,-500,100,"bu","13:13:18",4518200
19900,-500,1600,"bu","13:13:06",4518100
19900,-500,100,"bu","13:13:05",4516500
19900,-500,140500,"bu","13:12:57",4516400
20000,-400,100,"bu","13:12:36",4375900
20000,-400,100,"bu","13:12:35",4375800
20000,-400,15100,"bu","13:12:33",4375700
20000,-400,1000,"bu","13:12:23",4360600
20000,-400,100,"bu","13:11:58",4359600
20000,-400,2000,"bu","13:11:49",4359500
20000,-400,1000,"bu","13:11:46",4357500
20000,-400,500,"bu","13:11:40",4356500
20000,-400,100,"bu","13:11:38",4356000
19900,-500,20000,"sd","13:11:37",4355900
20000,-400,200,"bu","13:11:23",4335900
20000,-400,500,"bu","13:11:15",4335700
20000,-400,500,"bu","13:11:09",4335200
20000,-400,500,"bu","13:11:06",4334700
20000,-400,100,"bu","13:11:04",4334200
20000,-400,100,"bu","13:11:00",4334100
20000,-400,300,"bu","13:10:52",4334000
20000,-400,100,"bu","13:10:43",4333700
20000,-400,3000,"bu","13:10:42",4333600
20000,-400,3000,"bu","13:10:34",4330600
20000,-400,400,"bu","13:10:28",4327600
20000,-400,3400,"bu","13:10:25",4327200
20000,-400,400,"bu","13:10:23",4323800
20000,-400,900,"bu","13:10:19",4323400
19900,-500,30000,"sd","13:10:13",4322500
20000,-400,200,"bu","13:10:06",4292500
20000,-400,1100,"bu","13:10:03",4292300
20000,-400,5000,"bu","13:10:02",4291200
20000,-400,500,"bu","13:09:39",4286200
20000,-400,100,"bu","13:09:35",4285700
19900,-500,500,"sd","13:09:27",4285600
20000,-400,500,"bu","13:09:16",4285100
19900,-500,700,"sd","13:08:25",4284600
19900,-500,2000,"bu","13:08:24",4283900
19900,-500,2100,"bu","13:08:23",4281900
19900,-500,800,"bu","13:08:22",4279800
19900,-500,10600,"bu","13:08:21",4279000
19900,-500,600,"bu","13:08:20",4268400
19900,-500,600,"bu","13:08:19",4267800
19900,-500,50400,"bu","13:08:18",4267200
19900,-500,1000,"bu","13:08:17",4216800
19900,-500,1000,"bu","13:08:15",4215800
19900,-500,6000,"bu","13:08:13",4214800
19900,-500,1500,"bu","13:08:12",4208800
19900,-500,2200,"bu","13:08:10",4207300
19900,-500,2900,"bu","13:08:09",4205100
19900,-500,200,"bu","13:08:08",4202200
19900,-500,1000,"bu","13:08:07",4202000
19900,-500,100,"bu","13:08:05",4201000
19900,-500,400,"bu","13:08:03",4200900
19900,-500,2000,"bu","13:08:02",4200500
19900,-500,200,"bu","13:07:58",4198500
19900,-500,55000,"bu","13:07:55",4198300
19900,-500,3200,"bu","13:07:51",4143300
19900,-500,16000,"bu","13:07:49",4140100
19900,-500,100,"bu","13:07:48",4124100
19900,-500,100,"bu","13:07:42",4124000
19900,-500,20000,"bu","13:07:41",4123900
19900,-500,1000,"bu","13:07:39",4103900
19900,-500,3300,"bu","13:07:38",4102900
19900,-500,100,"bu","13:07:36",4099600
19900,-500,500,"bu","13:07:18",4099500
19900,-500,100,"bu","13:07:15",4099000
19900,-500,700,"bu","13:07:14",4098900
19900,-500,200,"bu","13:07:13",4098200
19900,-500,2000,"bu","13:07:09",4098000
19900,-500,1000,"bu","13:07:06",4096000
19900,-500,500,"bu","13:07:05",4095000
19900,-500,100,"bu","13:07:00",4094500
19900,-500,500,"bu","13:06:51",4094400
19900,-500,200,"bu","13:06:43",4093900
19900,-500,500,"bu","13:06:41",4093700
19900,-500,300,"bu","13:06:39",4093200
19900,-500,100,"bu","13:06:38",4092900
19900,-500,1000,"bu","13:06:37",4092800
19900,-500,1500,"bu","13:06:34",4091800
19900,-500,100,"bu","13:06:31",4090300
19900,-500,1000,"bu","13:06:30",4090200
19900,-500,35400,"bu","13:06:27",4089200
19900,-500,100,"bu","13:06:26",4053800
19900,-500,100,"bu","13:06:16",4053700
19900,-500,1000,"bu","13:06:10",4053600
19900,-500,200,"bu","13:06:09",4052600
19900,-500,1000,"bu","13:06:08",4052400
19900,-500,100,"bu","13:06:05",4051400
19900,-500,4000,"bu","13:05:59",4051300
19900,-500,100,"bu","13:05:51",4047300
19900,-500,200,"bu","13:05:50",4047200
19900,-500,100,"bu","13:05:44",4047000
19900,-500,100,"bu","13:05:40",4046900
19900,-500,1500,"bu","13:05:39",4046800
19900,-500,8700,"bu","13:05:38",4045300
19900,-500,3400,"bu","13:05:29",4036600
19900,-500,100,"bu","13:05:24",4033200
19900,-500,500,"bu","13:05:19",4033100
19900,-500,59900,"bu","13:05:00",4032600
19800,-600,1000,"sd","13:04:25",3972700
19900,-500,1000,"bu","13:04:15",3971700
19900,-500,100,"bu","13:04:06",3970700
19900,-500,1000,"bu","13:04:00",3970600
19800,-600,1000,"sd","13:03:45",3969600
19800,-600,2000,"sd","13:03:41",3968600
19800,-600,2600,"sd","13:03:03",3966600
19800,-600,5000,"sd","13:02:57",3964000
19800,-600,6000,"sd","13:02:36",3959000
19800,-600,14900,"sd","13:01:53",3953000
19800,-600,39200,"bu","13:01:51",3938100
19800,-600,200,"bu","13:01:49",3898900
19800,-600,200,"bu","13:01:48",3898700
19800,-600,40000,"bu","13:01:46",3898500
19800,-600,500,"bu","13:01:44",3858500
19800,-600,30000,"bu","13:01:11",3858000
19700,-700,8000,"sd","13:00:45",3828000
19800,-600,100000,"bu","13:00:44",3820000
19700,-700,200,"sd","13:00:41",3720000
19800,-600,2100,"bu","13:00:09",3719800
19800,-600,8200,"bu","13:00:08",3717700
19800,-600,58100,"bu","13:00:07",3709500
19800,-600,25300,"bu","13:00:06",3651400
19800,-600,63900,"bu","13:00:05",3626100
19800,-600,5500,"bu","13:00:04",3562200
19800,-600,1400,"bu","13:00:03",3556700
19800,-600,10000,"sd","11:29:54",3555300
19800,-600,10000,"sd","11:29:39",3545300
19800,-600,4800,"sd","11:29:37",3535300
19800,-600,6000,"sd","11:29:35",3530500
19800,-600,23000,"sd","11:29:19",3524500
19900,-500,100,"bu","11:29:18",3501500
19800,-600,2000,"sd","11:29:17",3501400
19800,-600,2000,"sd","11:29:03",3499400
19800,-600,900,"sd","11:28:44",3497400
19800,-600,5000,"sd","11:27:22",3496500
19900,-500,2500,"bu","11:27:09",3491500
19900,-500,10000,"bu","11:26:50",3489000
19800,-600,20100,"sd","11:26:47",3479000
19900,-500,10000,"bu","11:26:42",3458900
19900,-500,800,"bu","11:26:38",3448900
19900,-500,100,"bu","11:26:24",3448100
19800,-600,1000,"sd","11:26:18",3448000
19800,-600,500,"sd","11:25:39",3447000
19900,-500,100,"bu","11:25:24",3446500
19900,-500,100,"bu","11:25:16",3446400
19800,-600,1000,"sd","11:24:17",3446300
19900,-500,100,"bu","11:24:09",3445300
19900,-500,300,"bu","11:24:03",3445200
19900,-500,1000,"bu","11:23:38",3444900
19800,-600,2700,"sd","11:23:21",3443900
19800,-600,38000,"bu","11:23:20",3441200
19800,-600,12000,"bu","11:23:19",3403200
19800,-600,10700,"bu","11:23:17",3391200
19800,-600,4600,"bu","11:23:16",3380500
19800,-600,1000,"bu","11:23:15",3375900
19800,-600,1000,"bu","11:23:14",3374900
19800,-600,1100,"bu","11:23:13",3373900
19800,-600,1500,"bu","11:23:11",3372800
19800,-600,2500,"bu","11:23:09",3371300
19800,-600,2300,"bu","11:23:06",3368800
19800,-600,100,"bu","11:23:05",3366500
19800,-600,300,"bu","11:23:04",3366400
19800,-600,100,"bu","11:23:03",3366100
19800,-600,3100,"bu","11:22:58",3366000
19800,-600,1100,"bu","11:22:55",3362900
19800,-600,2600,"bu","11:22:54",3361800
19800,-600,100,"bu","11:22:53",3359200
19800,-600,600,"bu","11:22:52",3359100
19800,-600,1000,"bu","11:22:50",3358500
19800,-600,200,"bu","11:22:49",3357500
19800,-600,100,"bu","11:22:48",3357300
19800,-600,100,"bu","11:22:46",3357200
19800,-600,500,"bu","11:22:43",3357100
19800,-600,3100,"bu","11:22:42",3356600
19800,-600,2000,"bu","11:22:41",3353500
19800,-600,5000,"bu","11:22:40",3351500
19800,-600,2500,"bu","11:22:39",3346500
19800,-600,10700,"bu","11:22:38",3344000
19800,-600,30100,"bu","11:22:37",3333300
19800,-600,200,"bu","11:22:36",3303200
19800,-600,3000,"bu","11:22:34",3303000
19800,-600,3000,"bu","11:22:31",3300000
19800,-600,5000,"bu","11:22:30",3297000
19800,-600,2100,"bu","11:22:28",3292000
19800,-600,10200,"bu","11:22:27",3289900
19800,-600,600,"bu","11:22:20",3279700
19800,-600,200,"bu","11:22:19",3279100
19800,-600,10000,"bu","11:22:18",3278900
19800,-600,7100,"bu","11:22:14",3268900
19800,-600,1000,"bu","11:22:12",3261800
19800,-600,4000,"bu","11:22:11",3260800
19800,-600,300,"bu","11:22:06",3256800
19800,-600,300,"bu","11:22:05",3256500
19800,-600,10600,"bu","11:22:03",3256200
19800,-600,300,"bu","11:22:02",3245600
19800,-600,500,"bu","11:22:01",3245300
19800,-600,5000,"bu","11:21:59",3244800
19800,-600,100,"bu","11:21:57",3239800
19800,-600,200,"bu","11:21:53",3239700
19800,-600,10400,"bu","11:21:42",3239500
19800,-600,10000,"bu","11:21:38",3229100
19800,-600,400,"bu","11:21:31",3219100
19800,-600,500,"bu","11:21:26",3218700
19800,-600,500,"bu","11:21:25",3218200
19800,-600,500,"bu","11:21:24",3217700
19800,-600,200,"bu","11:21:21",3217200
19800,-600,100,"bu","11:21:18",3217000
19800,-600,300,"bu","11:21:04",3216900
19800,-600,500,"bu","11:20:55",3216600
19800,-600,1000,"bu","11:20:50",3216100
19800,-600,100,"bu","11:20:42",3215100
19800,-600,100,"bu","11:20:28",3215000
19700,-700,6000,"sd","11:20:24",3214900
19800,-600,1000,"bu","11:20:21",3208900
19800,-600,100,"bu","11:20:20",3207900
19800,-600,1000,"bu","11:20:09",3207800
19800,-600,100,"bu","11:19:58",3206800
19800,-600,1000,"bu","11:19:51",3206700
19700,-700,1500,"sd","11:19:46",3205700
19700,-700,11600,"sd","11:19:43",3204200
19700,-700,7100,"sd","11:19:42",3192600
19800,-600,500,"bu","11:19:37",3185500
19800,-600,300,"bu","11:19:11",3185000
19800,-600,200,"bu","11:18:57",3184700
19800,-600,100,"bu","11:18:56",3184500
19800,-600,300,"bu","11:18:53",3184400
19800,-600,1000,"bu","11:18:51",3184100
19800,-600,1000,"bu","11:18:46",3183100
19800,-600,700,"bu","11:18:36",3182100
19800,-600,1500,"bu","11:18:35",3181400
19800,-600,200,"bu","11:18:34",3179900
19800,-600,600,"bu","11:18:27",3179700
19800,-600,300,"sd","11:18:20",3179100
19800,-600,1200,"sd","11:18:17",3178800
19800,-600,60000,"sd","11:18:11",3177600
19800,-600,335000,"sd","11:18:00",3117600
19900,-500,200,"bu","11:17:35",2782600
19800,-600,500,"sd","11:17:31",2782400
19900,-500,100,"bu","11:17:13",2781900
19800,-600,20000,"sd","11:17:04",2781800
19800,-600,11000,"sd","11:17:03",2761800
19800,-600,500,"sd","11:16:58",2750800
19800,-600,1000,"sd","11:16:47",2750300
19800,-600,9000,"sd","11:16:38",2749300
19800,-600,1000,"sd","11:16:10",2740300
19900,-500,300,"bu","11:16:08",2739300
19900,-500,2000,"bu","11:15:35",2739000
19800,-600,21000,"sd","11:15:11",2737000
19900,-500,1000,"bu","11:14:26",2716000
19900,-500,700,"bu","11:13:59",2715000
19900,-500,300,"bu","11:13:52",2714300
19900,-500,100,"bu","11:13:42",2714000
19900,-500,300,"bu","11:13:15",2713900
19900,-500,2000,"bu","11:13:12",2713600
19900,-500,100,"bu","11:12:54",2711600
19900,-500,500,"bu","11:12:50",2711500
19900,-500,100,"bu","11:12:49",2711000
19800,-600,1500,"sd","11:12:45",2710900
19800,-600,5000,"sd","11:12:29",2709400
19800,-600,3000,"sd","11:12:27",2704400
19800,-600,1000,"sd","11:12:20",2701400
19800,-600,800,"sd","11:11:58",2700400
19800,-600,5000,"sd","11:11:42",2699600
19900,-500,5000,"bu","11:11:34",2694600
19800,-600,100,"sd","11:11:13",2689600
19900,-500,100,"bu","11:11:10",2689500
19900,-500,200,"bu","11:10:55",2689400
19800,-600,1700,"sd","11:10:38",2689200
19800,-600,1000,"sd","11:10:34",2687500
19900,-500,100,"bu","11:10:06",2686500
19900,-500,1000,"bu","11:09:59",2686400
19900,-500,500,"bu","11:09:38",2685400
19900,-500,400,"bu","11:09:29",2684900
19900,-500,5000,"bu","11:09:23",2684500
19900,-500,100,"bu","11:09:18",2679500
19900,-500,500,"bu","11:09:04",2679400
19900,-500,300,"bu","11:09:03",2678900
19800,-600,500,"sd","11:08:57",2678600
19900,-500,1000,"bu","11:08:47",2678100
19900,-500,1000,"bu","11:08:29",2677100
19900,-500,3000,"bu","11:08:25",2676100
19900,-500,500,"bu","11:08:24",2673100
19900,-500,3000,"bu","11:08:14",2672600
19900,-500,5000,"bu","11:08:00",2669600
19900,-500,700,"bu","11:07:37",2664600
19900,-500,1000,"bu","11:07:01",2663900
19900,-500,200,"bu","11:06:50",2662900
19900,-500,1000,"bu","11:06:47",2662700
19900,-500,1000,"bu","11:06:28",2661700
19800,-600,2000,"sd","11:06:10",2660700
19800,-600,1000,"sd","11:06:09",2658700
19800,-600,2000,"sd","11:05:23",2657700
19900,-500,6000,"bu","11:05:10",2655700
19800,-600,500,"sd","11:03:59",2649700
19800,-600,2000,"sd","11:03:42",2649200
19800,-600,1000,"sd","11:03:23",2647200
19900,-500,100,"bu","11:03:02",2646200
19800,-600,200,"sd","11:02:43",2646100
19800,-600,1000,"sd","11:02:38",2645900
19900,-500,600,"bu","11:02:33",2644900
19900,-500,400,"bu","11:02:17",2644300
19900,-500,200,"bu","11:02:10",2643900
19900,-500,100,"bu","11:02:05",2643700
19900,-500,1000,"bu","11:02:03",2643600
19900,-500,300,"bu","11:01:47",2642600
19900,-500,300,"bu","11:01:30",2642300
19900,-500,6600,"bu","11:01:24",2642000
19900,-500,200,"bu","11:01:21",2635400
19900,-500,200,"bu","11:01:13",2635200
19900,-500,100,"bu","11:00:33",2635000
19900,-500,100,"bu","11:00:16",2634900
19900,-500,900,"bu","11:00:05",2634800
19900,-500,2000,"bu","10:59:49",2633900
19900,-500,200,"bu","10:59:48",2631900
19900,-500,1000,"bu","10:59:42",2631700
19900,-500,1000,"bu","10:59:41",2630700
19900,-500,11000,"bu","10:59:36",2629700
19900,-500,100,"bu","10:59:27",2618700
19900,-500,300,"bu","10:59:25",2618600
19900,-500,300,"bu","10:59:19",2618300
19900,-500,700,"sd","10:59:17",2618000
19900,-500,100,"bu","10:59:12",2617300
19900,-500,100,"bu","10:58:46",2617200
19900,-500,1300,"bu","10:58:40",2617100
19900,-500,12000,"sd","10:58:03",2615800
19900,-500,400,"sd","10:57:43",2603800
19900,-500,1000,"sd","10:56:09",2603400
19900,-500,4500,"sd","10:55:52",2602400
19900,-500,2000,"bu","10:55:49",2597900
19900,-500,100,"bu","10:55:47",2595900
19900,-500,500,"bu","10:55:46",2595800
19900,-500,5000,"bu","10:55:39",2595300
19900,-500,1000,"bu","10:55:31",2590300
19900,-500,200,"bu","10:55:28",2589300
19900,-500,100,"bu","10:55:27",2589100
19900,-500,11000,"bu","10:55:20",2589000
19900,-500,500,"bu","10:55:13",2578000
19800,-600,100,"sd","10:55:01",2577500
19900,-500,1000,"bu","10:54:59",2577400
19800,-600,500,"sd","10:54:54",2576400
19900,-500,100,"bu","10:54:45",2575900
19900,-500,2500,"bu","10:54:38",2575800
19900,-500,800,"bu","10:54:32",2573300
19900,-500,100,"bu","10:54:31",2572500
19900,-500,1000,"bu","10:54:27",2572400
19900,-500,300,"bu","10:54:25",2571400
19900,-500,400,"bu","10:54:11",2571100
19900,-500,6200,"bu","10:54:10",2570700
19900,-500,2000,"sd","10:54:04",2564500
19900,-500,1800,"sd","10:54:03",2562500
19900,-500,1000,"bu","10:53:58",2560700
19800,-600,300,"sd","10:53:39",2559700
19900,-500,500,"bu","10:53:37",2559400
19900,-500,2000,"bu","10:53:21",2558900
19900,-500,200,"bu","10:53:02",2556900
19900,-500,9500,"bu","10:52:56",2556700
19900,-500,500,"sd","10:52:53",2547200
19900,-500,100,"sd","10:52:40",2546700
19900,-500,1000,"sd","10:52:37",2546600
19900,-500,200,"sd","10:52:26",2545600
19900,-500,2000,"sd","10:52:12",2545400
19900,-500,1000,"sd","10:52:01",2543400
19900,-500,100,"sd","10:51:53",2542400
19900,-500,9000,"sd","10:51:51",2542300
19900,-500,12800,"sd","10:51:47",2533300
19900,-500,1000,"bu","10:51:42",2520500
19800,-600,24000,"sd","10:51:19",2519500
19900,-500,1000,"bu","10:51:07",2495500
19900,-500,300,"bu","10:51:05",2494500
19900,-500,1000,"bu","10:50:54",2494200
19900,-500,500,"bu","10:50:50",2493200
19800,-600,5000,"sd","10:50:16",2492700
19900,-500,100,"bu","10:50:13",2487700
19900,-500,1300,"bu","10:50:07",2487600
19900,-500,300,"unknown","10:49:57",2486300
19900,-500,500,"bu","10:49:55",2486000
19900,-500,100,"bu","10:49:53",2485500
19900,-500,49600,"bu","10:49:25",2485400
19900,-500,200,"sd","10:49:09",2435800
20000,-400,100,"bu","10:49:07",2435600
19900,-500,500,"sd","10:48:56",2435500
19900,-500,4000,"sd","10:48:40",2435000
19900,-500,4800,"sd","10:48:37",2431000
19900,-500,900,"bu","10:48:31",2426200
19900,-500,100,"bu","10:48:30",2425300
19900,-500,100,"bu","10:48:12",2425200
19800,-600,100,"sd","10:47:57",2425100
19900,-500,500,"bu","10:47:56",2425000
19900,-500,600,"bu","10:47:54",2424500
19900,-500,100,"bu","10:47:51",2423900
19900,-500,1000,"bu","10:47:42",2423800
19900,-500,900,"bu","10:47:39",2422800
19900,-500,2000,"bu","10:47:37",2421900
19900,-500,200,"bu","10:47:33",2419900
19900,-500,1000,"bu","10:47:16",2419700
19900,-500,2000,"bu","10:46:59",2418700
19900,-500,1100,"bu","10:46:55",2416700
19900,-500,1000,"bu","10:46:49",2415600
19900,-500,500,"bu","10:46:41",2414600
19900,-500,200,"bu","10:46:40",2414100
19900,-500,5000,"bu","10:46:35",2413900
19900,-500,1100,"bu","10:46:29",2408900
19900,-500,300,"bu","10:46:19",2407800
19900,-500,100,"bu","10:45:45",2407500
19900,-500,300,"bu","10:45:43",2407400
19900,-500,100,"bu","10:45:40",2407100
19900,-500,700,"bu","10:45:04",2407000
19900,-500,100,"bu","10:44:56",2406300
19900,-500,33800,"bu","10:44:42",2406200
19900,-500,5000,"sd","10:44:14",2372400
19900,-500,2000,"sd","10:44:03",2367400
19900,-500,3500,"sd","10:44:00",2365400
19900,-500,2800,"sd","10:43:44",2361900
19900,-500,2000,"sd","10:43:41",2359100
19900,-500,5400,"sd","10:43:38",2357100
19900,-500,11000,"sd","10:42:57",2351700
19900,-500,4200,"sd","10:42:52",2340700
19900,-500,2000,"sd","10:42:37",2336500
19900,-500,500,"sd","10:42:22",2334500
19900,-500,10000,"sd","10:42:16",2334000
19900,-500,9900,"sd","10:42:13",2324000
19900,-500,1900,"sd","10:41:58",2314100
19900,-500,9000,"sd","10:41:51",2312200
19900,-500,1000,"sd","10:41:46",2303200
19900,-500,500,"sd","10:41:40",2302200
19900,-500,24000,"sd","10:41:30",2301700
19900,-500,5000,"sd","10:41:03",2277700
19900,-500,1600,"sd","10:39:48",2272700
19900,-500,1000,"sd","10:39:26",2271100
19900,-500,7000,"sd","10:38:33",2270100
19900,-500,400,"sd","10:38:31",2263100
19900,-500,2300,"sd","10:37:56",2262700
19900,-500,2500,"sd","10:37:31",2260400
19900,-500,5000,"sd","10:37:11",2257900
19900,-500,600,"sd","10:37:07",2252900
19900,-500,5000,"sd","10:36:59",2252300
19900,-500,1300,"sd","10:36:42",2247300
19900,-500,100,"sd","10:36:35",2246000
19900,-500,500,"sd","10:36:08",2245900
19900,-500,48000,"sd","10:35:58",2245400
19900,-500,600,"sd","10:35:46",2197400
19900,-500,700,"sd","10:35:43",2196800
19900,-500,100,"sd","10:34:04",2196100
19900,-500,2500,"sd","10:33:37",2196000
19900,-500,600,"sd","10:33:29",2193500
20000,-400,500,"bu","10:33:25",2192900
19900,-500,12300,"sd","10:33:23",2192400
19900,-500,34500,"bu","10:33:20",2180100
19900,-500,100,"bu","10:33:13",2145600
19900,-500,6500,"bu","10:32:53",2145500
19900,-500,1100,"bu","10:32:46",2139000
19900,-500,500,"bu","10:32:40",2137900
19900,-500,200,"bu","10:32:22",2137400
19900,-500,100,"bu","10:32:17",2137200
19800,-600,200000,"sd","10:32:13",2137100
19900,-500,3000,"sd","10:31:44",1937100
19900,-500,3000,"sd","10:31:33",1934100
19900,-500,1000,"sd","10:31:32",1931100
19900,-500,5000,"sd","10:31:29",1930100
19900,-500,1200,"sd","10:31:17",1925100
19900,-500,1500,"sd","10:29:57",1923900
19900,-500,1000,"sd","10:29:54",1922400
19900,-500,1000,"sd","10:29:48",1921400
19900,-500,1800,"bu","10:29:28",1920400
19900,-500,1000,"bu","10:29:27",1918600
19900,-500,1300,"bu","10:29:25",1917600
19900,-500,500,"bu","10:29:24",1916300
19900,-500,6200,"bu","10:29:19",1915800
19900,-500,100,"bu","10:29:18",1909600
19900,-500,200,"bu","10:29:14",1909500
19900,-500,15000,"bu","10:29:08",1909300
19800,-600,3000,"sd","10:29:05",1894300
19900,-500,500,"bu","10:29:02",1891300
19900,-500,100,"bu","10:28:51",1890800
19800,-600,5500,"sd","10:28:49",1890700
19900,-500,5000,"bu","10:28:48",1885200
19900,-500,100,"bu","10:28:45",1880200
19900,-500,300,"bu","10:28:42",1880100
19900,-500,200,"bu","10:28:41",1879800
19900,-500,300,"bu","10:28:40",1879600
19900,-500,100,"bu","10:28:37",1879300
19900,-500,1000,"bu","10:28:36",1879200
19900,-500,500,"bu","10:28:35",1878200
19900,-500,5000,"bu","10:28:27",1877700
19900,-500,1500,"bu","10:28:26",1872700
19900,-500,5000,"bu","10:28:25",1871200
19900,-500,100,"bu","10:28:23",1866200
19900,-500,100,"bu","10:28:22",1866100
19900,-500,300,"bu","10:28:21",1866000
19800,-600,500,"sd","10:28:17",1865700
19900,-500,1000,"bu","10:28:15",1865200
19900,-500,400,"bu","10:28:11",1864200
19900,-500,100,"bu","10:28:06",1863800
19900,-500,200,"bu","10:28:01",1863700
19900,-500,200,"bu","10:27:50",1863500
19900,-500,1000,"bu","10:27:48",1863300
19900,-500,100,"bu","10:27:46",1862300
19900,-500,300,"bu","10:27:45",1862200
19900,-500,500,"bu","10:27:43",1861900
19900,-500,100,"bu","10:27:42",1861400
19800,-600,6400,"sd","10:27:38",1861300
19800,-600,5000,"sd","10:27:37",1854900
19900,-500,3000,"bu","10:27:36",1849900
19900,-500,100,"bu","10:27:23",1846900
19900,-500,1000,"bu","10:27:09",1846800
19900,-500,2000,"bu","10:27:07",1845800
19900,-500,700,"bu","10:27:03",1843800
19900,-500,8500,"sd","10:27:02",1843100
19900,-500,1200,"sd","10:26:58",1834600
19900,-500,200,"sd","10:26:56",1833400
19900,-500,10000,"sd","10:26:55",1833200
19900,-500,10000,"sd","10:26:50",1823200
19900,-500,10000,"sd","10:26:48",1813200
19900,-500,400,"sd","10:26:44",1803200
19900,-500,30000,"sd","10:26:39",1802800
19900,-500,300,"sd","10:26:37",1772800
19900,-500,2000,"sd","10:26:34",1772500
19900,-500,1000,"sd","10:26:31",1770500
19900,-500,9200,"sd","10:26:28",1769500
19900,-500,100,"sd","10:26:25",1760300
19900,-500,3100,"sd","10:26:06",1760200
20000,-400,100,"bu","10:25:54",1757100
19900,-500,10000,"sd","10:25:53",1757000
19900,-500,10000,"sd","10:25:52",1747000
19900,-500,100,"sd","10:25:49",1737000
19900,-500,6400,"sd","10:25:40",1736900
19900,-500,80000,"sd","10:25:34",1730500
19900,-500,500,"sd","10:25:27",1650500
19900,-500,600,"sd","10:25:26",1650000
20000,-400,500,"bu","10:24:58",1649400
20000,-400,1000,"bu","10:24:53",1648900
20000,-400,1000,"bu","10:24:43",1647900
20000,-400,9300,"sd","10:24:27",1646900
20000,-400,10000,"sd","10:24:21",1637600
20000,-400,5800,"sd","10:24:11",1627600
20000,-400,10500,"bu","10:23:50",1621800
20000,-400,20000,"sd","10:23:43",1611300
20000,-400,100,"sd","10:23:38",1591300
20000,-400,15000,"sd","10:23:35",1591200
20000,-400,1000,"sd","10:23:08",1576200
20000,-400,200,"sd","10:23:03",1575200
20000,-400,11500,"sd","10:22:48",1575000
20000,-400,1800,"sd","10:22:45",1563500
20000,-400,3000,"sd","10:22:36",1561700
20000,-400,500,"sd","10:22:30",1558700
20000,-400,14700,"sd","10:21:48",1558200
20000,-400,500,"sd","10:21:23",1543500
20000,-400,200,"sd","10:21:03",1543000
20000,-400,200,"sd","10:20:48",1542800
20100,-300,5000,"bu","10:20:17",1542600
20000,-400,3000,"sd","10:20:14",1537600
20000,-400,1000,"sd","10:20:01",1534600
20000,-400,500,"sd","10:20:00",1533600
20000,-400,100,"sd","10:19:54",1533100
20000,-400,14800,"bu","10:19:44",1533000
20000,-400,300,"bu","10:19:34",1518200
20000,-400,1000,"bu","10:19:32",1517900
20000,-400,500,"bu","10:19:30",1516900
20000,-400,300,"bu","10:19:15",1516400
20000,-400,100,"bu","10:19:07",1516100
20000,-400,600,"bu","10:19:04",1516000
20000,-400,500,"bu","10:18:55",1515400
20000,-400,10000,"bu","10:18:49",1514900
20000,-400,2000,"bu","10:18:47",1504900
20000,-400,6400,"bu","10:18:39",1502900
20000,-400,1000,"bu","10:18:38",1496500
20000,-400,100,"bu","10:18:36",1495500
20000,-400,200,"bu","10:18:23",1495400
20000,-400,200,"bu","10:18:07",1495200
20000,-400,5000,"bu","10:17:54",1495000
20000,-400,1000,"bu","10:17:52",1490000
20000,-400,1000,"bu","10:17:48",1489000
20000,-400,100,"bu","10:17:44",1488000
20000,-400,100,"bu","10:17:43",1487900
20000,-400,45100,"bu","10:17:32",1487800
20000,-400,500,"sd","10:17:30",1442700
20000,-400,1600,"sd","10:17:14",1442200
20000,-400,100,"sd","10:17:13",1440600
20000,-400,35100,"sd","10:16:57",1440500
20000,-400,1400,"sd","10:16:54",1405400
20000,-400,5000,"sd","10:16:46",1404000
20000,-400,100,"sd","10:16:38",1399000
20000,-400,100,"sd","10:15:59",1398900
20000,-400,1400,"sd","10:15:52",1398800
20000,-400,2200,"sd","10:15:39",1397400
20000,-400,900,"bu","10:15:34",1395200
20000,-400,2000,"bu","10:15:33",1394300
20000,-400,100,"bu","10:15:31",1392300
20000,-400,20000,"bu","10:15:29",1392200
20000,-400,100,"bu","10:15:27",1372200
20000,-400,1000,"bu","10:15:26",1372100
20000,-400,4000,"bu","10:15:25",1371100
20000,-400,300,"bu","10:15:23",1367100
20000,-400,3000,"bu","10:15:22",1366800
20000,-400,500,"bu","10:15:20",1363800
20000,-400,21000,"bu","10:15:19",1363300
20000,-400,6000,"bu","10:15:18",1342300
20000,-400,3000,"bu","10:15:17",1336300
20000,-400,200,"bu","10:15:11",1333300
20000,-400,100,"bu","10:15:08",1333100
20000,-400,1100,"bu","10:15:04",1333000
20000,-400,100,"bu","10:15:02",1331900
20000,-400,8100,"bu","10:14:59",1331800
20000,-400,100,"bu","10:14:56",1323700
20000,-400,1000,"bu","10:14:50",1323600
20000,-400,900,"bu","10:14:48",1322600
20000,-400,20000,"bu","10:14:47",1321700
20000,-400,100,"bu","10:14:44",1301700
20000,-400,300,"bu","10:14:42",1301600
20000,-400,500,"bu","10:14:39",1301300
20000,-400,1100,"bu","10:14:38",1300800
20000,-400,5000,"bu","10:14:36",1299700
20000,-400,200,"bu","10:14:34",1294700
20000,-400,100,"bu","10:14:33",1294500
20000,-400,100,"bu","10:14:31",1294400
20000,-400,500,"bu","10:14:29",1294300
20000,-400,1000,"bu","10:14:28",1293800
20000,-400,500,"bu","10:14:26",1292800
20000,-400,500,"bu","10:14:21",1292300
20000,-400,4000,"bu","10:14:14",1291800
20000,-400,500,"bu","10:14:12",1287800
20000,-400,1000,"bu","10:14:11",1287300
20000,-400,2000,"bu","10:14:08",1286300
20000,-400,1000,"bu","10:14:07",1284300
20000,-400,1000,"bu","10:14:04",1283300
20000,-400,10100,"bu","10:13:56",1282300
20000,-400,500,"bu","10:13:52",1272200
20000,-400,5000,"bu","10:13:49",1271700
20000,-400,4600,"sd","10:13:39",1266700
20000,-400,27000,"sd","10:13:36",1262100
20000,-400,150000,"sd","10:13:29",1235100
20000,-400,200,"sd","10:13:24",1085100
20000,-400,8000,"sd","10:13:19",1084900
20000,-400,183600,"sd","10:13:18",1076900
20000,-400,12000,"sd","10:13:14",893300
20100,-300,200,"bu","10:13:13",881300
20000,-400,500,"sd","10:13:12",881100
20000,-400,1000,"sd","10:12:50",880600
20100,-300,2800,"bu","10:12:44",879600
20100,-300,34500,"bu","10:12:40",876800
20100,-300,10000,"sd","10:12:38",842300
20100,-300,58900,"sd","10:12:25",832300
20100,-300,500,"sd","10:12:24",773400
20100,-300,7000,"sd","10:12:23",772900
20100,-300,400,"sd","10:12:22",765900
20100,-300,100,"sd","10:12:19",765500
20100,-300,500,"sd","10:12:08",765400
20100,-300,600,"sd","10:12:07",764900
20100,-300,22000,"sd","10:11:58",764300
20100,-300,4000,"sd","10:11:32",742300
20100,-300,400,"sd","10:11:30",738300
20200,-200,100,"bu","10:11:24",737900
20100,-300,100,"sd","10:10:46",737800
20100,-300,4000,"sd","10:10:45",737700
20100,-300,70000,"sd","10:10:13",733700
20100,-300,500,"sd","10:10:12",663700
20200,-200,900,"bu","10:09:39",663200
20100,-300,700,"sd","10:09:15",662300
20200,-200,500,"bu","10:08:33",661600
20200,-200,100,"bu","10:08:06",661100
20200,-200,100,"bu","10:08:00",661000
20200,-200,1500,"bu","10:07:50",660900
20200,-200,100,"bu","10:07:34",659400
20200,-200,400,"bu","10:07:33",659300
20200,-200,100,"bu","10:07:23",658900
20200,-200,3100,"bu","10:07:17",658800
20200,-200,5000,"bu","10:07:10",655700
20200,-200,1000,"bu","10:06:57",650700
20200,-200,10000,"bu","10:06:51",649700
20200,-200,500,"bu","10:06:47",639700
20200,-200,400,"bu","10:06:29",639200
20100,-300,11300,"sd","10:06:14",638800
20200,-200,100,"bu","10:06:08",627500
20200,-200,2300,"bu","10:05:43",627400
20100,-300,1000,"sd","10:04:28",625100
20100,-300,6000,"sd","10:04:25",624100
20100,-300,1000,"sd","10:04:08",618100
20200,-200,500,"bu","10:03:50",617100
20200,-200,100,"bu","10:03:31",616600
20200,-200,1200,"bu","10:03:13",616500
20200,-200,500,"bu","10:03:08",615300
20100,-300,900,"sd","10:03:07",614800
20100,-300,200,"sd","10:02:42",613900
20200,-200,1000,"bu","10:02:34",613700
20200,-200,100,"bu","10:02:25",612700
20200,-200,1000,"bu","10:02:20",612600
20200,-200,500,"bu","10:01:22",611600
20200,-200,2000,"bu","10:01:12",611100
20100,-300,1000,"sd","10:01:05",609100
20200,-200,300,"bu","10:00:50",608100
20100,-300,100,"sd","10:00:48",607800
20100,-300,500,"sd","10:00:32",607700
20200,-200,100,"bu","09:59:33",607200
20200,-200,5000,"bu","09:59:30",607100
20200,-200,1000,"bu","09:59:25",602100
20200,-200,5000,"bu","09:59:22",601100
20200,-200,500,"bu","09:59:21",596100
20200,-200,100,"bu","09:58:13",595600
20200,-200,200,"bu","09:58:12",595500
20200,-200,10000,"bu","09:58:10",595300
20200,-200,500,"bu","09:58:07",585300
20200,-200,10000,"bu","09:58:01",584800
20200,-200,100,"bu","09:57:58",574800
20200,-200,4200,"bu","09:57:51",574700
20200,-200,5000,"bu","09:57:44",570500
20200,-200,1000,"bu","09:57:42",565500
20200,-200,100,"bu","09:57:40",564500
20200,-200,1000,"bu","09:57:35",564400
20200,-200,1000,"bu","09:57:30",563400
20200,-200,1500,"bu","09:57:24",562400
20200,-200,20000,"bu","09:57:22",560900
20200,-200,2000,"bu","09:57:19",540900
20200,-200,500,"bu","09:57:11",538900
20200,-200,2000,"bu","09:57:03",538400
20200,-200,900,"bu","09:56:50",536400
20100,-300,2000,"sd","09:56:38",535500
20200,-200,900,"bu","09:56:18",533500
20200,-200,100,"bu","09:56:07",532600
20200,-200,300,"bu","09:56:01",532500
20200,-200,200,"bu","09:55:54",532200
20200,-200,1000,"bu","09:55:52",532000
20200,-200,5000,"bu","09:55:44",531000
20200,-200,4900,"bu","09:55:42",526000
20200,-200,200,"bu","09:55:31",521100
20200,-200,200,"bu","09:55:20",520900
20100,-300,1900,"sd","09:55:08",520700
20200,-200,2000,"bu","09:54:55",518800
20200,-200,200,"bu","09:54:54",516800
20200,-200,100,"bu","09:53:39",516600
20200,-200,100,"bu","09:53:20",516500
20200,-200,400,"bu","09:52:58",516400
20200,-200,300,"bu","09:52:36",516000
20200,-200,100,"bu","09:52:24",515700
20100,-300,900,"sd","09:52:19",515600
20100,-300,100,"sd","09:51:53",514700
20200,-200,1000,"bu","09:51:24",514600
20200,-200,900,"bu","09:51:19",513600
20200,-200,100,"bu","09:50:22",512700
20100,-300,10000,"sd","09:50:16",512600
20200,-200,1000,"bu","09:50:00",502600
20200,-200,200,"sd","09:49:59",501600
20200,-200,2000,"sd","09:49:52",501400
20200,-200,20000,"sd","09:49:49",499400
20200,-200,500,"sd","09:49:45",479400
20200,-200,7000,"sd","09:48:11",478900
20200,-200,1000,"sd","09:48:08",471900
20300,-100,1000,"bu","09:48:02",470900
20200,-200,500,"sd","09:47:42",469900
20200,-200,200,"sd","09:47:39",469400
20200,-200,1000,"sd","09:47:18",469200
20200,-200,2800,"sd","09:47:13",468200
20200,-200,3000,"sd","09:47:07",465400
20200,-200,1000,"sd","09:46:55",462400
20200,-200,6000,"sd","09:46:27",461400
20200,-200,2000,"sd","09:46:19",455400
20200,-200,200,"sd","09:45:32",453400
20200,-200,500,"sd","09:45:30",453200
20200,-200,500,"sd","09:45:26",452700
20200,-200,1100,"sd","09:45:20",452200
20200,-200,2000,"sd","09:45:00",451100
20200,-200,200,"sd","09:44:59",449100
20200,-200,2000,"sd","09:44:52",448900
20200,-200,3000,"sd","09:44:47",446900
20200,-200,5000,"sd","09:44:44",443900
20200,-200,90000,"sd","09:44:20",438900
20200,-200,2000,"sd","09:44:00",348900
20200,-200,1000,"sd","09:43:58",346900
20200,-200,600,"sd","09:43:48",345900
20200,-200,2000,"sd","09:43:28",345300
20300,-100,7000,"bu","09:42:50",343300
20200,-200,50000,"sd","09:42:41",336300
20300,-100,100,"bu","09:42:33",286300
20300,-100,200,"bu","09:42:17",286200
20300,-100,100,"bu","09:41:58",286000
20300,-100,100,"bu","09:41:37",285900
20300,-100,500,"bu","09:41:25",285800
20200,-200,900,"sd","09:41:24",285300
20200,-200,200,"sd","09:41:09",284400
20200,-200,15000,"sd","09:41:06",284200
20300,-100,2000,"bu","09:40:29",269200
20300,-100,500,"bu","09:39:04",267200
20200,-200,700,"sd","09:38:53",266700
20200,-200,400,"sd","09:38:42",266000
20300,-100,200,"bu","09:38:35",265600
20300,-100,300,"bu","09:38:18",265400
20200,-200,1600,"sd","09:37:58",265100
20200,-200,100,"sd","09:37:49",263500
20200,-200,300,"sd","09:37:42",263400
20300,-100,100,"bu","09:37:27",263100
20300,-100,1000,"bu","09:37:19",263000
20200,-200,600,"sd","09:37:17",262000
20300,-100,100,"bu","09:37:14",261400
20300,-100,200,"bu","09:37:10",261300
20300,-100,500,"bu","09:36:52",261100
20300,-100,200,"bu","09:36:42",260600
20300,-100,1100,"bu","09:36:02",260400
20300,-100,10000,"sd","09:35:53",259300
20300,-100,1000,"sd","09:35:43",249300
20300,-100,5000,"sd","09:35:16",248300
20300,-100,700,"sd","09:34:16",243300
20300,-100,2700,"sd","09:34:11",242600
20300,-100,10000,"bu","09:34:10",239900
20300,-100,500,"bu","09:34:06",229900
20300,-100,100,"bu","09:34:05",229400
20300,-100,2000,"bu","09:34:03",229300
20300,-100,3200,"bu","09:33:58",227300
20300,-100,1000,"bu","09:33:45",224100
20300,-100,1500,"bu","09:33:42",223100
20300,-100,200,"bu","09:33:41",221600
20300,-100,20000,"bu","09:33:31",221400
20300,-100,5000,"bu","09:33:13",201400
20300,-100,1000,"bu","09:33:12",196400
20300,-100,5000,"bu","09:33:06",195400
20300,-100,100,"bu","09:33:02",190400
20300,-100,500,"bu","09:33:01",190300
20300,-100,1000,"bu","09:32:56",189800
20300,-100,10000,"bu","09:32:55",188800
20300,-100,1000,"bu","09:32:52",178800
20300,-100,5000,"bu","09:32:37",177800
20300,-100,2000,"bu","09:32:01",172800
20300,-100,100,"bu","09:31:52",170800
20300,-100,3000,"bu","09:31:44",170700
20300,-100,500,"bu","09:31:43",167700
20300,-100,1000,"bu","09:31:34",167200
20300,-100,1900,"bu","09:31:26",166200
20300,-100,1000,"bu","09:31:16",164300
20300,-100,500,"bu","09:31:10",163300
20300,-100,100,"bu","09:30:53",162800
20300,-100,500,"bu","09:30:34",162700
20300,-100,100,"bu","09:29:28",162200
20300,-100,4000,"bu","09:29:26",162100
20300,-100,300,"bu","09:29:19",158100
20300,-100,200,"bu","09:28:31",157800
20300,-100,100,"bu","09:28:30",157600
20300,-100,700,"bu","09:28:12",157500
20200,-200,1500,"sd","09:27:54",156800
20200,-200,400,"sd","09:27:28",155300
20200,-200,200,"sd","09:26:56",154900
20200,-200,2500,"sd","09:25:56",154700
20200,-200,200,"sd","09:25:37",152200
20200,-200,100,"sd","09:25:36",152000
20300,-100,200,"bu","09:25:26",151900
20300,-100,300,"bu","09:25:22",151700
20300,-100,200,"bu","09:24:57",151400
20300,-100,900,"bu","09:23:30",151200
20300,-100,300,"bu","09:23:25",150300
20300,-100,100,"bu","09:22:46",150000
20300,-100,23900,"sd","09:22:32",149900
20300,-100,10000,"sd","09:22:24",126000
20300,-100,200,"sd","09:22:06",116000
20400,0,200,"bu","09:22:02",115800
20300,-100,10000,"sd","09:21:11",115600
20400,0,600,"bu","09:20:54",105600
20400,0,500,"bu","09:20:48",105000
20300,-100,1500,"sd","09:19:32",104500
20300,-100,3700,"sd","09:18:47",103000
20300,-100,1000,"sd","09:17:32",99300
20300,-100,10900,"bu","09:17:03",98300
20300,-100,100,"bu","09:17:00",87400
20300,-100,100,"bu","09:16:57",87300
20300,-100,500,"bu","09:16:50",87200
20300,-100,5000,"bu","09:16:48",86700
20300,-100,5000,"bu","09:16:35",81700
20200,-200,100,"sd","09:16:19",76700
20300,-100,300,"bu","09:16:15",76600
20300,-100,500,"bu","09:16:07",76300
20300,-100,100,"bu","09:16:04",75800
20300,-100,1000,"bu","09:15:57",75700
20300,-100,500,"bu","09:15:51",74700
20300,-100,5000,"bu","09:15:44",74200
20300,-100,1000,"bu","09:15:40",69200
20300,-100,1000,"bu","09:14:58",68200
20300,-100,2000,"bu","09:14:47",67200
20300,-100,200,"bu","09:14:35",65200
20300,-100,700,"bu","09:14:32",65000
20300,-100,1000,"bu","09:14:29",64300
20300,-100,200,"bu","09:14:28",63300
20300,-100,1100,"bu","09:14:20",63100
20300,-100,1000,"bu","09:14:16",62000
20300,-100,1000,"bu","09:14:15",61000
20300,-100,2700,"bu","09:14:13",60000
20300,-100,1000,"bu","09:14:05",57300
20300,-100,500,"bu","09:14:02",56300
20300,-100,1500,"bu","09:13:33",55800
20300,-100,200,"bu","09:12:38",54300
20300,-100,100,"bu","09:12:21",54100
20300,-100,1000,"bu","09:12:15",54000
20300,-100,100,"bu","09:12:13",53000
20300,-100,100,"bu","09:12:11",52900
20300,-100,1000,"bu","09:12:03",52800
20300,-100,1000,"bu","09:11:49",51800
20300,-100,500,"bu","09:11:42",50800
20300,-100,5000,"bu","09:11:04",50300
20200,-200,300,"sd","09:07:13",45300
20200,-200,10000,"sd","09:06:50",45000
20200,-200,2000,"sd","09:06:25",35000
20300,-100,100,"bu","09:05:56",33000
20300,-100,1000,"bu","09:05:48",32900
20300,-100,1000,"bu","09:05:35",31900
20300,-100,1000,"bu","09:05:22",30900
20300,-100,1000,"bu","09:05:00",29900
20300,-100,300,"bu","09:04:58",28900
20300,-100,3200,"bu","09:04:05",28600
20300,-100,100,"bu","09:03:43",25400
20300,-100,3400,"bu","09:03:11",25300
20300,-100,1000,"bu","09:03:07",21900
20300,-100,100,"bu","09:02:48",20900
20300,-100,1000,"bu","09:02:47",20800
20300,-100,1000,"bu","09:01:53",19800
20300,-100,2000,"bu","09:01:45",18800
20300,-100,2000,"bu","09:01:00",16800
20300,-100,100,"bu","09:00:35",14800
20300,-100,400,"bu","09:00:30",14700
20300,-100,300,"bu","09:00:24",14300
20300,-100,10000,"bu","09:00:20",14000
20300,-100,500,"bu","09:00:16",4000
20300,-100,3200,"bu","09:00:15",3500
20300,-100,100,"bu","09:00:13",300
20300,-100,100,"bu","09:00:10",200
20300,-100,100,"bu","09:00:04",100
