"price","change","match_qtty","side","time","total_vol"
11600,250,23200,"bu","14:45:00",603600
11500,150,6300,"sd","14:29:46",580400
11500,150,800,"sd","14:29:46",574100
11550,200,1000,"sd","14:29:46",573300
11550,200,1900,"sd","14:29:46",572300
11550,200,300,"bu","14:29:06",570400
11550,200,800,"bu","14:29:06",570100
11550,200,500,"bu","14:28:26",569300
11550,200,200,"bu","14:27:38",568800
11500,150,1400,"sd","14:27:27",568600
11500,150,1500,"sd","14:27:27",567200
11500,150,300,"sd","14:27:27",565700
11500,150,1000,"sd","14:27:27",565400
11500,150,800,"sd","14:27:27",564400
11600,250,700,"bu","14:27:01",563600
11600,250,2000,"bu","14:27:01",562900
11600,250,2000,"bu","14:27:01",560900
11600,250,5000,"bu","14:27:01",558900
11600,250,200,"bu","14:27:00",553900
11600,250,100,"bu","14:27:00",553700
11550,200,100,"sd","14:26:13",553600
11550,200,1000,"bu","14:25:06",553500
11550,200,2000,"bu","14:25:06",552500
11550,200,2000,"bu","14:25:06",550500
11550,200,100,"bu","14:25:06",548500
11550,200,1000,"bu","14:25:06",548400
11500,150,400,"sd","14:24:55",547400
11500,150,800,"sd","14:23:19",547000
11500,150,4200,"sd","14:23:19",546200
11500,150,200,"sd","14:22:31",542000
11500,150,200,"sd","14:20:57",541800
11500,150,700,"sd","14:20:57",541600
11500,150,100,"sd","14:20:57",540900
11500,150,100,"sd","14:20:08",540800
11550,200,200,"bu","14:19:58",540700
11500,150,800,"sd","14:19:00",540500
11500,150,100,"sd","14:19:00",539700
11500,150,100,"sd","14:19:00",539600
11550,200,1800,"bu","14:15:14",539500
11550,200,100,"bu","14:14:37",537700
11550,200,1900,"bu","14:14:24",537600
11550,200,3700,"bu","14:14:24",535700
11550,200,2500,"bu","14:14:24",532000
11500,150,900,"sd","14:14:07",529500
11550,200,500,"sd","14:10:44",528600
11600,250,100,"sd","14:08:50",528100
11600,250,100,"sd","14:08:35",528000
11600,250,2000,"sd","14:08:34",527900
11600,250,500,"sd","14:08:30",525900
11600,250,500,"sd","14:07:59",525400
11650,300,200,"bu","14:07:50",524900
11650,300,5000,"bu","14:06:10",524700
11600,250,2000,"sd","14:05:38",519700
11650,300,200,"bu","14:05:26",517700
11700,350,300,"bu","14:04:25",517500
11700,350,1000,"bu","14:04:25",517200
11700,350,900,"bu","14:04:25",515200
11700,350,1000,"bu","14:04:25",516200
11650,300,1000,"sd","14:04:15",514300
11650,300,200,"bu","14:04:08",513300
11650,300,100,"bu","14:04:08",512600
11650,300,500,"bu","14:04:08",513100
11600,250,1000,"bu","14:03:55",512500
11600,250,1000,"bu","14:03:32",511500
11600,250,5100,"bu","14:03:32",510500
11600,250,400,"bu","14:03:32",505400
11600,250,5000,"bu","14:03:32",505000
11600,250,100,"bu","14:03:32",500000
11550,200,1000,"bu","14:03:32",499900
11600,250,1000,"bu","14:03:32",498900
11600,250,5000,"bu","14:03:32",497900
11600,250,2000,"bu","14:03:32",492900
11600,250,3000,"bu","14:03:32",490900
11600,250,17300,"bu","14:03:32",487900
11600,250,4900,"bu","14:03:32",470600
11600,250,1300,"bu","14:03:32",465700
11550,200,1000,"bu","14:03:32",464400
11550,200,3000,"bu","14:03:32",463400
11550,200,4400,"bu","14:03:32",460400
11550,200,500,"bu","14:03:32",456000
11550,200,1000,"bu","14:03:32",455500
11500,150,500,"bu","14:03:10",454500
11500,150,6800,"bu","14:03:10",454000
11500,150,2000,"bu","14:03:08",447200
11500,150,15600,"bu","14:02:51",445200
11500,150,5000,"bu","14:02:49",429600
11500,150,1000,"bu","14:02:36",424600
11500,150,5000,"bu","14:02:28",423600
11500,150,300,"sd","14:02:07",418600
11500,150,500,"sd","14:01:51",418300
11500,150,200,"sd","14:01:51",417800
11500,150,1000,"bu","14:00:41",417600
11500,150,4200,"bu","14:00:41",416600
11500,150,3000,"bu","14:00:41",412400
11500,150,100,"bu","14:00:41",409400
11500,150,5000,"bu","14:00:41",409300
11500,150,2500,"bu","14:00:41",404300
11500,150,200,"bu","14:00:41",401800
11500,150,3000,"bu","14:00:41",401600
11500,150,5000,"bu","14:00:41",398600
11500,150,200,"bu","14:00:41",393600
11500,150,200,"bu","14:00:41",393400
11500,150,1600,"bu","14:00:41",393200
11500,150,16900,"bu","14:00:41",391600
11500,150,100,"bu","14:00:41",374700
11500,150,1000,"bu","14:00:41",374600
11500,150,1000,"bu","14:00:41",373600
11500,150,10000,"bu","14:00:41",372600
11500,150,800,"bu","14:00:41",362600
11500,150,100,"bu","14:00:41",361800
11500,150,100,"bu","14:00:41",361700
11450,100,1000,"bu","14:00:41",361600
11450,100,500,"bu","14:00:41",360600
11450,100,500,"bu","14:00:41",360100
11450,100,2000,"bu","14:00:41",359600
11450,100,15000,"bu","14:00:41",357600
11450,100,1000,"bu","14:00:01",342600
11450,100,1000,"bu","14:00:01",341600
11450,100,100,"bu","14:00:01",340600
11450,100,400,"bu","14:00:01",340500
11450,100,2500,"bu","14:00:01",340100
11400,50,1000,"sd","13:59:38",337600
11400,50,100,"sd","13:59:27",336600
11400,50,500,"sd","13:55:30",336500
11400,50,1500,"bu","13:55:16",336000
11400,50,300,"bu","13:55:16",334500
11400,50,300,"bu","13:55:16",334200
11400,50,22700,"bu","13:55:16",333900
11400,50,10000,"bu","13:55:02",311200
11350,0,600,"sd","13:54:31",301200
11350,0,3000,"sd","13:54:31",300600
11350,0,200,"sd","13:54:31",297600
11400,50,100,"sd","13:53:58",297400
11400,50,2800,"sd","13:53:58",297300
11400,50,10000,"sd","13:53:58",294500
11400,50,2400,"sd","13:53:58",284500
11400,50,100,"sd","13:52:44",282100
11400,50,2000,"sd","13:52:20",282000
11400,50,1900,"sd","13:51:52",280000
11400,50,500,"sd","13:51:27",278100
11400,50,500,"sd","13:51:19",277600
11400,50,1000,"sd","13:49:59",277100
11400,50,200,"sd","13:48:47",276100
11400,50,1400,"sd","13:47:30",275900
11400,50,4000,"sd","13:47:30",274500
11450,100,2500,"bu","13:44:16",270500
11450,100,100,"bu","13:44:16",268000
11450,100,2000,"bu","13:44:16",267900
11450,100,3400,"bu","13:44:16",265900
11400,50,5700,"sd","13:44:08",262500
11450,100,5300,"bu","13:41:40",256800
11400,50,100,"sd","13:41:04",251500
11400,50,200,"sd","13:40:42",251400
11350,0,300,"sd","13:31:04",251200
11350,0,400,"sd","13:31:04",250900
11400,50,100,"sd","13:31:04",250500
11400,50,200,"sd","13:31:03",250400
11400,50,300,"sd","13:29:34",250200
11400,50,100,"sd","13:29:34",249900
11400,50,400,"bu","13:27:30",249800
11400,50,500,"bu","13:27:30",249400
11400,50,100,"bu","13:27:30",248900
11400,50,100,"bu","13:27:30",248800
11400,50,1000,"bu","13:27:30",248700
11400,50,1000,"bu","13:27:30",247700
11350,0,9100,"sd","13:25:35",246700
11350,0,500,"sd","13:20:46",237600
11350,0,400,"sd","13:18:34",237100
11350,0,100,"sd","13:18:34",236700
11350,0,100,"sd","13:16:24",236600
11350,0,100,"sd","13:16:24",236500
11350,0,1800,"sd","13:16:24",236400
11350,0,200,"sd","13:15:31",234600
11400,50,2800,"bu","13:12:57",234400
11400,50,100,"bu","13:04:08",231600
11350,0,800,"sd","13:01:25",231500
11350,0,2000,"sd","13:01:25",230700
11350,0,200,"sd","13:01:25",228700
11350,0,400,"sd","13:00:12",228500
11350,0,500,"sd","13:00:02",228100
11350,0,100,"sd","13:00:00",227600
11350,0,300,"sd","13:00:00",227500
11350,0,1300,"sd","11:22:15",227200
11350,0,200,"sd","11:22:05",225900
11350,0,5000,"bu","11:21:36",225700
11350,0,2000,"sd","11:21:14",220700
11350,0,3400,"sd","11:21:14",218700
11350,0,1600,"sd","11:19:20",215300
11350,0,200,"sd","11:18:21",213700
11350,0,300,"sd","11:18:21",213500
11350,0,4700,"sd","11:15:41",213200
11350,0,300,"sd","11:15:41",208500
11350,0,1700,"sd","11:12:49",208200
11350,0,1100,"sd","11:12:49",206500
11350,0,100,"sd","11:12:49",205400
11350,0,8000,"sd","11:12:49",205300
11350,0,5000,"sd","11:12:49",197300
11350,0,16100,"sd","11:12:49",192300
11350,0,400,"sd","11:04:10",176200
11350,0,1400,"sd","10:58:21",175800
11400,50,1200,"sd","10:54:51",174400
11400,50,800,"sd","10:52:53",173200
11400,50,200,"sd","10:52:53",172400
11450,100,1300,"bu","10:41:59",172200
11450,100,4500,"bu","10:41:59",170900
11450,100,5000,"bu","10:41:59",166400
11450,100,5000,"bu","10:41:59",161400
11400,50,1000,"bu","10:41:59",156400
11400,50,1000,"sd","10:40:44",155400
11400,50,100,"bu","10:39:33",154400
11400,50,1900,"sd","10:39:02",154300
11400,50,1000,"bu","10:37:09",152400
11400,50,5000,"bu","10:37:09",151400
11400,50,900,"bu","10:37:09",146400
11400,50,400,"bu","10:34:45",145500
11400,50,2600,"bu","10:34:45",145100
11400,50,1300,"sd","10:32:59",142500
11400,50,200,"sd","10:32:48",141200
11400,50,1400,"sd","10:31:31",141000
11400,50,100,"sd","10:31:15",139600
11400,50,1000,"sd","10:30:59",139500
11400,50,1000,"sd","10:30:56",138500
11400,50,5500,"bu","10:23:42",137500
11400,50,500,"bu","10:23:42",132000
11400,50,5000,"bu","10:19:09",131500
11400,50,100,"bu","10:16:04",126500
11350,0,2100,"bu","10:13:09",126400
11350,0,20000,"sd","10:11:00",124300
11350,0,2000,"sd","10:11:00",104300
11350,0,1000,"sd","10:11:00",102300
11350,0,1300,"sd","10:11:00",101300
11350,0,5000,"sd","10:11:00",100000
11350,0,200,"sd","10:11:00",95000
11350,0,3000,"sd","10:11:00",94800
11350,0,1000,"sd","10:11:00",91800
11350,0,200,"sd","10:05:27",90800
11350,0,400,"sd","10:04:46",90600
11350,0,400,"sd","09:58:09",90200
11350,0,1800,"bu","09:55:59",89800
11350,0,200,"bu","09:55:59",88000
11350,0,6300,"bu","09:55:14",87800
11350,0,5000,"sd","09:54:24",81500
11350,0,500,"sd","09:54:24",76500
11350,0,1000,"sd","09:54:24",76000
11350,0,7000,"sd","09:54:24",75000
11350,0,1800,"sd","09:53:00",68000
11350,0,100,"sd","09:53:00",66200
11350,0,100,"sd","09:53:00",66100
11350,0,1800,"sd","09:53:00",66000
11350,0,2700,"sd","09:47:08",64200
11350,0,500,"sd","09:44:55",61500
11350,0,15000,"sd","09:44:33",61000
11350,0,5000,"sd","09:44:33",46000
11350,0,1600,"sd","09:43:47",41000
11350,0,400,"sd","09:38:04",39400
11350,0,500,"sd","09:38:04",39000
11350,0,1100,"sd","09:38:04",38500
11350,0,3900,"sd","09:30:08",37400
11350,0,500,"sd","09:30:08",33500
11350,0,1400,"sd","09:30:08",33000
11350,0,4200,"sd","09:30:08",31600
11350,0,3800,"sd","09:29:26",27400
11400,50,100,"bu","09:28:44",23600
11400,50,5000,"bu","09:26:38",23500
11400,50,100,"bu","09:24:54",18500
11400,50,2000,"bu","09:19:50",18400
11350,0,600,"sd","09:17:21",16400
11350,0,600,"sd","09:17:21",15800
11350,0,900,"bu","09:15:03",15200
11250,-100,14300,"bu","09:14:59",14300
