"price","change","match_qtty","side","time","total_vol"
14.5,0.1,5000,"bu","14:59:56",4516200
14.5,0.1,500,"bu","14:59:55",4511200
14.5,0.1,500,"bu","14:59:50",4510700
14.5,0.1,2300,"bu","14:59:41",4510200
14.4,0,7000,"sd","14:59:30",4507900
14.5,0.1,1600,"bu","14:59:19",4500900
14.4,0,2100,"sd","14:58:50",4499300
14.4,0,1700,"sd","14:58:35",4497200
14.4,0,300,"sd","14:58:13",4495500
14.5,0.1,1700,"bu","14:58:03",4495200
14.4,0,3500,"sd","14:57:31",4493500
14.4,0,7000,"sd","14:57:16",4490000
14.4,0,5000,"sd","14:56:58",4483000
14.4,0,4000,"sd","14:56:54",4478000
14.5,0.1,500,"bu","14:56:16",4474000
14.4,0,2000,"sd","14:55:57",4473500
14.4,0,1000,"sd","14:55:47",4471500
14.4,0,9000,"sd","14:55:46",4470500
14.4,0,500,"sd","14:55:36",4461500
14.5,0.1,100,"bu","14:55:11",4461000
14.5,0.1,200,"bu","14:54:53",4460900
14.5,0.1,100,"bu","14:53:50",4460700
14.5,0.1,4500,"bu","14:52:58",4460600
14.5,0.1,1000,"bu","14:52:45",4456100
14.5,0.1,1000,"bu","14:51:41",4455100
14.5,0.1,300,"bu","14:51:03",4454100
14.5,0.1,600,"bu","14:50:53",4453800
14.5,0.1,3000,"bu","14:50:12",4453200
14.4,0,1000,"sd","14:50:03",4450200
14.5,0.1,2000,"bu","14:49:55",4449200
14.4,0,1500,"sd","14:49:21",4447200
14.4,0,2000,"sd","14:49:16",4445700
14.4,0,15000,"sd","14:48:47",4443700
14.4,0,100,"sd","14:48:45",4428700
14.5,0.1,1000,"bu","14:48:44",4428600
14.5,0.1,1000,"bu","14:48:35",4427600
14.5,0.1,100,"bu","14:47:39",4426600
14.4,0,100,"sd","14:47:28",4426500
14.4,0,1000,"sd","14:47:11",4426400
14.5,0.1,5000,"bu","14:47:07",4425400
14.5,0.1,1000,"bu","14:47:04",4420400
14.5,0.1,700,"bu","14:46:55",4419400
14.5,0.1,300,"bu","14:46:49",4418700
14.5,0.1,1000,"bu","14:46:47",4418400
14.5,0.1,6400,"bu","14:46:35",4417400
14.5,0.1,5000,"bu","14:46:25",4411000
14.5,0.1,200,"bu","14:46:14",4406000
14.5,0.1,500,"bu","14:46:07",4405800
14.5,0.1,1000,"bu","14:46:04",4405300
14.5,0.1,9600,"bu","14:45:57",4404300
14.5,0.1,100,"bu","14:45:53",4394700
14.5,0.1,2000,"bu","14:45:35",4394600
14.5,0.1,1000,"bu","14:45:03",4392600
14.5,0.1,200,"bu","14:44:54",4391600
14.5,0.1,500,"bu","14:44:49",4391400
14.5,0.1,200,"bu","14:44:40",4390900
14.5,0.1,100,"bu","14:44:27",4390700
14.4,0,400,"sd","14:43:59",4390600
14.5,0.1,2000,"bu","14:43:04",4390200
14.5,0.1,100,"bu","14:43:02",4388200
14.5,0.1,100,"bu","14:42:58",4388100
14.4,0,1300,"sd","14:42:53",4388000
14.5,0.1,2000,"bu","14:42:48",4386700
14.5,0.1,200,"bu","14:42:08",4384700
14.5,0.1,40000,"bu","14:41:26",4384500
14.5,0.1,3900,"bu","14:41:22",4344500
14.5,0.1,100,"bu","14:41:04",4340600
14.5,0.1,100,"bu","14:40:21",4340500
14.4,0,300,"sd","14:39:43",4340400
14.4,0,500,"sd","14:39:17",4340100
14.5,0.1,100,"bu","14:39:16",4339600
14.5,0.1,2000,"bu","14:38:47",4339500
14.5,0.1,1000,"bu","14:37:42",4337500
14.4,0,400,"sd","14:37:41",4336500
14.4,0,300,"sd","14:37:38",4336100
14.4,0,500,"sd","14:37:30",4335800
14.4,0,900,"sd","14:37:26",4335300
14.4,0,500,"sd","14:36:50",4334400
14.4,0,300,"sd","14:36:41",4333900
14.4,0,500,"sd","14:36:31",4333600
14.4,0,200,"sd","14:35:27",4333100
14.4,0,9600,"sd","14:35:11",4332900
14.4,0,19300,"sd","14:34:57",4323300
14.4,0,4000,"sd","14:34:43",4304000
14.4,0,18400,"sd","14:34:19",4300000
14.4,0,42700,"sd","14:34:03",4281600
14.4,0,3000,"sd","14:33:51",4238900
14.4,0,1000,"sd","14:33:39",4235900
14.4,0,500,"sd","14:33:37",4234900
14.4,0,500,"sd","14:32:49",4234400
14.4,0,3000,"sd","14:32:44",4233900
14.5,0.1,500,"bu","14:32:17",4230900
14.5,0.1,100,"bu","14:32:13",4230400
14.5,0.1,2000,"bu","14:32:04",4230300
14.5,0.1,500,"bu","14:32:00",4228300
14.5,0.1,400,"bu","14:31:04",4227800
14.5,0.1,100,"bu","14:30:47",4227400
14.5,0.1,100,"bu","14:30:45",4227300
14.5,0.1,400,"bu","14:30:26",4227200
14.4,0,700,"sd","14:30:22",4226800
14.5,0.1,2000,"bu","14:29:58",4226100
14.5,0.1,200,"bu","14:29:51",4224100
14.5,0.1,200,"bu","14:29:36",4223900
14.4,0,100,"sd","14:29:34",4223700
14.4,0,5000,"sd","14:29:21",4223600
14.5,0.1,1000,"bu","14:29:20",4218600
14.5,0.1,1000,"bu","14:29:17",4217600
14.4,0,6000,"sd","14:29:12",4216600
14.4,0,1000,"sd","14:29:10",4210600
14.4,0,100,"sd","14:29:02",4209600
14.4,0,100,"sd","14:28:52",4209500
14.4,0,2000,"sd","14:28:51",4209400
14.4,0,500,"sd","14:28:21",4207400
14.4,0,1800,"sd","14:28:20",4206900
14.4,0,1000,"sd","14:28:12",4205100
14.4,0,2000,"sd","14:28:02",4204100
14.4,0,200,"sd","14:28:01",4202100
14.5,0.1,300,"bu","14:27:53",4201900
14.4,0,300,"sd","14:27:48",4201600
14.5,0.1,500,"bu","14:27:35",4201300
14.5,0.1,10000,"bu","14:27:32",4200800
14.4,0,100,"sd","14:27:28",4190800
14.4,0,300,"sd","14:27:23",4190700
14.4,0,19300,"sd","14:26:52",4190400
14.5,0.1,500,"bu","14:26:46",4171100
14.4,0,500,"sd","14:26:42",4170600
14.4,0,1000,"sd","14:26:29",4170100
14.4,0,1000,"sd","14:25:39",4169100
14.4,0,4000,"sd","14:25:36",4168100
14.4,0,3000,"sd","14:25:10",4164100
14.5,0.1,500,"bu","14:25:02",4161100
14.4,0,8000,"sd","14:24:54",4160600
14.4,0,4800,"sd","14:24:53",4152600
14.4,0,1000,"sd","14:24:50",4147800
14.4,0,1400,"sd","14:24:49",4146800
14.4,0,500,"sd","14:24:47",4145400
14.4,0,1000,"sd","14:24:41",4144900
14.4,0,14800,"sd","14:24:13",4143900
14.5,0.1,1100,"bu","14:24:01",4129100
14.4,0,2000,"sd","14:23:59",4128000
14.4,0,500,"sd","14:23:48",4126000
14.5,0.1,400,"bu","14:23:35",4125500
14.5,0.1,500,"bu","14:23:28",4125100
14.5,0.1,100,"bu","14:23:25",4124600
14.4,0,100,"sd","14:23:21",4124500
14.5,0.1,1000,"bu","14:23:15",4124400
14.4,0,100,"sd","14:23:13",4123400
14.4,0,2000,"sd","14:23:12",4123300
14.5,0.1,100,"bu","14:23:06",4121300
14.5,0.1,5000,"bu","14:22:18",4121200
14.5,0.1,3000,"bu","14:22:06",4116200
14.5,0.1,500,"bu","14:21:54",4113200
14.5,0.1,500,"bu","14:21:12",4112700
14.4,0,500,"sd","14:21:10",4112200
14.5,0.1,500,"bu","14:20:20",4111700
14.4,0,100,"sd","14:20:16",4111200
14.4,0,100,"sd","14:20:04",4111100
14.4,0,1000,"sd","14:20:02",4111000
14.4,0,8300,"sd","14:19:55",4110000
14.4,0,1000,"sd","14:19:48",4101700
14.4,0,2000,"sd","14:19:31",4100700
14.4,0,100,"sd","14:19:12",4098700
14.5,0.1,500,"bu","14:18:45",4098600
14.4,0,500,"sd","14:18:20",4098100
14.5,0.1,1000,"bu","14:18:06",4097600
14.4,0,1000,"sd","14:18:03",4096600
14.5,0.1,500,"bu","14:17:11",4095600
14.5,0.1,300,"bu","14:17:07",4095100
14.5,0.1,500,"bu","14:17:03",4094800
14.5,0.1,200,"bu","14:17:01",4094300
14.4,0,3000,"sd","14:16:58",4094100
14.4,0,400,"sd","14:16:55",4091100
14.4,0,800,"sd","14:16:46",4090700
14.5,0.1,200,"bu","14:16:35",4089900
14.5,0.1,1000,"bu","14:16:32",4089700
14.5,0.1,500,"bu","14:16:21",4088700
14.5,0.1,500,"bu","14:15:37",4088200
14.4,0,1000,"sd","14:15:13",4087700
14.5,0.1,100,"bu","14:15:06",4086700
14.5,0.1,100,"bu","14:14:51",4086600
14.5,0.1,100,"bu","14:14:47",4086500
14.5,0.1,200,"bu","14:14:26",4086400
14.5,0.1,500,"bu","14:14:04",4086200
14.5,0.1,900,"bu","14:13:12",4085700
14.5,0.1,100,"bu","14:12:50",4084800
14.5,0.1,1000,"bu","14:12:46",4084700
14.5,0.1,35000,"bu","14:12:33",4083700
14.5,0.1,500,"bu","14:12:30",4048700
14.4,0,2000,"sd","14:12:22",4048200
14.5,0.1,500,"bu","14:12:11",4046200
14.5,0.1,100,"bu","14:12:05",4045700
14.5,0.1,200,"bu","14:11:57",4045600
14.4,0,1000,"sd","14:11:43",4045400
14.5,0.1,1600,"bu","14:11:38",4044400
14.5,0.1,2000,"bu","14:11:34",4042800
14.5,0.1,5000,"bu","14:11:31",4040800
14.5,0.1,1000,"bu","14:11:28",4035800
14.5,0.1,100,"bu","14:11:24",4034800
14.5,0.1,5000,"bu","14:11:15",4034700
14.4,0,200,"sd","14:11:13",4029700
14.5,0.1,500,"bu","14:10:56",4029500
14.5,0.1,100,"bu","14:10:44",4029000
14.5,0.1,400,"bu","14:10:41",4028900
14.5,0.1,100,"bu","14:10:24",4028500
14.5,0.1,500,"bu","14:10:17",4028400
14.5,0.1,1000,"bu","14:10:10",4027900
14.5,0.1,3500,"bu","14:09:42",4026900
14.5,0.1,1000,"bu","14:09:29",4023400
14.5,0.1,500,"bu","14:09:22",4022400
14.5,0.1,500,"bu","14:07:48",4021900
14.5,0.1,100,"bu","14:07:09",4021400
14.5,0.1,3500,"bu","14:06:56",4021300
14.5,0.1,200,"bu","14:06:44",4017800
14.4,0,1000,"sd","14:06:29",4017600
14.4,0,6000,"sd","14:06:15",4016600
14.5,0.1,500,"bu","14:06:14",4010600
14.5,0.1,400,"bu","14:05:52",4010100
14.4,0,500,"sd","14:05:48",4009700
14.4,0,10000,"sd","14:05:01",4009200
14.4,0,15000,"sd","14:04:59",3999200
14.5,0.1,3000,"bu","14:04:49",3984200
14.5,0.1,500,"bu","14:04:40",3981200
14.4,0,25000,"sd","14:04:38",3980700
14.5,0.1,12000,"bu","14:04:29",3955700
14.4,0,7100,"sd","14:04:15",3943700
14.5,0.1,2000,"bu","14:03:54",3936600
14.5,0.1,5300,"bu","14:03:39",3934600
14.5,0.1,2000,"bu","14:03:34",3929300
14.5,0.1,700,"bu","14:03:23",3927300
14.5,0.1,9000,"bu","14:03:14",3926600
14.5,0.1,500,"bu","14:03:06",3917600
14.5,0.1,2000,"bu","14:02:38",3917100
14.5,0.1,4500,"bu","14:02:05",3915100
14.4,0,700,"sd","14:01:43",3910600
14.4,0,100,"sd","14:01:18",3909900
14.4,0,2000,"sd","14:01:15",3909800
14.4,0,4000,"sd","14:00:54",3907800
14.5,0.1,100,"bu","14:00:38",3903800
14.5,0.1,1000,"bu","14:00:22",3903700
14.5,0.1,500,"bu","14:00:20",3902700
14.5,0.1,200,"bu","14:00:17",3902200
14.5,0.1,400,"bu","14:00:07",3902000
14.5,0.1,100,"bu","14:00:03",3901600
14.5,0.1,1000,"bu","14:00:02",3901500
14.5,0.1,1000,"bu","14:00:01",3900500
14.5,0.1,100,"bu","13:59:50",3899500
14.5,0.1,2000,"bu","13:59:33",3899400
14.5,0.1,2500,"bu","13:58:48",3897400
14.5,0.1,1000,"bu","13:58:23",3894900
14.5,0.1,100,"bu","13:58:14",3893900
14.5,0.1,100,"bu","13:58:04",3893800
14.5,0.1,20000,"bu","13:57:45",3893700
14.5,0.1,700,"bu","13:57:39",3873700
14.5,0.1,1000,"bu","13:57:33",3873000
14.5,0.1,100,"bu","13:57:29",3872000
14.5,0.1,1000,"bu","13:57:28",3871900
14.5,0.1,300,"bu","13:57:22",3870900
14.5,0.1,500,"bu","13:57:15",3870600
14.5,0.1,1000,"bu","13:56:36",3870100
14.5,0.1,800,"bu","13:56:32",3869100
14.5,0.1,100,"bu","13:55:59",3868300
14.5,0.1,500,"bu","13:55:42",3868200
14.5,0.1,900,"bu","13:55:32",3867700
14.4,0,1000,"sd","13:55:21",3866800
14.5,0.1,300,"bu","13:55:20",3865800
14.4,0,5000,"sd","13:55:05",3865500
14.5,0.1,300,"bu","13:54:59",3860500
14.5,0.1,1100,"bu","13:54:53",3860200
14.5,0.1,2000,"bu","13:54:48",3859100
14.5,0.1,9700,"bu","13:54:43",3857100
14.5,0.1,500,"bu","13:54:40",3847400
14.5,0.1,500,"bu","13:54:33",3846900
14.5,0.1,1000,"bu","13:54:24",3846400
14.4,0,200,"sd","13:54:03",3845400
14.5,0.1,3300,"bu","13:53:55",3845200
14.5,0.1,100,"bu","13:53:49",3841900
14.5,0.1,300,"bu","13:53:43",3841800
14.5,0.1,3000,"bu","13:53:31",3841500
14.5,0.1,2000,"bu","13:53:24",3838500
14.5,0.1,100,"bu","13:53:15",3836500
14.5,0.1,1000,"bu","13:53:14",3836400
14.5,0.1,900,"bu","13:53:11",3835400
14.5,0.1,1000,"bu","13:53:07",3834500
14.5,0.1,4800,"bu","13:52:57",3833500
14.5,0.1,100,"bu","13:52:51",3828700
14.5,0.1,100,"bu","13:52:41",3828600
14.4,0,300,"sd","13:52:25",3828500
14.4,0,200,"sd","13:52:02",3828200
14.4,0,400,"sd","13:50:23",3828000
14.5,0.1,100,"bu","13:50:06",3827600
14.5,0.1,100,"bu","13:50:05",3827500
14.5,0.1,43900,"sd","13:49:52",3827400
14.5,0.1,200,"sd","13:49:51",3783500
14.5,0.1,103100,"sd","13:49:49",3783300
14.5,0.1,30000,"sd","13:49:47",3680200
14.6,0.2,200,"bu","13:49:46",3650200
14.5,0.1,80000,"sd","13:49:45",3650000
14.5,0.1,300,"sd","13:49:30",3570000
14.5,0.1,4000,"sd","13:49:21",3569700
14.5,0.1,500,"sd","13:49:17",3565700
14.5,0.1,200,"sd","13:49:06",3565200
14.5,0.1,1400,"sd","13:49:05",3565000
14.5,0.1,100,"sd","13:49:02",3563600
14.5,0.1,3000,"sd","13:48:56",3563500
14.5,0.1,5500,"sd","13:48:55",3560500
14.5,0.1,100,"sd","13:48:52",3555000
14.5,0.1,5500,"sd","13:48:47",3554900
14.5,0.1,1500,"sd","13:48:38",3549400
14.5,0.1,3000,"sd","13:48:37",3547900
14.5,0.1,5000,"sd","13:48:33",3544900
14.5,0.1,5000,"sd","13:48:28",3539900
14.5,0.1,4000,"sd","13:48:24",3534900
14.5,0.1,300,"sd","13:48:21",3530900
14.5,0.1,50000,"sd","13:48:09",3530600
14.5,0.1,1000,"sd","13:47:34",3480600
14.5,0.1,1000,"sd","13:47:28",3479600
14.5,0.1,1500,"sd","13:47:23",3478600
14.5,0.1,5000,"sd","13:47:08",3477100
14.5,0.1,200,"sd","13:47:02",3472100
14.5,0.1,2000,"sd","13:46:51",3471900
14.5,0.1,300,"sd","13:46:36",3469900
14.5,0.1,500,"sd","13:46:27",3469600
14.5,0.1,1700,"sd","13:45:59",3469100
14.5,0.1,500,"sd","13:45:54",3467400
14.5,0.1,700,"sd","13:45:42",3466900
14.6,0.2,300,"bu","13:45:40",3466200
14.6,0.2,10000,"bu","13:45:32",3465900
14.6,0.2,6400,"bu","13:44:56",3455900
14.6,0.2,1000,"bu","13:44:54",3449500
14.6,0.2,5000,"bu","13:44:37",3448500
14.5,0.1,2000,"sd","13:44:18",3443500
14.5,0.1,200,"sd","13:43:46",3441500
14.5,0.1,3500,"sd","13:43:41",3441300
14.5,0.1,2700,"sd","13:43:29",3437800
14.5,0.1,3900,"sd","13:43:07",3435100
14.5,0.1,1000,"sd","13:42:54",3431200
14.5,0.1,1000,"sd","13:42:53",3430200
14.5,0.1,4900,"sd","13:42:24",3429200
14.5,0.1,1000,"sd","13:42:23",3424300
14.5,0.1,1000,"sd","13:42:18",3423300
14.5,0.1,1000,"sd","13:42:17",3422300
14.5,0.1,700,"sd","13:41:41",3421300
14.5,0.1,200,"sd","13:41:18",3420600
14.6,0.2,200,"bu","13:40:28",3420400
14.5,0.1,1200,"sd","13:40:16",3420200
14.5,0.1,600,"sd","13:39:36",3419000
14.5,0.1,500,"sd","13:39:15",3418400
14.5,0.1,200,"sd","13:39:11",3417900
14.6,0.2,500,"bu","13:39:02",3417700
14.5,0.1,100,"sd","13:38:59",3417200
14.5,0.1,2500,"sd","13:38:57",3417100
14.6,0.2,500,"bu","13:38:43",3414600
14.6,0.2,10000,"bu","13:38:16",3414100
14.5,0.1,1300,"sd","13:38:12",3404100
14.5,0.1,4000,"sd","13:37:56",3402800
14.5,0.1,1000,"sd","13:37:38",3398800
14.5,0.1,100,"sd","13:37:34",3397800
14.5,0.1,300,"sd","13:37:32",3397700
14.5,0.1,3000,"sd","13:37:19",3397400
14.5,0.1,3000,"sd","13:37:05",3394400
14.5,0.1,3000,"sd","13:36:42",3391400
14.5,0.1,1000,"sd","13:35:57",3388400
14.5,0.1,500,"sd","13:35:56",3387400
14.5,0.1,500,"sd","13:35:46",3386900
14.5,0.1,800,"sd","13:35:13",3386400
14.5,0.1,700,"sd","13:34:57",3385600
14.5,0.1,200,"sd","13:34:56",3384900
14.5,0.1,4000,"sd","13:34:51",3384700
14.5,0.1,500,"sd","13:34:46",3380700
14.5,0.1,1000,"sd","13:34:43",3380200
14.5,0.1,2600,"sd","13:34:42",3379200
14.5,0.1,1000,"sd","13:34:34",3376600
14.5,0.1,1000,"sd","13:34:19",3375600
14.5,0.1,100,"sd","13:34:13",3374600
14.5,0.1,1000,"sd","13:34:12",3374500
14.5,0.1,1000,"sd","13:34:09",3373500
14.5,0.1,1000,"sd","13:33:46",3372500
14.5,0.1,1000,"sd","13:33:41",3371500
14.5,0.1,500,"sd","13:33:30",3370500
14.5,0.1,10000,"sd","13:33:18",3370000
14.5,0.1,1000,"sd","13:33:14",3360000
14.5,0.1,1000,"sd","13:33:12",3359000
14.5,0.1,2500,"sd","13:33:11",3358000
14.5,0.1,200,"sd","13:33:02",3355500
14.5,0.1,1000,"sd","13:33:01",3355300
14.5,0.1,4100,"sd","13:32:40",3354300
14.6,0.2,100,"bu","13:32:36",3350200
14.5,0.1,6900,"sd","13:32:26",3350100
14.5,0.1,2700,"sd","13:32:17",3343200
14.5,0.1,500,"sd","13:32:14",3340500
14.5,0.1,1000,"sd","13:32:08",3340000
14.5,0.1,200,"sd","13:32:05",3339000
14.6,0.2,2000,"bu","13:31:51",3338800
14.5,0.1,1000,"sd","13:31:46",3336800
14.5,0.1,9900,"sd","13:31:30",3335800
14.5,0.1,600,"sd","13:31:23",3325900
14.5,0.1,5000,"sd","13:31:17",3325300
14.5,0.1,400,"sd","13:31:15",3320300
14.5,0.1,1000,"sd","13:31:07",3319900
14.5,0.1,10200,"sd","13:30:54",3318900
14.5,0.1,100,"sd","13:30:21",3308700
14.6,0.2,700,"bu","13:30:19",3308600
14.5,0.1,100,"sd","13:30:14",3307900
14.5,0.1,100,"sd","13:30:09",3307800
14.5,0.1,1000,"sd","13:30:05",3307700
14.5,0.1,500,"sd","13:29:54",3306700
14.5,0.1,1000,"sd","13:29:52",3306200
14.5,0.1,400,"sd","13:29:46",3305200
14.5,0.1,500,"sd","13:29:43",3304800
14.5,0.1,100,"sd","13:29:42",3304300
14.5,0.1,5000,"sd","13:29:18",3304200
14.6,0.2,1000,"bu","13:29:08",3299200
14.6,0.2,10500,"bu","13:27:54",3298200
14.6,0.2,7000,"bu","13:27:49",3287700
14.5,0.1,1700,"sd","13:27:32",3280700
14.6,0.2,500,"bu","13:27:28",3279000
14.5,0.1,4200,"sd","13:27:22",3278500
14.5,0.1,1000,"sd","13:27:13",3274300
14.5,0.1,500,"sd","13:27:05",3273300
14.5,0.1,2000,"sd","13:26:59",3272800
14.5,0.1,300,"sd","13:26:48",3270800
14.5,0.1,3600,"sd","13:26:35",3270500
14.5,0.1,10000,"sd","13:26:32",3266900
14.5,0.1,500,"sd","13:26:04",3256900
14.5,0.1,100,"sd","13:25:45",3256400
14.5,0.1,500,"sd","13:25:27",3256300
14.6,0.2,400,"bu","13:25:00",3255800
14.5,0.1,1000,"sd","13:24:54",3255400
14.6,0.2,500,"bu","13:24:50",3254400
14.6,0.2,200,"bu","13:24:12",3253900
14.6,0.2,500,"bu","13:23:57",3253700
14.5,0.1,700,"sd","13:23:45",3253200
14.6,0.2,200,"bu","13:23:39",3252500
14.6,0.2,100,"bu","13:23:30",3252300
14.6,0.2,5000,"bu","13:23:27",3252200
14.5,0.1,300,"sd","13:23:12",3247200
14.5,0.1,1000,"sd","13:23:09",3246900
14.5,0.1,6600,"sd","13:22:06",3245900
14.6,0.2,200,"bu","13:22:00",3239300
14.6,0.2,2400,"bu","13:21:57",3239100
14.6,0.2,1700,"bu","13:21:52",3236700
14.6,0.2,400,"bu","13:21:49",3235000
14.6,0.2,20000,"bu","13:21:47",3234600
14.6,0.2,500,"bu","13:21:45",3214600
14.6,0.2,100,"bu","13:21:39",3214100
14.6,0.2,5000,"bu","13:21:33",3214000
14.6,0.2,5000,"bu","13:21:26",3209000
14.6,0.2,900,"bu","13:21:15",3204000
14.6,0.2,200,"bu","13:20:40",3203100
14.6,0.2,1300,"bu","13:20:37",3202900
14.6,0.2,500,"bu","13:20:12",3201600
14.6,0.2,100,"bu","13:19:59",3201100
14.6,0.2,6800,"bu","13:19:57",3201000
14.6,0.2,3000,"bu","13:19:53",3194200
14.6,0.2,100,"bu","13:19:50",3191200
14.6,0.2,10000,"bu","13:19:42",3191100
14.5,0.1,100,"sd","13:19:09",3181100
14.6,0.2,1000,"bu","13:19:03",3181000
14.6,0.2,300,"bu","13:18:58",3180000
14.5,0.1,100,"sd","13:18:52",3179700
14.6,0.2,500,"bu","13:18:40",3179600
14.6,0.2,200,"bu","13:18:18",3179100
14.6,0.2,3000,"bu","13:17:56",3178900
14.6,0.2,500,"bu","13:17:39",3175900
14.6,0.2,1000,"bu","13:17:33",3175400
14.5,0.1,600,"sd","13:17:32",3174400
14.6,0.2,20000,"bu","13:17:23",3173800
14.6,0.2,1000,"bu","13:17:21",3153800
14.6,0.2,300,"bu","13:17:17",3152800
14.6,0.2,400,"bu","13:17:14",3152500
14.6,0.2,500,"bu","13:17:07",3152100
14.6,0.2,1500,"bu","13:16:57",3151600
14.6,0.2,1000,"bu","13:16:56",3150100
14.6,0.2,1000,"bu","13:16:47",3149100
14.6,0.2,200,"bu","13:16:45",3148100
14.6,0.2,700,"bu","13:16:23",3147900
14.5,0.1,300,"sd","13:16:16",3147200
14.6,0.2,2600,"bu","13:16:13",3146900
14.6,0.2,1200,"bu","13:16:04",3144300
14.6,0.2,5000,"bu","13:16:00",3143100
14.6,0.2,50000,"bu","13:15:54",3138100
14.6,0.2,900,"bu","13:15:46",3088100
14.6,0.2,900,"bu","13:15:41",3087200
14.6,0.2,100,"bu","13:15:39",3086300
14.6,0.2,4000,"bu","13:15:36",3086200
14.6,0.2,500,"bu","13:15:35",3082200
14.6,0.2,8000,"bu","13:15:30",3081700
14.6,0.2,10000,"bu","13:15:12",3073700
14.6,0.2,1000,"bu","13:15:10",3063700
14.5,0.1,200,"sd","13:15:09",3062700
14.6,0.2,1600,"bu","13:14:58",3062500
14.5,0.1,200,"sd","13:14:33",3060900
14.5,0.1,1000,"sd","13:14:25",3060700
14.6,0.2,300,"bu","13:14:20",3059700
14.6,0.2,200,"bu","13:14:13",3059400
14.6,0.2,1000,"bu","13:14:08",3059200
14.6,0.2,1000,"bu","13:14:03",3058200
14.6,0.2,500,"bu","13:14:02",3057200
14.6,0.2,1000,"bu","13:13:42",3056700
14.6,0.2,900,"bu","13:12:52",3055700
14.6,0.2,500,"bu","13:12:29",3054800
14.6,0.2,400,"bu","13:11:58",3054300
14.6,0.2,2000,"bu","13:11:46",3053900
14.6,0.2,100,"bu","13:11:17",3051900
14.6,0.2,6400,"bu","13:11:03",3051800
14.6,0.2,500,"bu","13:10:57",3045400
14.6,0.2,10000,"bu","13:10:39",3044900
14.5,0.1,100,"sd","13:10:18",3034900
14.5,0.1,3300,"sd","13:10:13",3034800
14.5,0.1,100,"sd","13:09:37",3031500
14.6,0.2,100,"bu","13:09:31",3031400
14.5,0.1,1000,"sd","13:09:18",3031300
14.5,0.1,1100,"sd","13:09:07",3030300
14.5,0.1,500,"sd","13:09:02",3029200
14.5,0.1,500,"sd","13:08:51",3028700
14.5,0.1,100,"sd","13:08:42",3028200
14.5,0.1,200,"sd","13:08:11",3028100
14.5,0.1,2000,"sd","13:07:29",3027900
14.5,0.1,5000,"sd","13:07:00",3025900
14.5,0.1,5000,"sd","13:06:45",3020900
14.5,0.1,2000,"sd","13:06:04",3015900
14.5,0.1,300,"sd","13:05:52",3013900
14.5,0.1,3000,"sd","13:05:16",3013600
14.5,0.1,400,"sd","13:04:40",3010600
14.6,0.2,100,"bu","13:04:25",3010200
14.5,0.1,10000,"sd","13:03:59",3010100
14.5,0.1,300,"sd","13:03:33",3000100
14.5,0.1,3000,"sd","13:03:22",2999800
14.6,0.2,500,"bu","13:03:21",2996800
14.6,0.2,500,"bu","13:03:14",2996300
14.6,0.2,500,"bu","13:03:01",2995800
14.5,0.1,1000,"sd","13:02:54",2995300
14.5,0.1,500,"sd","13:02:51",2994300
14.5,0.1,100,"sd","13:02:42",2993800
14.5,0.1,20000,"sd","13:02:38",2993700
14.6,0.2,300,"bu","13:02:33",2973700
14.5,0.1,2000,"sd","13:02:07",2973400
14.5,0.1,1000,"sd","13:01:49",2971400
14.6,0.2,500,"bu","13:01:41",2970400
14.6,0.2,2200,"bu","13:00:10",2969900
14.5,0.1,10000,"sd","13:00:09",2967700
14.6,0.2,5600,"bu","13:00:08",2957700
14.5,0.1,2000,"sd","13:00:07",2952100
14.5,0.1,10500,"sd","13:00:06",2950100
14.5,0.1,400,"sd","13:00:05",2939600
14.6,0.2,10500,"bu","13:00:04",2939200
14.6,0.2,30700,"bu","13:00:03",2928700
14.5,0.1,500,"sd","11:29:54",2898000
14.6,0.2,500,"bu","11:29:31",2897500
14.6,0.2,100,"bu","11:28:46",2897000
14.5,0.1,2000,"sd","11:27:50",2896900
14.6,0.2,500,"bu","11:27:38",2894900
14.6,0.2,200,"bu","11:27:31",2894400
14.6,0.2,500,"bu","11:27:03",2894200
14.6,0.2,100,"bu","11:26:37",2893700
14.6,0.2,500,"bu","11:26:25",2893600
14.5,0.1,600,"sd","11:25:55",2893100
14.6,0.2,500,"bu","11:25:31",2892500
14.6,0.2,500,"bu","11:24:52",2892000
14.5,0.1,200,"sd","11:24:43",2891500
14.5,0.1,1000,"sd","11:24:15",2891300
14.6,0.2,100,"bu","11:24:13",2890300
14.5,0.1,200,"sd","11:24:04",2890200
14.6,0.2,500,"bu","11:23:58",2890000
14.6,0.2,100,"bu","11:23:34",2889500
14.6,0.2,500,"bu","11:22:51",2889400
14.6,0.2,1000,"bu","11:22:46",2888900
14.6,0.2,700,"bu","11:22:40",2887900
14.6,0.2,500,"bu","11:22:25",2887200
14.6,0.2,5500,"bu","11:21:05",2886700
14.6,0.2,400,"bu","11:20:53",2881200
14.6,0.2,500,"bu","11:20:48",2880800
14.6,0.2,200,"bu","11:20:35",2880300
14.6,0.2,1000,"bu","11:20:16",2880100
14.6,0.2,900,"bu","11:19:51",2879100
14.6,0.2,500,"bu","11:19:50",2878200
14.6,0.2,500,"bu","11:19:20",2877700
14.6,0.2,100,"bu","11:19:18",2877200
14.6,0.2,200,"bu","11:18:26",2877100
14.6,0.2,100,"bu","11:18:15",2876900
14.6,0.2,10000,"bu","11:18:10",2876800
14.6,0.2,500,"bu","11:17:48",2866800
14.6,0.2,2000,"bu","11:17:33",2866300
14.6,0.2,1000,"bu","11:16:53",2864300
14.6,0.2,1000,"bu","11:16:26",2863300
14.6,0.2,500,"bu","11:16:15",2862300
14.6,0.2,3000,"bu","11:15:58",2861800
14.6,0.2,2000,"bu","11:15:57",2858800
14.6,0.2,2000,"bu","11:15:55",2856800
14.6,0.2,1700,"bu","11:15:53",2854800
14.6,0.2,5000,"bu","11:15:37",2853100
14.6,0.2,1200,"bu","11:15:28",2848100
14.6,0.2,500,"bu","11:14:41",2846900
14.6,0.2,100,"bu","11:14:09",2846400
14.6,0.2,1000,"bu","11:14:07",2846300
14.6,0.2,10000,"bu","11:14:04",2845300
14.6,0.2,2000,"bu","11:13:59",2835300
14.6,0.2,9000,"bu","11:13:50",2833300
14.6,0.2,1000,"bu","11:13:46",2824300
14.6,0.2,2000,"bu","11:13:43",2823300
14.6,0.2,1700,"bu","11:13:40",2821300
14.6,0.2,400,"bu","11:13:34",2819600
14.6,0.2,15000,"bu","11:13:29",2819200
14.6,0.2,500,"bu","11:13:09",2804200
14.6,0.2,3000,"bu","11:12:55",2803700
14.6,0.2,10000,"bu","11:12:37",2800700
14.6,0.2,100000,"bu","11:12:31",2790700
14.6,0.2,500,"bu","11:11:54",2690700
14.6,0.2,2500,"bu","11:11:52",2690200
14.6,0.2,500,"bu","11:11:36",2687700
14.6,0.2,1000,"bu","11:10:59",2687200
14.6,0.2,500,"bu","11:10:32",2686200
14.6,0.2,600,"bu","11:10:12",2685700
14.6,0.2,1000,"bu","11:10:05",2685100
14.6,0.2,500,"bu","11:10:03",2684100
14.6,0.2,1200,"bu","11:09:26",2683600
14.6,0.2,3000,"bu","11:09:13",2682400
14.5,0.1,2000,"sd","11:09:03",2679400
14.6,0.2,500,"bu","11:08:31",2677400
14.6,0.2,5000,"bu","11:08:27",2676900
14.6,0.2,158600,"sd","11:08:20",2671900
14.6,0.2,70000,"sd","11:08:17",2513300
14.6,0.2,100,"sd","11:08:13",2443300
14.6,0.2,1000,"sd","11:08:08",2443200
14.6,0.2,10000,"sd","11:07:30",2442200
14.6,0.2,5000,"sd","11:07:27",2432200
14.6,0.2,1000,"sd","11:07:04",2427200
14.6,0.2,100,"sd","11:07:01",2426200
14.6,0.2,1000,"sd","11:06:54",2426100
14.6,0.2,500,"sd","11:06:51",2425100
14.6,0.2,1000,"sd","11:06:36",2424600
14.6,0.2,3500,"sd","11:06:20",2423600
14.6,0.2,300,"sd","11:05:51",2420100
14.6,0.2,1200,"sd","11:05:44",2419800
14.6,0.2,600,"sd","11:05:38",2418600
14.6,0.2,500,"sd","11:05:31",2418000
14.6,0.2,500,"sd","11:05:21",2417500
14.6,0.2,5000,"sd","11:05:07",2417000
14.7,0.3,500,"bu","11:05:06",2412000
14.6,0.2,1000,"sd","11:04:54",2411500
14.7,0.3,1000,"bu","11:04:53",2410500
14.7,0.3,100,"bu","11:04:39",2409500
14.7,0.3,300,"bu","11:04:33",2409400
14.7,0.3,4000,"bu","11:04:30",2409100
14.7,0.3,50000,"bu","11:04:26",2405100
14.7,0.3,2000,"bu","11:04:07",2355100
14.7,0.3,5000,"bu","11:03:55",2353100
14.7,0.3,500,"bu","11:03:53",2348100
14.7,0.3,500,"bu","11:03:51",2347600
14.7,0.3,200,"bu","11:03:46",2347100
14.7,0.3,1500,"bu","11:02:50",2346900
14.7,0.3,100,"bu","11:02:40",2345400
14.7,0.3,1000,"bu","11:02:39",2345300
14.7,0.3,400,"bu","11:02:37",2344300
14.7,0.3,20000,"bu","11:02:35",2343900
14.7,0.3,4400,"bu","11:02:27",2323900
14.7,0.3,500,"bu","11:02:20",2319500
14.7,0.3,5000,"bu","11:02:15",2319000
14.7,0.3,2500,"bu","11:02:13",2314000
14.6,0.2,3500,"sd","11:02:09",2311500
14.7,0.3,500,"bu","11:02:08",2308000
14.7,0.3,300,"bu","11:02:06",2307500
14.7,0.3,20500,"bu","11:02:05",2307200
14.6,0.2,200,"sd","11:02:04",2286700
14.7,0.3,16000,"bu","11:02:03",2286500
14.7,0.3,5000,"bu","11:02:00",2270500
14.7,0.3,500,"bu","11:01:58",2265500
14.7,0.3,500,"bu","11:01:57",2265000
14.7,0.3,4600,"bu","11:01:54",2264500
14.7,0.3,100,"bu","11:01:53",2259900
14.7,0.3,500,"bu","11:01:52",2259800
14.7,0.3,700,"bu","11:01:43",2259300
14.7,0.3,11100,"bu","11:01:41",2258600
14.7,0.3,3400,"bu","11:01:40",2247500
14.7,0.3,3000,"bu","11:01:39",2244100
14.7,0.3,5000,"bu","11:01:35",2241100
14.7,0.3,5000,"bu","11:01:32",2236100
14.7,0.3,80000,"bu","11:01:30",2231100
14.7,0.3,5700,"bu","11:01:26",2151100
14.7,0.3,4000,"bu","11:01:23",2145400
14.7,0.3,5000,"bu","11:01:19",2141400
14.7,0.3,500,"bu","11:01:18",2136400
14.7,0.3,14000,"bu","11:01:14",2135900
14.7,0.3,100,"bu","11:01:13",2121900
14.7,0.3,1000,"bu","11:01:11",2121800
14.7,0.3,10000,"bu","11:01:10",2120800
14.7,0.3,100,"bu","11:01:08",2110800
14.7,0.3,300,"bu","11:01:07",2110700
14.7,0.3,300,"bu","11:01:06",2110400
14.7,0.3,15000,"bu","11:00:54",2110100
14.7,0.3,2000,"bu","11:00:53",2095100
14.7,0.3,15500,"bu","11:00:48",2093100
14.7,0.3,500,"bu","11:00:33",2077600
14.7,0.3,800,"bu","11:00:20",2077100
14.7,0.3,1000,"bu","11:00:19",2076300
14.7,0.3,100,"bu","11:00:12",2075300
14.7,0.3,500,"bu","10:59:57",2075200
14.7,0.3,200,"bu","10:59:51",2074700
14.6,0.2,205400,"sd","10:59:38",2074500
14.6,0.2,100,"bu","10:59:37",1869100
14.6,0.2,3000,"bu","10:59:36",1869000
14.6,0.2,20000,"bu","10:59:35",1866000
14.6,0.2,100000,"bu","10:59:30",1846000
14.6,0.2,200,"bu","10:59:24",1746000
14.5,0.1,500,"sd","10:59:21",1745800
14.5,0.1,400,"sd","10:59:04",1745300
14.5,0.1,20000,"sd","10:58:36",1744900
14.6,0.2,10000,"bu","10:58:35",1724900
14.6,0.2,1000,"bu","10:58:31",1714900
14.6,0.2,5000,"bu","10:58:25",1713900
14.6,0.2,20000,"bu","10:58:20",1708900
14.5,0.1,300,"sd","10:58:13",1688900
14.6,0.2,3000,"bu","10:58:09",1688600
14.6,0.2,1000,"bu","10:57:58",1685600
14.6,0.2,400,"bu","10:57:57",1684600
14.6,0.2,5000,"bu","10:57:50",1684200
14.6,0.2,500,"bu","10:57:43",1679200
14.6,0.2,2000,"bu","10:57:41",1678700
14.6,0.2,1000,"bu","10:57:24",1676700
14.6,0.2,30000,"bu","10:57:05",1675700
14.6,0.2,600,"bu","10:56:51",1645700
14.6,0.2,200,"bu","10:56:25",1645100
14.5,0.1,10000,"sd","10:56:20",1644900
14.6,0.2,100,"bu","10:56:13",1634900
14.5,0.1,500,"sd","10:56:03",1634800
14.5,0.1,100,"sd","10:55:45",1634300
14.6,0.2,10000,"bu","10:55:21",1634200
14.6,0.2,400,"bu","10:55:04",1624200
14.6,0.2,700,"bu","10:54:47",1623800
14.6,0.2,500,"bu","10:54:37",1623100
14.6,0.2,100,"bu","10:54:32",1622600
14.6,0.2,2000,"bu","10:54:18",1622500
14.6,0.2,3000,"bu","10:54:12",1620500
14.5,0.1,200,"sd","10:54:07",1617500
14.6,0.2,2000,"bu","10:53:47",1617300
14.5,0.1,5000,"sd","10:53:40",1615300
14.6,0.2,1000,"bu","10:53:27",1610300
14.5,0.1,1000,"sd","10:53:16",1609300
14.5,0.1,2900,"sd","10:53:13",1608300
14.5,0.1,100,"sd","10:52:57",1605400
14.5,0.1,6000,"sd","10:52:56",1605300
14.5,0.1,3000,"sd","10:52:48",1599300
14.5,0.1,5000,"sd","10:52:34",1596300
14.6,0.2,2000,"bu","10:52:24",1591300
14.6,0.2,1000,"bu","10:52:10",1589300
14.5,0.1,800,"sd","10:52:01",1588300
14.5,0.1,600,"sd","10:51:52",1587500
14.5,0.1,200,"sd","10:51:41",1586900
14.5,0.1,500,"sd","10:51:27",1586700
14.5,0.1,5000,"sd","10:51:24",1586200
14.5,0.1,3000,"sd","10:51:16",1581200
14.5,0.1,16300,"sd","10:51:04",1578200
14.5,0.1,13000,"sd","10:51:01",1561900
14.5,0.1,4800,"sd","10:50:53",1548900
14.5,0.1,10000,"sd","10:50:35",1544100
14.5,0.1,14600,"sd","10:50:34",1534100
14.5,0.1,500,"sd","10:50:19",1519500
14.5,0.1,900,"sd","10:50:09",1519000
14.5,0.1,9000,"sd","10:50:01",1518100
14.5,0.1,5000,"sd","10:49:55",1509100
14.5,0.1,20000,"sd","10:49:38",1504100
14.5,0.1,300,"sd","10:49:36",1484100
14.5,0.1,200,"sd","10:49:31",1483800
14.5,0.1,100,"sd","10:49:09",1483600
14.5,0.1,30000,"bu","10:49:07",1483500
14.5,0.1,3000,"bu","10:47:53",1453500
14.5,0.1,2600,"bu","10:47:42",1450500
14.5,0.1,600,"bu","10:47:35",1447900
14.5,0.1,200,"bu","10:47:31",1447300
14.5,0.1,500,"bu","10:47:24",1447100
14.5,0.1,500,"bu","10:47:21",1446600
14.5,0.1,5000,"bu","10:47:17",1446100
14.5,0.1,200,"bu","10:47:11",1441100
14.5,0.1,1000,"bu","10:47:10",1440900
14.5,0.1,1000,"bu","10:47:06",1439900
14.5,0.1,100,"bu","10:47:03",1438900
14.5,0.1,500,"bu","10:46:58",1438800
14.5,0.1,500,"bu","10:46:55",1438300
14.5,0.1,2000,"bu","10:46:54",1437800
14.5,0.1,700,"sd","10:46:40",1435800
14.5,0.1,500,"sd","10:46:24",1435100
14.5,0.1,600,"sd","10:46:17",1434600
14.5,0.1,200,"bu","10:45:47",1434000
14.5,0.1,200,"bu","10:45:46",1433800
14.5,0.1,2000,"bu","10:45:25",1433600
14.5,0.1,500,"bu","10:45:23",1431600
14.5,0.1,200,"bu","10:45:22",1431100
14.5,0.1,2000,"bu","10:45:20",1430900
14.5,0.1,900,"bu","10:45:18",1428900
14.5,0.1,9100,"bu","10:45:16",1428000
14.5,0.1,200,"sd","10:45:01",1418900
14.5,0.1,4000,"sd","10:44:45",1418700
14.6,0.2,200,"bu","10:44:28",1414700
14.5,0.1,5000,"sd","10:44:18",1414500
14.5,0.1,16600,"bu","10:43:49",1409500
14.5,0.1,3400,"bu","10:43:38",1392900
14.5,0.1,1500,"sd","10:43:09",1389500
14.5,0.1,100,"sd","10:43:01",1388000
14.5,0.1,100,"sd","10:42:54",1387900
14.5,0.1,500,"sd","10:42:17",1387800
14.5,0.1,5000,"sd","10:42:05",1387300
14.5,0.1,1300,"sd","10:41:58",1382300
14.5,0.1,100,"sd","10:41:47",1381000
14.5,0.1,2000,"sd","10:41:44",1380900
14.5,0.1,3000,"sd","10:41:35",1378900
14.5,0.1,1500,"sd","10:41:33",1375900
14.5,0.1,1000,"sd","10:41:29",1374400
14.5,0.1,5400,"sd","10:41:28",1373400
14.5,0.1,100,"sd","10:41:27",1368000
14.5,0.1,400,"sd","10:41:15",1367900
14.5,0.1,5300,"sd","10:41:13",1367500
14.5,0.1,1000,"sd","10:41:09",1362200
14.5,0.1,200,"sd","10:41:06",1361200
14.5,0.1,100,"sd","10:41:05",1361000
14.5,0.1,500,"sd","10:40:35",1360900
14.5,0.1,5000,"sd","10:40:27",1360400
14.5,0.1,600,"sd","10:39:57",1355400
14.5,0.1,5500,"sd","10:39:39",1354800
14.5,0.1,200,"sd","10:39:06",1349300
14.5,0.1,10000,"sd","10:38:58",1349100
14.5,0.1,500,"sd","10:38:53",1339100
14.5,0.1,500,"sd","10:38:35",1338600
14.5,0.1,1000,"sd","10:38:34",1338100
14.5,0.1,800,"sd","10:38:06",1337100
14.5,0.1,3200,"bu","10:37:33",1336300
14.5,0.1,3200,"bu","10:37:25",1333100
14.5,0.1,200,"bu","10:37:18",1329900
14.5,0.1,100,"bu","10:36:53",1329700
14.5,0.1,300,"bu","10:36:50",1329600
14.5,0.1,100,"bu","10:36:35",1329300
14.5,0.1,100,"bu","10:36:30",1329200
14.4,0,1000,"sd","10:36:29",1329100
14.4,0,400,"sd","10:36:15",1328100
14.5,0.1,600,"bu","10:36:14",1327700
14.5,0.1,1000,"bu","10:36:09",1327100
14.5,0.1,100,"bu","10:36:08",1326100
14.5,0.1,500,"bu","10:36:06",1326000
14.5,0.1,500,"sd","10:36:05",1325500
14.5,0.1,5000,"sd","10:36:03",1325000
14.5,0.1,1000,"sd","10:36:02",1320000
14.5,0.1,22000,"sd","10:35:37",1319000
14.5,0.1,2000,"sd","10:35:07",1297000
14.5,0.1,500,"sd","10:34:52",1295000
14.5,0.1,2000,"sd","10:34:41",1294500
14.5,0.1,30000,"sd","10:34:14",1292500
14.5,0.1,2000,"sd","10:33:44",1262500
14.5,0.1,1000,"sd","10:33:42",1260500
14.5,0.1,2000,"sd","10:33:38",1259500
14.5,0.1,500,"sd","10:33:33",1257500
14.5,0.1,100,"sd","10:33:13",1257000
14.5,0.1,3000,"sd","10:33:12",1256900
14.5,0.1,3000,"sd","10:32:22",1253900
14.5,0.1,6000,"sd","10:32:21",1250900
14.5,0.1,1000,"sd","10:32:13",1244900
14.5,0.1,300,"sd","10:32:12",1243900
14.5,0.1,200,"sd","10:32:08",1243600
14.5,0.1,1000,"sd","10:32:06",1243400
14.5,0.1,1800,"bu","10:32:05",1242400
14.5,0.1,1000,"bu","10:31:50",1240600
14.5,0.1,7200,"bu","10:31:47",1239600
14.5,0.1,10000,"sd","10:31:40",1232400
14.5,0.1,200,"sd","10:31:37",1222400
14.5,0.1,500,"sd","10:31:34",1222200
14.5,0.1,8000,"sd","10:31:29",1221700
14.5,0.1,1000,"sd","10:31:22",1213700
14.5,0.1,16000,"sd","10:31:20",1212700
14.5,0.1,27300,"sd","10:31:12",1196700
14.5,0.1,500,"sd","10:31:08",1169400
14.5,0.1,10000,"sd","10:30:08",1168900
14.5,0.1,200,"sd","10:30:07",1158900
14.5,0.1,1000,"sd","10:30:06",1158700
14.5,0.1,2000,"sd","10:30:02",1157700
14.5,0.1,1000,"sd","10:29:59",1155700
14.5,0.1,100,"sd","10:29:53",1154700
14.5,0.1,600,"sd","10:29:16",1154600
14.5,0.1,500,"sd","10:29:05",1154000
14.5,0.1,2000,"sd","10:29:01",1153500
14.5,0.1,500,"sd","10:28:03",1151500
14.5,0.1,9000,"sd","10:27:55",1151000
14.5,0.1,1500,"sd","10:27:49",1142000
14.5,0.1,3000,"sd","10:27:40",1140500
14.5,0.1,100,"sd","10:27:31",1137500
14.5,0.1,8000,"sd","10:27:02",1137400
14.5,0.1,1000,"sd","10:26:53",1129400
14.5,0.1,100,"sd","10:26:47",1128400
14.5,0.1,200,"sd","10:26:35",1128300
14.5,0.1,500,"sd","10:26:07",1128100
14.5,0.1,5700,"sd","10:25:55",1127600
14.5,0.1,500,"sd","10:25:47",1121900
14.5,0.1,100,"sd","10:25:37",1121400
14.5,0.1,500,"sd","10:25:35",1121300
14.5,0.1,1000,"sd","10:25:25",1120800
14.5,0.1,2000,"sd","10:24:53",1119800
14.5,0.1,100,"sd","10:24:50",1117800
14.5,0.1,1000,"sd","10:24:33",1117700
14.5,0.1,800,"sd","10:24:19",1116700
14.5,0.1,500,"sd","10:23:45",1115900
14.5,0.1,500,"sd","10:23:36",1115400
14.5,0.1,200,"sd","10:23:29",1114900
14.5,0.1,100,"sd","10:23:19",1114700
14.5,0.1,5000,"sd","10:23:18",1114600
14.5,0.1,20000,"sd","10:23:06",1109600
14.6,0.2,1000,"bu","10:23:01",1089600
14.5,0.1,100,"sd","10:22:41",1088600
14.5,0.1,20000,"sd","10:22:32",1088500
14.5,0.1,500,"sd","10:22:11",1068500
14.5,0.1,200,"sd","10:22:08",1068000
14.5,0.1,10000,"sd","10:21:45",1067800
14.5,0.1,1000,"sd","10:21:43",1057800
14.5,0.1,1000,"sd","10:21:41",1056800
14.5,0.1,5900,"bu","10:21:28",1055800
14.5,0.1,3000,"bu","10:21:27",1049900
14.5,0.1,200,"bu","10:21:25",1046900
14.5,0.1,5000,"bu","10:21:23",1046700
14.5,0.1,5000,"bu","10:21:21",1041700
14.5,0.1,300,"bu","10:21:20",1036700
14.4,0,300,"sd","10:21:16",1036400
14.5,0.1,10000,"bu","10:21:14",1036100
14.5,0.1,13500,"bu","10:21:12",1026100
14.5,0.1,500,"bu","10:21:11",1012600
14.5,0.1,20000,"bu","10:21:09",1012100
14.5,0.1,5000,"bu","10:21:06",992100
14.5,0.1,5000,"bu","10:21:01",987100
14.5,0.1,10000,"bu","10:20:55",982100
14.5,0.1,1000,"bu","10:20:54",972100
14.5,0.1,20000,"bu","10:20:49",971100
14.5,0.1,2000,"bu","10:20:42",951100
14.5,0.1,500,"bu","10:20:40",949100
14.5,0.1,1000,"bu","10:20:23",948600
14.5,0.1,10000,"bu","10:20:19",947600
14.5,0.1,100,"bu","10:20:09",937600
14.5,0.1,1000,"bu","10:20:00",937500
14.5,0.1,500,"bu","10:19:53",936500
14.5,0.1,300,"bu","10:19:39",936000
14.5,0.1,100,"bu","10:19:30",935700
14.5,0.1,300,"bu","10:19:28",935600
14.5,0.1,500,"bu","10:19:07",935300
14.5,0.1,400,"bu","10:18:32",934800
14.5,0.1,100,"bu","10:18:21",934400
14.5,0.1,700,"bu","10:18:18",934300
14.5,0.1,200,"bu","10:18:11",933600
14.5,0.1,200,"bu","10:17:47",933400
14.5,0.1,1000,"bu","10:17:42",933200
14.4,0,500,"sd","10:17:38",932200
14.5,0.1,500,"bu","10:17:35",931700
14.5,0.1,500,"bu","10:16:54",931200
14.5,0.1,500,"bu","10:16:16",930700
14.5,0.1,500,"bu","10:16:02",930200
14.5,0.1,1000,"bu","10:15:54",929700
14.5,0.1,500,"bu","10:15:46",928700
14.5,0.1,1500,"bu","10:15:39",928200
14.5,0.1,1000,"bu","10:15:19",926700
14.5,0.1,500,"bu","10:15:17",925700
14.5,0.1,500,"bu","10:14:29",925200
14.5,0.1,1000,"bu","10:14:03",924700
14.5,0.1,2000,"bu","10:13:19",923700
14.5,0.1,100,"bu","10:13:18",921700
14.5,0.1,2000,"bu","10:13:14",921600
14.5,0.1,500,"bu","10:12:57",919600
14.5,0.1,5200,"bu","10:12:39",919100
14.4,0,500,"sd","10:12:27",913900
14.5,0.1,200,"bu","10:11:40",913400
14.5,0.1,500,"bu","10:11:24",913200
14.5,0.1,100,"bu","10:11:22",912700
14.5,0.1,100,"bu","10:11:09",912600
14.5,0.1,700,"bu","10:11:05",912500
14.4,0,200,"sd","10:10:15",911800
14.4,0,100,"sd","10:09:39",911600
14.5,0.1,3000,"bu","10:09:25",911500
14.5,0.1,700,"bu","10:08:59",908500
14.5,0.1,100,"bu","10:08:37",907800
14.5,0.1,500,"bu","10:08:20",907700
14.5,0.1,100,"bu","10:08:11",907200
14.5,0.1,5000,"bu","10:07:54",907100
14.5,0.1,300,"bu","10:07:53",902100
14.5,0.1,100,"bu","10:07:41",901800
14.5,0.1,5000,"bu","10:07:33",901700
14.5,0.1,500,"bu","10:07:15",896700
14.5,0.1,200,"bu","10:06:56",896200
14.5,0.1,100,"bu","10:06:52",896000
14.4,0,500,"sd","10:06:20",895900
14.5,0.1,100,"bu","10:06:18",895400
14.5,0.1,200,"bu","10:06:10",895300
14.5,0.1,400,"bu","10:05:49",895100
14.5,0.1,2700,"bu","10:05:43",894700
14.5,0.1,2000,"bu","10:05:36",892000
14.5,0.1,500,"bu","10:05:15",890000
14.5,0.1,200,"bu","10:05:12",889500
14.5,0.1,100,"bu","10:04:50",889300
14.5,0.1,17500,"sd","10:04:47",889200
14.5,0.1,100,"sd","10:04:42",871700
14.5,0.1,6300,"sd","10:04:39",871600
14.5,0.1,2300,"sd","10:04:38",865300
14.5,0.1,20000,"sd","10:04:34",863000
14.5,0.1,5500,"sd","10:04:30",843000
14.5,0.1,25000,"sd","10:04:23",837500
14.5,0.1,2000,"sd","10:04:22",812500
14.5,0.1,5000,"sd","10:04:13",810500
14.5,0.1,2000,"sd","10:04:12",805500
14.5,0.1,7000,"sd","10:04:08",803500
14.5,0.1,2000,"sd","10:03:58",796500
14.5,0.1,2000,"sd","10:03:48",794500
14.5,0.1,1000,"sd","10:03:44",792500
14.5,0.1,2900,"sd","10:03:32",791500
14.5,0.1,100,"sd","10:03:23",788600
14.6,0.2,200,"bu","10:02:43",788500
14.5,0.1,400,"sd","10:02:16",788300
14.5,0.1,10000,"sd","10:02:10",787900
14.5,0.1,500,"sd","10:01:57",777900
14.6,0.2,3000,"bu","10:01:26",777400
14.6,0.2,100,"bu","10:01:17",774400
14.6,0.2,100,"bu","10:01:14",774300
14.6,0.2,500,"bu","10:00:37",774200
14.6,0.2,500,"bu","10:00:21",773700
14.6,0.2,12000,"bu","10:00:08",773200
14.5,0.1,2000,"sd","10:00:05",761200
14.5,0.1,1000,"sd","09:59:38",759200
14.5,0.1,600,"sd","09:59:26",758200
14.5,0.1,200,"sd","09:59:23",757600
14.5,0.1,5100,"sd","09:59:22",757400
14.5,0.1,10000,"sd","09:59:14",752300
14.5,0.1,3000,"sd","09:59:08",742300
14.5,0.1,800,"sd","09:58:50",739300
14.6,0.2,300,"bu","09:58:46",738500
14.5,0.1,2000,"sd","09:58:36",738200
14.5,0.1,1000,"sd","09:58:33",736200
14.5,0.1,200,"sd","09:58:18",735200
14.5,0.1,6900,"sd","09:58:12",735000
14.5,0.1,100,"sd","09:57:36",728100
14.6,0.2,500,"bu","09:57:31",728000
14.6,0.2,5000,"bu","09:57:26",727500
14.5,0.1,4000,"sd","09:57:23",722500
14.5,0.1,200,"sd","09:57:19",718500
14.5,0.1,10000,"sd","09:57:03",718300
14.5,0.1,300,"sd","09:56:48",708300
14.5,0.1,10000,"sd","09:56:47",708000
14.5,0.1,10000,"sd","09:56:39",698000
14.5,0.1,100,"sd","09:56:23",688000
14.5,0.1,200,"sd","09:56:21",687900
14.5,0.1,100,"sd","09:56:18",687700
14.5,0.1,800,"sd","09:56:14",687600
14.5,0.1,800,"sd","09:56:04",686800
14.5,0.1,2000,"sd","09:55:46",686000
14.5,0.1,500,"sd","09:55:35",684000
14.5,0.1,3000,"sd","09:55:34",683500
14.5,0.1,1000,"sd","09:55:27",680500
14.5,0.1,1000,"sd","09:55:22",679500
14.5,0.1,300,"sd","09:55:19",678500
14.5,0.1,9800,"sd","09:54:59",678200
14.5,0.1,300,"sd","09:54:55",668400
14.5,0.1,1300,"sd","09:54:48",668100
14.5,0.1,5000,"sd","09:54:39",666800
14.5,0.1,500,"sd","09:54:34",661800
14.5,0.1,700,"sd","09:54:33",661300
14.5,0.1,5500,"sd","09:54:20",660600
14.6,0.2,1000,"bu","09:54:17",655100
14.6,0.2,600,"bu","09:53:19",654100
14.5,0.1,5000,"sd","09:53:12",653500
14.5,0.1,500,"sd","09:53:09",648500
14.5,0.1,500,"sd","09:53:00",648000
14.5,0.1,300,"sd","09:52:23",647500
14.5,0.1,20000,"sd","09:52:16",647200
14.5,0.1,700,"sd","09:52:14",627200
14.6,0.2,3000,"bu","09:52:13",626500
14.5,0.1,2000,"sd","09:52:08",623500
14.5,0.1,2000,"sd","09:51:53",621500
14.5,0.1,100,"sd","09:51:50",619500
14.6,0.2,1000,"bu","09:51:43",619400
14.5,0.1,500,"sd","09:51:19",618400
14.6,0.2,100,"bu","09:51:14",617900
14.6,0.2,10000,"bu","09:51:08",617800
14.5,0.1,5000,"sd","09:50:38",607800
14.5,0.1,4400,"sd","09:50:34",602800
14.5,0.1,10000,"sd","09:50:17",598400
14.5,0.1,500,"sd","09:50:01",588400
14.6,0.2,500,"bu","09:49:48",587900
14.6,0.2,1000,"bu","09:48:39",587400
14.6,0.2,500,"bu","09:48:15",586400
14.6,0.2,2500,"bu","09:48:04",585900
14.6,0.2,300,"bu","09:47:58",583400
14.6,0.2,7000,"bu","09:47:42",583100
14.6,0.2,3100,"bu","09:47:37",576100
14.6,0.2,200,"bu","09:46:57",573000
14.5,0.1,4500,"sd","09:46:55",572800
14.6,0.2,300,"bu","09:46:50",568300
14.6,0.2,500,"bu","09:46:42",568000
14.6,0.2,10000,"bu","09:46:28",567500
14.5,0.1,900,"sd","09:46:24",557500
14.5,0.1,700,"sd","09:46:00",556600
14.5,0.1,2000,"sd","09:45:28",555900
14.5,0.1,4000,"sd","09:45:18",553900
14.5,0.1,500,"sd","09:44:40",549900
14.6,0.2,10000,"bu","09:44:32",549400
14.5,0.1,6800,"sd","09:44:29",539400
14.5,0.1,100,"sd","09:44:19",532600
14.5,0.1,2000,"sd","09:44:07",532500
14.5,0.1,1000,"sd","09:43:57",530500
14.5,0.1,3300,"sd","09:43:01",529500
14.6,0.2,10000,"bu","09:42:44",526200
14.5,0.1,1600,"sd","09:42:22",516200
14.6,0.2,100,"bu","09:42:21",514600
14.5,0.1,10000,"sd","09:42:02",514500
14.5,0.1,5000,"sd","09:41:59",504500
14.5,0.1,5000,"sd","09:41:56",499500
14.6,0.2,100,"bu","09:40:57",494500
14.6,0.2,500,"bu","09:40:32",494400
14.6,0.2,100,"bu","09:40:06",493900
14.5,0.1,3000,"sd","09:39:48",493800
14.5,0.1,40000,"sd","09:39:20",490800
14.6,0.2,2000,"bu","09:39:13",450800
14.5,0.1,5000,"sd","09:38:06",448800
14.5,0.1,27200,"sd","09:37:41",443800
14.5,0.1,5000,"sd","09:37:01",416600
14.5,0.1,2200,"sd","09:36:55",411600
14.5,0.1,8000,"sd","09:36:53",409400
14.6,0.2,500,"bu","09:36:47",401400
14.5,0.1,100,"sd","09:36:03",400900
14.5,0.1,5000,"sd","09:35:53",400800
14.5,0.1,500,"sd","09:35:45",395800
14.5,0.1,17000,"sd","09:35:19",395300
14.5,0.1,100,"sd","09:34:23",378300
14.6,0.2,500,"bu","09:34:22",378200
14.6,0.2,2000,"bu","09:34:18",377700
14.5,0.1,100,"sd","09:34:11",375700
14.5,0.1,1000,"sd","09:33:35",375600
14.5,0.1,100,"sd","09:33:32",374600
14.5,0.1,5000,"sd","09:33:12",374500
14.5,0.1,5000,"sd","09:33:11",369500
14.5,0.1,13000,"sd","09:32:28",364500
14.6,0.2,200,"bu","09:32:13",351500
14.6,0.2,100,"bu","09:31:37",351300
14.6,0.2,500,"bu","09:31:17",351200
14.6,0.2,200,"bu","09:31:16",350700
14.6,0.2,10100,"bu","09:30:33",350500
14.5,0.1,200,"sd","09:30:32",340400
14.5,0.1,30000,"sd","09:29:59",340200
14.6,0.2,2300,"bu","09:29:46",310200
14.6,0.2,500,"bu","09:29:45",307900
14.6,0.2,48600,"bu","09:29:29",307400
14.6,0.2,3000,"bu","09:29:25",258800
14.6,0.2,500,"bu","09:29:21",255800
14.6,0.2,200,"bu","09:29:07",255300
14.6,0.2,600,"bu","09:29:06",255100
14.5,0.1,1000,"sd","09:28:47",254500
14.5,0.1,1000,"sd","09:28:42",253500
14.5,0.1,1000,"sd","09:28:29",252500
14.5,0.1,500,"sd","09:28:14",251500
14.5,0.1,1000,"sd","09:28:05",251000
14.5,0.1,2000,"sd","09:27:56",250000
14.5,0.1,100,"sd","09:27:38",248000
14.5,0.1,1100,"sd","09:27:27",247900
14.6,0.2,5000,"bu","09:27:21",246800
14.5,0.1,2000,"sd","09:27:05",241800
14.5,0.1,200,"sd","09:27:02",239800
14.5,0.1,300,"sd","09:26:50",239600
14.5,0.1,400,"bu","09:26:46",239300
14.5,0.1,500,"bu","09:26:39",238900
14.5,0.1,200,"bu","09:26:37",238400
14.5,0.1,100,"bu","09:26:36",238200
14.5,0.1,4300,"sd","09:26:28",238100
14.5,0.1,1200,"sd","09:26:22",233800
14.5,0.1,10000,"sd","09:26:18",232600
14.5,0.1,10000,"sd","09:26:14",222600
14.5,0.1,5100,"sd","09:26:12",212600
14.5,0.1,4500,"sd","09:26:11",207500
14.5,0.1,500,"sd","09:26:10",203000
14.5,0.1,40000,"sd","09:25:50",202500
14.5,0.1,2000,"sd","09:25:25",162500
14.5,0.1,5000,"sd","09:25:10",160500
14.5,0.1,1000,"sd","09:25:00",155500
14.5,0.1,1000,"sd","09:24:38",154500
14.6,0.2,500,"bu","09:24:21",153500
14.5,0.1,2500,"sd","09:24:13",153000
14.5,0.1,400,"sd","09:23:46",150500
14.5,0.1,5000,"sd","09:23:27",150100
14.5,0.1,300,"sd","09:22:48",145100
14.5,0.1,6200,"sd","09:21:59",144800
14.5,0.1,1000,"sd","09:21:56",138600
14.5,0.1,7300,"sd","09:21:42",137600
14.5,0.1,1000,"sd","09:21:39",130300
14.5,0.1,1000,"sd","09:21:31",129300
14.5,0.1,1000,"sd","09:21:28",128300
14.6,0.2,200,"bu","09:21:22",127300
14.5,0.1,1000,"sd","09:21:20",127100
14.6,0.2,2000,"bu","09:21:08",126100
14.6,0.2,100,"bu","09:20:36",124100
14.6,0.2,500,"bu","09:20:28",124000
14.6,0.2,1000,"bu","09:20:15",123500
14.5,0.1,1000,"sd","09:20:00",122500
14.5,0.1,200,"sd","09:19:43",121500
14.5,0.1,2000,"sd","09:19:25",121300
14.6,0.2,100,"bu","09:19:14",119300
14.6,0.2,500,"bu","09:18:55",119200
14.6,0.2,1000,"bu","09:18:28",118700
14.5,0.1,200,"sd","09:17:58",117700
14.5,0.1,300,"sd","09:17:26",117500
14.5,0.1,1000,"sd","09:16:41",117200
14.5,0.1,200,"sd","09:16:36",116200
14.5,0.1,2000,"sd","09:16:27",116000
14.5,0.1,500,"sd","09:14:50",114000
14.5,0.1,3200,"bu","09:13:25",113500
14.5,0.1,1000,"bu","09:13:23",110300
14.5,0.1,500,"bu","09:13:20",109300
14.5,0.1,400,"bu","09:13:08",108800
14.5,0.1,1000,"bu","09:12:53",108400
14.5,0.1,500,"bu","09:12:45",107400
14.5,0.1,1000,"bu","09:12:33",106900
14.5,0.1,600,"bu","09:12:16",105900
14.5,0.1,500,"bu","09:11:20",105300
14.5,0.1,500,"bu","09:11:12",104800
14.5,0.1,3100,"bu","09:10:56",104300
14.5,0.1,1000,"sd","09:10:53",101200
14.5,0.1,5000,"sd","09:10:50",100200
14.5,0.1,1000,"sd","09:10:02",95200
14.5,0.1,100,"sd","09:09:36",94200
14.5,0.1,500,"sd","09:09:22",94100
14.5,0.1,1000,"sd","09:08:59",93600
14.5,0.1,1500,"bu","09:08:53",92600
14.5,0.1,100,"bu","09:08:50",91100
14.5,0.1,100,"bu","09:08:49",91000
14.5,0.1,1100,"bu","09:08:46",90900
14.5,0.1,500,"bu","09:08:44",89800
14.5,0.1,1400,"bu","09:08:40",89300
14.5,0.1,500,"bu","09:08:38",87900
14.5,0.1,200,"bu","09:08:30",87400
14.5,0.1,1000,"bu","09:08:29",87200
14.5,0.1,100,"bu","09:08:24",86200
14.5,0.1,1000,"bu","09:08:22",86100
14.5,0.1,7000,"bu","09:08:17",85100
14.5,0.1,800,"bu","09:08:16",78100
14.5,0.1,5000,"bu","09:08:13",77300
14.5,0.1,500,"bu","09:08:12",72300
14.5,0.1,500,"bu","09:08:07",71800
14.5,0.1,3000,"bu","09:07:37",71300
14.5,0.1,1100,"bu","09:07:16",68300
14.5,0.1,1000,"bu","09:07:15",67200
14.5,0.1,200,"bu","09:06:58",66200
14.5,0.1,10000,"bu","09:06:53",66000
14.5,0.1,200,"bu","09:06:47",56000
14.5,0.1,500,"bu","09:06:36",55800
14.5,0.1,100,"bu","09:06:28",55300
14.5,0.1,200,"bu","09:06:09",55200
14.5,0.1,200,"bu","09:05:57",55000
14.5,0.1,200,"bu","09:05:36",54800
14.5,0.1,2000,"bu","09:05:32",54600
14.5,0.1,10000,"bu","09:05:28",52600
14.5,0.1,500,"bu","09:05:03",42600
14.5,0.1,500,"bu","09:04:39",42100
14.5,0.1,300,"bu","09:04:21",41600
14.5,0.1,100,"bu","09:04:08",41300
14.5,0.1,5000,"bu","09:04:06",41200
14.5,0.1,1000,"bu","09:03:36",36200
14.5,0.1,100,"bu","09:03:10",35200
14.5,0.1,100,"bu","09:03:09",35100
14.5,0.1,2000,"bu","09:03:04",35000
14.5,0.1,1800,"bu","09:02:56",33000
14.5,0.1,5000,"bu","09:02:38",31200
14.5,0.1,200,"bu","09:02:21",26200
14.4,0,100,"sd","09:02:18",26000
14.5,0.1,2000,"bu","09:02:05",25900
14.5,0.1,3000,"bu","09:01:49",23900
14.5,0.1,1000,"bu","09:01:48",20900
14.5,0.1,200,"bu","09:01:46",19900
14.5,0.1,300,"bu","09:01:33",19700
14.5,0.1,600,"bu","09:01:20",19400
14.5,0.1,1500,"bu","09:01:12",18800
14.5,0.1,1000,"bu","09:01:05",17300
14.5,0.1,200,"bu","09:01:00",16300
14.5,0.1,100,"bu","09:00:38",16100
14.5,0.1,9000,"bu","09:00:31",16000
14.4,0,3000,"sd","09:00:28",7000
14.5,0.1,2000,"bu","09:00:26",4000
14.4,0,1300,"sd","09:00:14",2000
14.5,0.1,500,"bu","09:00:06",700
14.4,0,200,"sd","09:00:03",200
