"price","change","match_qtty","side","time","total_vol"
5.2,0.1,600,"bu","14:59:39",1488900
5.2,0.1,400,"bu","14:53:38",1488300
5.2,0.1,200,"bu","14:50:29",1487900
5.2,0.1,300,"bu","14:49:20",1487700
5.2,0.1,100,"bu","14:48:39",1487400
5.2,0.1,3600,"bu","14:48:27",1487300
5.2,0.1,100,"bu","14:47:35",1483700
5.2,0.1,500,"bu","14:47:31",1483600
5.2,0.1,4400,"bu","14:47:29",1483100
5.2,0.1,15900,"bu","14:45:45",1478700
5.2,0.1,100,"bu","14:40:59",1462800
5.2,0.1,400,"bu","14:39:08",1462700
5.2,0.1,2000,"bu","14:36:16",1462300
5.2,0.1,900,"bu","14:35:30",1460300
5.2,0.1,1000,"unknown","14:30:26",1459400
5.2,0.1,1600,"unknown","14:30:13",1458400
5.2,0.1,800,"bu","14:29:59",1456800
5.2,0.1,200,"sd","14:29:45",1456000
5.2,0.1,3000,"sd","14:29:21",1455800
5.2,0.1,500,"sd","14:29:14",1452800
5.2,0.1,4000,"sd","14:28:01",1452300
5.2,0.1,5000,"sd","14:27:58",1448300
5.2,0.1,200,"sd","14:27:20",1443300
5.2,0.1,300,"sd","14:27:01",1443100
5.2,0.1,300,"sd","14:26:58",1442800
5.2,0.1,1000,"sd","14:26:27",1442500
5.2,0.1,1500,"sd","14:26:23",1441500
5.2,0.1,200,"unknown","14:25:48",1440000
5.2,0.1,1600,"bu","14:25:28",1439800
5.2,0.1,1400,"sd","14:25:09",1438200
5.2,0.1,200,"sd","14:24:43",1436800
5.2,0.1,2700,"bu","14:22:48",1436600
5.2,0.1,13000,"bu","14:22:20",1433900
5.2,0.1,2000,"sd","14:21:57",1420900
5.2,0.1,2000,"sd","14:21:43",1418900
5.2,0.1,600,"sd","14:21:33",1416900
5.2,0.1,500,"sd","14:21:16",1416300
5.2,0.1,2900,"bu","14:20:28",1415800
5.2,0.1,2100,"bu","14:20:26",1412900
5.2,0.1,500,"unknown","14:19:31",1410800
5.2,0.1,10800,"unknown","14:17:29",1410300
5.2,0.1,1200,"bu","14:17:16",1399500
5.2,0.1,3700,"unknown","14:17:08",1398300
5.2,0.1,1300,"sd","14:16:54",1394600
5.2,0.1,500,"sd","14:16:43",1393300
5.2,0.1,1500,"sd","14:16:33",1392800
5.2,0.1,500,"sd","14:16:23",1391300
5.2,0.1,2000,"sd","14:14:57",1390800
5.2,0.1,5000,"sd","14:14:44",1388800
5.2,0.1,1000,"sd","14:14:22",1383800
5.2,0.1,2000,"sd","14:13:35",1382800
5.2,0.1,1600,"bu","14:12:22",1380800
5.2,0.1,1500,"bu","14:11:58",1379200
5.2,0.1,500,"sd","14:11:31",1377700
5.2,0.1,2000,"sd","14:11:26",1377200
5.2,0.1,1000,"sd","14:11:19",1375200
5.2,0.1,1000,"sd","14:11:08",1374200
5.2,0.1,29800,"bu","14:08:31",1373200
5.2,0.1,200,"sd","14:08:16",1343400
5.2,0.1,9400,"bu","14:07:57",1343200
5.2,0.1,600,"sd","14:07:38",1333800
5.2,0.1,400,"sd","14:07:26",1333200
5.2,0.1,4800,"sd","14:06:55",1332800
5.2,0.1,200,"unknown","14:06:51",1328000
5.2,0.1,8500,"bu","14:06:49",1327800
5.2,0.1,2000,"bu","14:06:42",1319300
5.2,0.1,27900,"bu","14:06:25",1317300
5.1,0,400,"sd","14:06:12",1289400
5.2,0.1,2100,"bu","14:05:58",1289000
5.2,0.1,4700,"bu","14:05:53",1286900
5.2,0.1,17300,"sd","14:05:34",1282200
5.2,0.1,1000,"sd","14:05:16",1264900
5.2,0.1,2000,"sd","14:05:03",1263900
5.2,0.1,20000,"sd","14:05:02",1261900
5.2,0.1,100,"sd","14:04:56",1241900
5.2,0.1,3000,"sd","14:04:55",1241800
5.2,0.1,2000,"sd","14:04:52",1238800
5.2,0.1,5000,"sd","14:04:48",1236800
5.2,0.1,10000,"sd","14:04:41",1231800
5.2,0.1,1500,"sd","14:04:38",1221800
5.2,0.1,500,"sd","14:04:35",1220300
5.2,0.1,23500,"sd","14:04:33",1219800
5.2,0.1,7000,"sd","14:04:31",1196300
5.2,0.1,10000,"sd","14:03:58",1189300
5.2,0.1,30000,"sd","14:03:57",1179300
5.2,0.1,500,"sd","14:02:53",1149300
5.2,0.1,1500,"sd","14:02:35",1148800
5.2,0.1,2000,"sd","14:01:51",1147300
5.2,0.1,5000,"sd","14:01:02",1145300
5.2,0.1,1000,"sd","14:00:10",1140300
5.2,0.1,5000,"sd","13:59:56",1139300
5.2,0.1,500,"sd","13:58:33",1134300
5.2,0.1,100,"sd","13:57:19",1133800
5.2,0.1,200,"sd","13:56:59",1133700
5.2,0.1,300,"sd","13:56:20",1133500
5.2,0.1,5000,"sd","13:56:00",1133200
5.2,0.1,700,"sd","13:54:39",1128200
5.2,0.1,5000,"sd","13:52:09",1127500
5.2,0.1,3000,"sd","13:51:20",1122500
5.2,0.1,6500,"sd","13:51:02",1119500
5.2,0.1,2000,"sd","13:49:39",1113000
5.2,0.1,2800,"sd","13:49:31",1111000
5.2,0.1,10000,"sd","13:49:22",1108200
5.2,0.1,5000,"sd","13:48:58",1098200
5.2,0.1,15000,"sd","13:48:53",1093200
5.2,0.1,20000,"sd","13:48:40",1078200
5.2,0.1,100,"sd","13:48:36",1058200
5.2,0.1,20000,"sd","13:47:53",1058100
5.3,0.2,1300,"bu","13:47:22",1038100
5.2,0.1,200,"sd","13:46:25",1036800
5.2,0.1,100,"sd","13:46:00",1036600
5.2,0.1,3000,"sd","13:44:00",1036500
5.2,0.1,5000,"sd","13:43:57",1033500
5.2,0.1,200,"sd","13:42:38",1028500
5.2,0.1,2900,"sd","13:39:34",1028300
5.2,0.1,500,"sd","13:39:32",1025400
5.2,0.1,500,"sd","13:38:11",1024900
5.2,0.1,500,"sd","13:36:06",1024400
5.2,0.1,200,"sd","13:35:20",1023900
5.2,0.1,800,"sd","13:33:21",1023700
5.2,0.1,6000,"sd","13:33:09",1022900
5.2,0.1,1500,"sd","13:32:47",1016900
5.2,0.1,100,"sd","13:30:25",1015400
5.2,0.1,5000,"sd","13:30:23",1015300
5.2,0.1,300,"sd","13:30:11",1010300
5.3,0.2,2000,"bu","13:29:42",1010000
5.3,0.2,4000,"bu","13:29:20",1008000
5.3,0.2,1000,"bu","13:27:42",1004000
5.3,0.2,3000,"bu","13:26:31",1003000
5.3,0.2,2000,"bu","13:24:46",1000000
5.3,0.2,2800,"bu","13:24:35",998000
5.3,0.2,500,"bu","13:23:47",995200
5.3,0.2,200,"bu","13:22:47",994700
5.3,0.2,500,"bu","13:22:14",994500
5.3,0.2,20000,"bu","13:20:43",994000
5.3,0.2,100,"bu","13:20:21",974000
5.3,0.2,5000,"bu","13:19:58",973900
5.2,0.1,2000,"sd","13:18:54",968900
5.2,0.1,400,"sd","13:17:24",966900
5.2,0.1,2000,"sd","13:17:05",966500
5.3,0.2,20000,"bu","13:16:50",964500
5.3,0.2,30000,"bu","13:15:30",944500
5.2,0.1,4100,"sd","13:09:31",914500
5.2,0.1,100,"sd","13:08:56",910400
5.3,0.2,2900,"bu","13:08:50",910300
5.3,0.2,200,"bu","13:07:48",907400
5.3,0.2,200,"bu","13:07:02",907200
5.3,0.2,500,"bu","13:06:56",907000
5.3,0.2,100,"bu","13:04:23",906500
5.3,0.2,200,"bu","13:03:24",906400
5.3,0.2,400,"bu","13:02:31",906200
5.3,0.2,100,"bu","13:01:59",905800
5.3,0.2,11000,"bu","13:00:05",905700
5.2,0.1,100,"sd","13:00:02",894700
5.2,0.1,9200,"sd","11:24:41",894600
5.3,0.2,100,"bu","11:14:51",885400
5.3,0.2,2300,"bu","11:10:12",885300
5.3,0.2,7200,"bu","11:04:58",883000
5.3,0.2,4000,"bu","11:03:49",875800
5.3,0.2,5000,"bu","11:03:25",871800
5.3,0.2,16000,"bu","11:03:04",866800
5.3,0.2,5500,"bu","11:03:03",850800
5.3,0.2,1000,"bu","11:02:16",845300
5.3,0.2,300,"bu","11:00:09",844300
5.3,0.2,13900,"bu","10:59:34",844000
5.3,0.2,3000,"sd","10:59:29",830100
5.3,0.2,200,"sd","10:59:22",827100
5.3,0.2,3000,"sd","10:59:20",826900
5.3,0.2,3000,"sd","10:59:14",823900
5.3,0.2,3000,"sd","10:59:11",820900
5.3,0.2,2000,"sd","10:59:10",817900
5.3,0.2,5000,"sd","10:59:01",815900
5.3,0.2,5000,"sd","10:58:55",810900
5.3,0.2,100,"sd","10:58:52",805900
5.3,0.2,30000,"sd","10:58:51",805800
5.4,0.3,500,"bu","10:58:46",775800
5.3,0.2,500,"sd","10:58:41",775300
5.3,0.2,30000,"sd","10:58:38",774800
5.3,0.2,500,"sd","10:58:17",744800
5.3,0.2,3000,"sd","10:57:53",744300
5.3,0.2,1100,"sd","10:57:36",741300
5.3,0.2,1700,"sd","10:57:34",740200
5.3,0.2,16000,"sd","10:56:50",738500
5.3,0.2,1500,"sd","10:55:31",722500
5.3,0.2,500,"sd","10:55:11",721000
5.3,0.2,300,"sd","10:55:06",720500
5.3,0.2,20000,"sd","10:54:39",720200
5.3,0.2,23800,"sd","10:54:30",700200
5.3,0.2,10000,"bu","10:54:27",676400
5.3,0.2,1000,"bu","10:54:26",666400
5.3,0.2,4500,"bu","10:54:25",665400
5.3,0.2,2000,"bu","10:54:24",660900
5.3,0.2,5000,"bu","10:54:23",658900
5.3,0.2,7000,"bu","10:54:22",653900
5.3,0.2,6200,"bu","10:54:21",646900
5.3,0.2,200,"bu","10:54:20",640700
5.3,0.2,50000,"bu","10:54:19",640500
5.3,0.2,5000,"bu","10:54:18",590500
5.3,0.2,10000,"bu","10:54:16",585500
5.3,0.2,18000,"bu","03:54:10",575500
5.3,0.2,2000,"bu","10:54:07",557500
5.3,0.2,10000,"bu","10:54:03",555500
5.3,0.2,1000,"bu","10:54:00",545500
5.3,0.2,600,"bu","10:53:51",544500
5.3,0.2,2000,"bu","10:53:49",543900
5.3,0.2,1000,"bu","10:53:44",541900
5.3,0.2,60000,"bu","10:53:42",540900
5.3,0.2,30000,"bu","10:53:38",480900
5.3,0.2,900,"bu","10:53:35",450900
5.3,0.2,100,"bu","10:53:30",450000
5.3,0.2,200,"bu","10:53:25",449900
5.3,0.2,400,"bu","10:53:19",449700
5.3,0.2,50000,"bu","10:53:13",449300
5.3,0.2,300,"bu","10:53:05",399300
5.3,0.2,1000,"bu","10:52:53",399000
5.3,0.2,1000,"bu","10:52:49",398000
5.3,0.2,300,"bu","10:52:44",397000
5.3,0.2,1000,"bu","10:52:42",396700
5.3,0.2,1000,"bu","10:52:36",395700
5.3,0.2,10000,"bu","10:52:31",394700
5.3,0.2,1000,"bu","10:52:13",384700
5.3,0.2,2500,"bu","10:52:12",383700
5.3,0.2,9400,"bu","10:52:08",381200
5.3,0.2,1000,"bu","10:51:59",371800
5.3,0.2,30000,"bu","10:51:47",370800
5.3,0.2,1000,"bu","10:51:38",340800
5.3,0.2,200,"bu","10:51:29",339800
5.3,0.2,1000,"bu","10:50:56",339600
5.3,0.2,5000,"bu","10:50:54",338600
5.3,0.2,10000,"bu","10:50:30",333600
5.3,0.2,10000,"bu","10:50:29",323600
5.3,0.2,400,"bu","10:49:29",313600
5.3,0.2,2000,"bu","10:49:13",313200
5.3,0.2,8800,"bu","10:49:06",311200
5.3,0.2,200,"bu","10:47:51",302400
5.3,0.2,1100,"bu","10:47:02",302200
5.2,0.1,5500,"sd","10:46:14",301100
5.3,0.2,700,"bu","10:45:53",295600
5.3,0.2,500,"bu","10:45:35",294900
5.3,0.2,500,"bu","10:45:15",294400
5.2,0.1,400,"sd","10:45:01",293900
5.3,0.2,5000,"bu","10:44:40",293500
5.3,0.2,500,"bu","10:44:34",288500
5.2,0.1,500,"sd","10:43:51",288000
5.2,0.1,500,"sd","10:43:16",287500
5.3,0.2,1000,"bu","10:41:47",287000
5.3,0.2,500,"bu","10:41:10",286000
5.3,0.2,500,"bu","10:38:59",285500
5.2,0.1,300,"sd","10:35:32",285000
5.3,0.2,1000,"bu","10:35:07",284700
5.3,0.2,500,"bu","10:35:02",283700
5.3,0.2,1000,"bu","10:34:09",283200
5.3,0.2,1000,"bu","10:30:30",282200
5.3,0.2,500,"bu","10:30:12",281200
5.3,0.2,1000,"bu","10:28:57",280700
5.3,0.2,500,"bu","10:27:47",279700
5.3,0.2,20000,"bu","10:27:11",279200
5.3,0.2,3000,"bu","10:25:14",259200
5.2,0.1,700,"sd","10:24:29",256200
5.2,0.1,500,"bu","10:24:23",255500
5.2,0.1,2000,"bu","10:24:15",255000
5.2,0.1,4000,"bu","10:24:12",253000
5.2,0.1,2000,"bu","10:23:59",249000
5.2,0.1,3000,"bu","10:23:45",247000
5.2,0.1,2800,"bu","10:23:35",244000
5.2,0.1,1000,"bu","10:23:32",241200
5.2,0.1,3000,"bu","10:23:17",240200
5.2,0.1,10000,"bu","10:23:13",237200
5.2,0.1,2000,"bu","10:23:06",227200
5.2,0.1,100,"bu","10:23:01",225200
5.2,0.1,2000,"bu","10:22:39",225100
5.2,0.1,1000,"bu","10:22:20",223100
5.2,0.1,1000,"bu","10:22:16",222100
5.2,0.1,300,"bu","10:19:03",221100
5.2,0.1,100,"bu","10:18:35",220800
5.1,0,100,"sd","10:17:13",220700
5.1,0,100,"sd","10:16:14",220600
5.2,0.1,200,"bu","10:15:57",220500
5.2,0.1,200,"bu","10:11:00",220300
5.2,0.1,1600,"bu","10:10:05",220100
5.2,0.1,10400,"sd","10:07:45",218500
5.2,0.1,500,"sd","10:06:32",208100
5.2,0.1,2200,"sd","10:02:54",207600
5.2,0.1,1000,"sd","10:02:27",205400
5.2,0.1,10000,"sd","10:01:10",204400
5.2,0.1,500,"sd","10:01:04",194400
5.2,0.1,10000,"sd","09:59:55",193900
5.2,0.1,3000,"sd","09:56:14",183900
5.2,0.1,3000,"sd","09:55:18",180900
5.2,0.1,4000,"sd","09:54:40",177900
5.2,0.1,100,"sd","09:54:36",173900
5.2,0.1,500,"sd","09:53:35",173800
5.2,0.1,4500,"sd","09:45:54",173300
5.3,0.2,5000,"bu","09:45:27",168800
5.2,0.1,28000,"sd","09:45:20",163800
5.3,0.2,1000,"bu","09:44:54",135800
5.3,0.2,5000,"bu","09:43:34",134800
5.3,0.2,1500,"bu","09:42:26",129800
5.2,0.1,300,"sd","09:40:06",128300
5.2,0.1,24300,"bu","09:38:52",128000
5.2,0.1,18700,"bu","09:36:35",103700
5.2,0.1,900,"bu","09:36:19",85000
5.2,0.1,200,"bu","09:36:11",84100
5.2,0.1,100,"bu","09:34:59",83900
5.2,0.1,2000,"bu","09:28:17",83800
5.2,0.1,2800,"bu","09:25:00",81800
5.2,0.1,1000,"sd","09:24:49",79000
5.3,0.2,500,"bu","09:24:29",78000
5.2,0.1,500,"bu","09:23:23",77500
5.2,0.1,500,"bu","09:22:51",77000
5.2,0.1,500,"sd","09:22:47",76500
5.2,0.1,1000,"sd","09:22:18",76000
5.2,0.1,2000,"sd","09:21:58",75000
5.2,0.1,1000,"sd","09:21:06",73000
5.2,0.1,10000,"sd","09:20:02",72000
5.2,0.1,2000,"sd","09:18:05",62000
5.2,0.1,6200,"bu","09:16:34",60000
5.2,0.1,300,"bu","09:15:59",53800
5.2,0.1,100,"bu","09:15:32",53500
5.2,0.1,100,"bu","09:15:11",53400
5.2,0.1,1000,"bu","09:15:10",53300
5.2,0.1,4300,"bu","09:14:59",52300
5.2,0.1,2000,"bu","09:14:56",48000
5.2,0.1,200,"bu","09:14:40",46000
5.2,0.1,200,"bu","09:14:31",45800
5.2,0.1,2500,"bu","09:14:27",45600
5.2,0.1,2000,"bu","09:14:12",43100
5.2,0.1,38500,"bu","09:14:02",41100
5.1,0,2000,"sd","09:09:14",2600
5.2,0.1,600,"bu","09:01:24",600
