"price","change","match_qtty","side","time","total_vol"
48500,-1500,9000,"unknown","14:45:02",75100
48300,-1700,1100,"sd","14:29:45",66100
48300,-1700,100,"sd","14:28:10",65000
48300,-1700,3800,"bu","14:26:57",64900
48300,-1700,2000,"bu","14:25:23",61100
48300,-1700,100,"sd","14:24:01",59100
48300,-1700,2000,"sd","14:15:51",59000
48400,-1600,600,"sd","14:15:37",57000
48400,-1600,200,"sd","14:15:30",56400
48500,-1500,1700,"unknown","14:13:55",56200
48500,-1500,1300,"bu","14:13:10",54500
48500,-1500,100,"bu","14:12:44",53200
48500,-1500,200,"bu","14:11:52",53100
48400,-1600,100,"sd","14:11:16",52900
48400,-1600,100,"sd","14:10:47",52800
48500,-1500,100,"unknown","14:08:42",52700
48500,-1500,100,"sd","14:07:10",52600
48500,-1500,100,"sd","14:06:51",52500
48500,-1500,2500,"sd","14:06:34",52400
48500,-1500,500,"sd","14:05:36",49900
48600,-1400,100,"sd","14:04:57",49400
48600,-1400,100,"unknown","14:02:09",49300
48800,-1200,1000,"bu","13:53:14",49200
48400,-1600,300,"sd","13:52:53",48200
48500,-1500,200,"sd","13:52:45",47900
48800,-1200,2200,"sd","13:49:56",47700
49000,-1000,5100,"bu","13:47:52",45500
49100,-900,100,"sd","13:47:41",40400
49100,-900,100,"sd","13:46:31",40300
49100,-900,100,"sd","13:45:24",40200
49100,-900,100,"sd","13:44:30",40100
49300,-700,1000,"bu","13:33:37",40000
49300,-700,100,"bu","13:23:07",39000
49100,-900,100,"unknown","13:21:10",38900
49100,-900,2000,"sd","13:17:18",38800
49100,-900,4000,"bu","13:14:59",36800
49100,-900,2900,"sd","13:13:24",32800
49100,-900,100,"sd","13:08:12",29900
49100,-900,500,"sd","13:06:43",29800
49100,-900,1100,"sd","13:04:39",29300
49100,-900,2000,"sd","11:29:16",28200
49300,-700,100,"sd","11:19:52",26200
49000,-1000,2100,"sd","11:11:18",26100
49100,-900,2300,"unknown","11:10:11",24000
49500,-500,400,"bu","11:07:00",21700
49100,-900,300,"sd","10:50:42",21300
49100,-900,600,"sd","10:35:40",21000
49200,-800,500,"bu","10:32:53",20400
49200,-800,200,"sd","10:20:03",19900
49100,-900,600,"sd","10:16:57",19700
49100,-900,2000,"sd","10:16:48",19100
49100,-900,200,"sd","10:14:40",17100
49100,-900,2200,"bu","10:01:56",16900
49100,-900,200,"bu","10:01:33",14700
49100,-900,100,"bu","10:01:28",14500
49100,-900,200,"bu","09:59:44",14400
49100,-900,100,"bu","09:59:05",14200
49100,-900,100,"bu","09:57:58",14100
49100,-900,100,"sd","09:57:57",14000
49100,-900,2000,"bu","09:57:22",13900
49100,-900,200,"bu","09:56:35",11900
49100,-900,300,"sd","09:56:31",11700
49100,-900,200,"sd","09:56:00",11400
49100,-900,100,"bu","09:55:38",11200
49100,-900,700,"sd","09:55:37",11100
49100,-900,2000,"sd","09:55:18",10400
49100,-900,1200,"sd","09:54:37",8400
49200,-800,2500,"sd","09:53:44",7200
49400,-600,1000,"sd","09:50:46",4700
49500,-500,1400,"sd","09:49:05",3700
49500,-500,100,"sd","09:39:56",2300
49500,-500,1000,"sd","09:26:25",2200
49600,-400,1000,"sd","09:14:22",1200
49800,-200,100,"bu","09:06:18",200
49800,-200,100,"bu","09:05:50",100
