"price","change","match_qtty","side","time","total_vol"
28800,-350,25100,"unknown","14:45:00",461700
28650,-500,100,"bu","14:29:34",436600
28600,-550,1700,"sd","14:29:21",436500
28600,-550,100,"sd","14:29:21",434800
28600,-550,100,"sd","14:28:35",434700
28600,-550,2900,"sd","14:28:35",434600
28750,-400,700,"sd","14:27:46",431700
28750,-400,500,"sd","14:27:33",431000
28750,-400,500,"bu","14:27:22",430500
28700,-450,100,"bu","14:27:22",430000
28700,-450,700,"bu","14:27:22",429900
28650,-500,100,"bu","14:27:22",429200
28650,-500,300,"bu","14:27:22",429100
28650,-500,500,"bu","14:27:03",428800
28650,-500,200,"sd","14:26:49",428300
28650,-500,200,"bu","14:26:48",428100
28650,-500,800,"bu","14:26:48",427900
28650,-500,100,"bu","14:26:47",427100
28600,-550,200,"sd","14:26:27",427000
28600,-550,5000,"bu","14:26:23",426800
28600,-550,1900,"bu","14:26:23",421800
28600,-550,1000,"bu","14:26:01",419900
28550,-600,3000,"sd","14:24:40",418900
28600,-550,100,"bu","14:24:32",415900
28600,-550,7900,"bu","14:24:32",415800
28600,-550,2000,"bu","14:24:06",407900
28600,-550,100,"bu","14:23:29",405900
28600,-550,600,"bu","14:23:29",405800
28600,-550,100,"bu","14:23:16",405200
28600,-550,100,"bu","14:22:58",405100
28600,-550,1000,"bu","14:22:51",405000
28600,-550,1000,"sd","14:22:47",404000
28600,-550,200,"sd","14:22:47",403000
28600,-550,500,"sd","14:21:32",402800
28550,-600,1000,"sd","14:21:32",402300
28600,-550,500,"sd","14:21:32",401300
28600,-550,1000,"sd","14:21:32",400800
28600,-550,1000,"sd","14:21:32",399800
28650,-500,100,"bu","14:21:13",398800
28650,-500,800,"bu","14:20:26",398700
28650,-500,1000,"sd","14:19:58",397900
28650,-500,200,"sd","14:19:58",396900
28700,-450,2300,"bu","14:18:33",396700
28700,-450,100,"bu","14:18:33",394400
28700,-450,2600,"bu","14:18:33",394300
28650,-500,100,"sd","14:18:10",391700
28700,-450,500,"sd","14:16:14",391600
28700,-450,2000,"sd","14:16:14",391100
28700,-450,1000,"bu","14:15:44",389100
28700,-450,2000,"bu","14:15:44",388100
28650,-500,200,"sd","14:15:07",386100
28600,-550,400,"sd","14:14:44",385900
28600,-550,100,"sd","14:14:31",385500
28500,-650,500,"sd","14:13:11",385400
28500,-650,100,"sd","14:13:10",384900
28500,-650,300,"sd","14:13:10",384800
28500,-650,900,"sd","14:13:10",384500
28500,-650,200,"sd","14:13:01",383600
28500,-650,100,"sd","14:13:01",383400
28500,-650,10000,"sd","14:13:01",383300
28500,-650,100,"sd","14:13:01",373300
28500,-650,500,"sd","14:13:01",373200
28500,-650,500,"sd","14:13:01",372700
28500,-650,100,"sd","14:13:01",372200
28500,-650,5000,"sd","14:13:01",372100
28500,-650,100,"sd","14:13:01",367100
28500,-650,500,"sd","14:13:01",367000
28500,-650,300,"sd","14:13:01",366500
28500,-650,1000,"sd","14:13:01",366200
28500,-650,1100,"sd","14:13:01",365200
28550,-600,500,"sd","14:13:01",364100
28500,-650,600,"sd","14:12:33",363600
28550,-600,200,"sd","14:12:33",363000
28550,-600,100,"sd","14:12:33",362800
28550,-600,400,"sd","14:12:33",362700
28550,-600,3600,"sd","14:12:22",362300
28600,-550,500,"sd","14:12:22",358700
28600,-550,2000,"sd","14:12:22",358200
28600,-550,200,"sd","14:12:22",356200
28600,-550,100,"sd","14:12:22",356000
28600,-550,3000,"sd","14:12:22",355900
28600,-550,100,"sd","14:12:22",352900
28600,-550,300,"sd","14:12:22",352800
28600,-550,300,"sd","14:12:22",352500
28550,-600,900,"sd","14:12:22",352200
28600,-550,100,"sd","14:12:22",351300
28550,-600,100,"sd","14:12:22",351200
28600,-550,1000,"sd","14:12:22",351100
28600,-550,800,"sd","14:12:22",350100
28700,-450,2000,"sd","14:12:22",349300
28700,-450,1000,"bu","14:12:01",347300
28700,-450,1600,"bu","14:12:01",346300
28650,-500,400,"bu","14:12:01",344700
28600,-550,1000,"sd","14:11:52",344300
28600,-550,300,"sd","14:11:52",343300
28650,-500,700,"sd","14:11:52",343000
28650,-500,300,"sd","14:11:42",342300
28650,-500,100,"sd","14:11:42",342000
28650,-500,200,"sd","14:11:42",341900
28650,-500,200,"sd","14:11:42",341700
28650,-500,600,"sd","14:11:42",341500
28650,-500,200,"sd","14:11:42",340900
28650,-500,1000,"sd","14:11:42",340700
28650,-500,400,"sd","14:11:42",339700
28700,-450,500,"bu","14:11:24",339300
28700,-450,500,"bu","14:10:45",338800
28700,-450,5000,"sd","14:09:44",338300
28700,-450,100,"sd","14:09:44",333300
28700,-450,100,"sd","14:09:44",333200
28700,-450,200,"sd","14:09:44",333100
28850,-300,100,"sd","14:04:36",332900
28900,-250,1900,"bu","14:03:41",332800
28900,-250,300,"sd","14:03:40",330900
28900,-250,500,"sd","14:03:29",330600
28900,-250,200,"bu","14:03:28",330100
28900,-250,2000,"bu","14:03:06",329900
28850,-300,200,"sd","14:03:00",327900
28900,-250,200,"bu","14:02:40",327700
28850,-300,100,"sd","14:02:03",327500
28900,-250,200,"sd","14:02:02",327400
28900,-250,300,"sd","14:02:02",327200
28900,-250,2000,"sd","14:02:02",326900
28900,-250,100,"sd","14:02:02",324900
28900,-250,900,"sd","14:01:31",324800
28900,-250,1600,"sd","14:01:31",323900
28900,-250,1000,"bu","14:00:47",322300
28900,-250,200,"bu","14:00:47",321300
28900,-250,100,"bu","14:00:47",321100
28900,-250,100,"bu","14:00:47",321000
28900,-250,2000,"bu","14:00:47",320900
28850,-300,700,"bu","14:00:35",318900
28850,-300,300,"bu","14:00:02",318200
28800,-350,100,"bu","13:58:50",317900
28800,-350,500,"bu","13:58:50",317800
28700,-450,100,"sd","13:56:31",317300
28700,-450,200,"sd","13:56:07",317200
28700,-450,200,"sd","13:54:45",317000
28700,-450,2000,"sd","13:53:45",316800
28700,-450,500,"sd","13:52:41",314800
28700,-450,300,"sd","13:52:41",314300
28700,-450,700,"sd","13:52:41",314000
28700,-450,300,"sd","13:51:11",313300
28700,-450,100,"sd","13:51:01",313000
28700,-450,100,"sd","13:50:46",312900
28700,-450,1800,"bu","13:49:42",312800
28700,-450,100,"bu","13:48:10",311000
28700,-450,1500,"bu","13:47:44",310900
28700,-450,200,"bu","13:47:32",309400
28700,-450,100,"sd","13:47:15",309200
28700,-450,100,"sd","13:47:15",309100
28700,-450,3500,"sd","13:47:15",309000
28750,-400,1100,"sd","13:47:15",305500
28800,-350,100,"sd","13:47:15",304400
28800,-350,1500,"sd","13:47:15",304300
28800,-350,1000,"sd","13:47:07",302800
28800,-350,1000,"sd","13:47:01",301800
28800,-350,1000,"bu","13:46:32",300800
28800,-350,500,"bu","13:46:32",299800
28750,-400,600,"bu","13:45:23",299300
28750,-400,1900,"bu","13:45:23",298700
28750,-400,500,"bu","13:44:42",296800
28750,-400,1000,"bu","13:43:58",296300
28750,-400,300,"bu","13:43:45",295300
28750,-400,700,"bu","13:43:45",295000
28750,-400,200,"bu","13:41:18",294300
28700,-450,100,"bu","13:40:55",294100
28700,-450,100,"bu","13:40:55",294000
28700,-450,1000,"bu","13:40:55",293900
28700,-450,300,"bu","13:40:55",292900
28700,-450,700,"bu","13:37:26",292600
28700,-450,300,"bu","13:37:26",291900
28700,-450,700,"sd","13:36:12",291600
28700,-450,300,"sd","13:35:26",290900
28700,-450,4700,"sd","13:35:26",290600
28750,-400,100,"sd","13:35:10",285900
28750,-400,300,"bu","13:32:39",285800
28700,-450,1400,"bu","13:32:27",285500
28700,-450,1000,"sd","13:32:19",284100
28700,-450,200,"sd","13:32:19",283100
28700,-450,400,"sd","13:32:19",282900
28750,-400,900,"bu","13:32:12",282500
28750,-400,300,"bu","13:31:59",281600
28750,-400,500,"bu","13:31:23",281300
28750,-400,500,"sd","13:31:19",280800
28750,-400,2000,"sd","13:31:19",280300
28750,-400,3000,"sd","13:31:15",278300
28750,-400,1000,"sd","13:31:15",275300
28750,-400,200,"sd","13:29:04",274300
28750,-400,100,"sd","13:29:04",274100
28750,-400,200,"sd","13:28:57",274000
28750,-400,800,"bu","13:27:50",273800
28750,-400,1200,"bu","13:27:07",273000
28700,-450,100,"bu","13:26:29",271800
28700,-450,2000,"bu","13:26:29",271700
28700,-450,2500,"bu","13:26:29",269700
28700,-450,100,"bu","13:24:15",267200
28600,-550,200,"sd","13:23:31",267100
28650,-500,900,"bu","13:20:50",266900
28650,-500,4100,"sd","13:20:42",266000
28650,-500,100,"sd","13:20:14",261900
28650,-500,100,"bu","13:19:53",261800
28650,-500,700,"bu","13:19:53",261700
28600,-550,5000,"sd","13:19:34",261000
28600,-550,100,"sd","13:19:34",256000
28600,-550,100,"sd","13:18:44",255900
28650,-500,300,"sd","13:17:43",255800
28650,-500,100,"sd","13:17:26",255500
28650,-500,300,"sd","13:17:26",255400
28650,-500,100,"sd","13:17:26",255100
28650,-500,200,"sd","13:17:24",255000
28650,-500,1400,"sd","13:17:24",254800
28650,-500,1100,"sd","13:17:08",253400
28650,-500,900,"sd","13:16:43",252300
28650,-500,900,"sd","13:16:36",251400
28650,-500,200,"sd","13:16:11",250500
28650,-500,200,"sd","13:15:56",250300
28700,-450,200,"bu","13:15:02",250100
28700,-450,600,"bu","13:14:53",249900
28700,-450,200,"bu","13:13:23",249300
28700,-450,300,"sd","13:12:36",249100
28700,-450,1900,"sd","13:12:36",248800
28700,-450,100,"sd","13:12:21",246900
28700,-450,900,"sd","13:12:21",246800
28700,-450,100,"sd","13:12:03",245900
28700,-450,100,"sd","13:10:36",245800
28700,-450,100,"sd","13:10:24",245700
28700,-450,100,"sd","13:09:45",245600
28700,-450,1700,"bu","13:08:26",245500
28650,-500,300,"bu","13:07:59",243800
28650,-500,500,"sd","13:07:55",243500
28650,-500,200,"bu","13:07:08",243000
28650,-500,100,"bu","13:07:08",242800
28650,-500,200,"bu","13:07:08",242700
28650,-500,100,"bu","13:05:54",242500
28600,-550,100,"sd","13:05:27",242400
28650,-500,200,"bu","13:04:30",242300
28600,-550,4200,"bu","13:03:34",242100
28600,-550,800,"bu","13:03:16",237900
28600,-550,200,"bu","13:03:16",237100
28550,-600,500,"sd","13:02:24",236900
28550,-600,1500,"sd","13:02:05",236400
28550,-600,2400,"sd","13:01:20",234900
28550,-600,2000,"sd","13:01:20",232500
28550,-600,200,"sd","13:01:20",230500
28550,-600,100,"sd","13:01:20",230300
28600,-550,300,"sd","13:01:20",230200
28600,-550,500,"sd","13:01:20",229900
28600,-550,2000,"sd","13:01:11",229400
28600,-550,3000,"sd","13:01:11",227400
28600,-550,200,"sd","13:00:41",224400
28600,-550,6800,"sd","13:00:32",224200
28600,-550,200,"sd","13:00:32",217400
28600,-550,700,"sd","13:00:28",217200
28600,-550,1500,"sd","13:00:21",216500
28600,-550,2000,"sd","13:00:20",215000
28600,-550,300,"sd","13:00:03",213000
28650,-500,100,"unknown","13:00:02",212700
28650,-500,600,"unknown","13:00:02",212600
28650,-500,300,"sd","13:00:01",212000
28650,-500,1100,"bu","11:29:28",211700
28600,-550,300,"sd","11:28:54",210600
28600,-550,100,"sd","11:28:54",210300
28600,-550,600,"sd","11:28:54",210200
28650,-500,4000,"sd","11:27:46",209600
28650,-500,1000,"sd","11:27:36",205600
28650,-500,2000,"sd","11:27:30",204600
28650,-500,1000,"sd","11:25:51",202600
28600,-550,400,"sd","11:23:38",201600
28600,-550,100,"sd","11:23:38",201200
28600,-550,100,"sd","11:22:42",201100
28600,-550,200,"sd","11:22:42",201000
28600,-550,200,"sd","11:22:42",200800
28600,-550,100,"sd","11:21:58",200600
28600,-550,1000,"sd","11:21:58",200500
28600,-550,200,"sd","11:21:58",199500
28600,-550,1800,"sd","11:15:06",199300
28600,-550,2000,"sd","11:15:06",197500
28600,-550,2000,"sd","11:15:06",195500
28600,-550,500,"sd","11:15:06",193500
28600,-550,300,"sd","11:15:06",193000
28600,-550,2000,"sd","11:15:06",192700
28600,-550,500,"sd","11:15:06",190700
28600,-550,300,"sd","11:15:06",190200
28600,-550,400,"sd","11:15:06",189900
28650,-500,200,"sd","11:15:06",189500
28650,-500,100,"bu","11:13:08",189300
28650,-500,2000,"sd","11:12:37",189200
28650,-500,200,"sd","11:12:37",187200
28600,-550,500,"sd","11:07:24",187000
28600,-550,100,"sd","11:04:12",186500
28650,-500,500,"bu","11:03:58",186400
28600,-550,100,"sd","11:03:55",185900
28650,-500,200,"bu","11:03:51",185800
28650,-500,100,"bu","11:03:31",185600
28650,-500,1000,"sd","11:02:42",185500
28650,-500,4200,"sd","11:02:42",184500
28650,-500,800,"sd","11:02:37",180300
28650,-500,100,"sd","11:02:37",179500
28650,-500,4100,"sd","11:02:37",179400
28700,-450,100,"sd","11:01:45",175300
28700,-450,100,"sd","11:01:45",175200
28700,-450,1000,"sd","11:01:04",175100
28700,-450,2000,"sd","11:00:40",174100
28700,-450,1900,"sd","10:59:32",172100
28700,-450,200,"sd","10:59:32",170200
28700,-450,1000,"sd","10:59:32",170000
28700,-450,100,"sd","10:59:32",169000
28700,-450,800,"sd","10:59:32",168900
28800,-350,100,"bu","10:55:59",168100
28800,-350,100,"bu","10:55:34",168000
28800,-350,1000,"bu","10:54:41",167900
28800,-350,100,"bu","10:50:17",166900
28800,-350,200,"bu","10:46:20",166800
28700,-450,100,"sd","10:46:19",166600
28700,-450,100,"sd","10:46:01",166500
28700,-450,100,"sd","10:46:01",166400
28800,-350,200,"sd","10:43:27",166300
28800,-350,200,"sd","10:43:27",166100
28800,-350,400,"sd","10:43:27",165900
28800,-350,1000,"sd","10:43:27",165500
28800,-350,1000,"sd","10:39:19",164500
28800,-350,300,"sd","10:37:06",163500
28800,-350,500,"sd","10:33:23",163200
28900,-250,800,"bu","10:33:16",162700
28900,-250,100,"bu","10:31:08",161900
28900,-250,1000,"sd","10:30:40",161800
28900,-250,200,"bu","10:26:21",160800
28900,-250,2000,"bu","10:25:26",160600
28850,-300,1000,"sd","10:22:45",158600
28850,-300,1000,"sd","10:22:45",157600
28900,-250,300,"sd","10:22:04",156600
28900,-250,700,"bu","10:19:41",156300
28900,-250,1000,"sd","10:18:50",155600
28900,-250,500,"sd","10:18:50",154600
28900,-250,800,"sd","10:18:50",154100
28900,-250,1000,"sd","10:18:34",153300
28900,-250,1800,"sd","10:18:26",152300
28900,-250,200,"sd","10:17:56",150500
28900,-250,1000,"sd","10:17:40",150300
28900,-250,200,"bu","10:16:01",149300
28900,-250,100,"bu","10:15:48",149100
28900,-250,200,"bu","10:15:30",149000
28900,-250,500,"sd","10:15:28",148800
28900,-250,500,"bu","10:15:05",148300
28900,-250,1500,"sd","10:13:56",147800
28900,-250,1000,"sd","10:13:41",146300
28900,-250,500,"bu","10:13:27",145300
28900,-250,2000,"bu","10:13:27",144800
28900,-250,900,"sd","10:11:52",142800
28900,-250,1000,"sd","10:11:52",141900
28900,-250,100,"sd","10:11:52",140900
28900,-250,2000,"sd","10:11:10",140800
28950,-200,200,"bu","10:10:36",138800
28950,-200,100,"bu","10:10:27",138600
28900,-250,2000,"sd","10:10:26",138500
28950,-200,100,"bu","10:10:08",136500
28950,-200,500,"sd","10:09:25",136400
28950,-200,100,"sd","10:09:25",135900
28950,-200,1000,"bu","10:08:59",135800
28950,-200,2000,"bu","10:08:59",134800
28950,-200,5000,"bu","10:08:59",132800
28950,-200,500,"bu","10:08:59",127800
28950,-200,400,"bu","10:08:59",127300
28900,-250,100,"bu","10:05:49",126900
28900,-250,400,"sd","10:05:30",126800
28900,-250,400,"bu","10:05:02",126400
28850,-300,300,"bu","10:04:40",126000
28800,-350,5000,"bu","10:03:45",125700
28800,-350,200,"bu","10:03:45",120700
28650,-500,2000,"bu","10:03:11",120500
28650,-500,200,"bu","10:03:11",118500
28650,-500,600,"bu","10:03:05",118300
28650,-500,1200,"bu","10:02:34",117700
28650,-500,1000,"bu","10:02:28",116500
28650,-500,1500,"bu","10:01:57",115500
28650,-500,200,"bu","10:01:53",114000
28650,-500,300,"bu","10:01:25",113800
28600,-550,1300,"bu","10:00:56",113500
28600,-550,400,"sd","10:00:55",112200
28600,-550,200,"sd","10:00:55",111800
28600,-550,100,"sd","10:00:55",111600
28600,-550,1000,"sd","10:00:55",111500
28600,-550,200,"sd","09:59:08",110500
28600,-550,500,"sd","09:59:08",110300
28600,-550,500,"sd","09:59:08",109800
28600,-550,200,"sd","09:59:08",109300
28600,-550,2000,"sd","09:59:08",109100
28600,-550,500,"sd","09:59:08",107100
28600,-550,1300,"sd","09:59:08",106600
28600,-550,700,"sd","09:55:41",105300
28600,-550,400,"sd","09:55:41",104600
28600,-550,600,"sd","09:55:34",104200
28600,-550,500,"sd","09:55:34",103600
28600,-550,100,"sd","09:55:34",103100
28600,-550,1000,"sd","09:55:34",103000
28650,-500,100,"sd","09:55:17",102000
28650,-500,1800,"sd","09:55:17",101900
28650,-500,200,"sd","09:54:51",100100
28650,-500,300,"sd","09:54:51",99900
28650,-500,200,"sd","09:54:51",99600
28650,-500,500,"sd","09:54:51",99400
28650,-500,3500,"sd","09:54:51",98900
28700,-450,500,"sd","09:54:43",95400
28700,-450,200,"sd","09:54:43",94900
28700,-450,100,"sd","09:54:43",94700
28700,-450,1000,"sd","09:54:43",94600
28750,-400,1000,"sd","09:54:30",93600
28700,-450,200,"sd","09:52:45",92600
28700,-450,200,"sd","09:52:45",92400
28700,-450,100,"sd","09:52:45",92200
28700,-450,300,"sd","09:52:45",92100
28700,-450,700,"sd","09:52:45",91800
28700,-450,300,"sd","09:52:36",91100
28700,-450,100,"sd","09:52:36",90800
28750,-400,100,"sd","09:52:36",90700
28750,-400,1000,"sd","09:51:56",90600
28800,-350,300,"bu","09:50:34",89600
28800,-350,1700,"bu","09:50:34",89300
28800,-350,1000,"sd","09:47:22",87600
28800,-350,500,"bu","09:44:45",86600
28800,-350,300,"bu","09:42:58",86100
28800,-350,900,"bu","09:42:58",85800
28800,-350,100,"sd","09:42:28",84900
28800,-350,300,"sd","09:42:21",84800
28800,-350,4600,"bu","09:41:37",84500
28750,-400,300,"sd","09:40:57",79900
28800,-350,400,"sd","09:40:44",79600
28800,-350,500,"sd","09:40:35",79200
28800,-350,100,"sd","09:39:57",78700
28800,-350,2000,"sd","09:39:57",78600
28800,-350,500,"sd","09:39:57",76600
28800,-350,400,"sd","09:39:57",76100
28800,-350,200,"sd","09:38:05",75700
28800,-350,100,"sd","09:38:05",75500
28900,-250,200,"bu","09:36:26",75400
28900,-250,500,"bu","09:36:15",75200
28900,-250,400,"sd","09:35:29",74700
28900,-250,1000,"sd","09:35:25",74300
28950,-200,200,"bu","09:33:31",73300
28800,-350,400,"bu","09:32:34",73100
28800,-350,4600,"sd","09:32:32",72700
28900,-250,1500,"bu","09:32:24",68100
28900,-250,100,"sd","09:32:11",66600
28900,-250,400,"sd","09:31:59",66500
28900,-250,300,"sd","09:31:59",66100
28900,-250,300,"sd","09:31:59",65800
28950,-200,1400,"sd","09:31:27",65500
28950,-200,100,"sd","09:30:59",64100
28950,-200,1400,"bu","09:30:09",64000
28950,-200,100,"bu","09:30:01",62600
28900,-250,200,"sd","09:29:37",62500
28950,-200,1000,"bu","09:29:35",62300
28950,-200,500,"bu","09:29:16",61300
28950,-200,2000,"bu","09:29:14",60800
28900,-250,4500,"bu","09:29:03",58800
28900,-250,500,"bu","09:28:59",54300
28900,-250,2000,"bu","09:28:40",53800
28900,-250,400,"bu","09:28:40",51800
28850,-300,5000,"bu","09:28:09",46400
28850,-300,5000,"bu","09:28:09",51400
28800,-350,400,"sd","09:27:46",41400
28800,-350,500,"bu","09:27:40",41000
28800,-350,200,"bu","09:27:06",40500
28800,-350,500,"bu","09:27:06",40300
28800,-350,500,"bu","09:26:58",39800
28800,-350,1000,"bu","09:26:36",39300
28750,-400,5000,"bu","09:26:08",38300
28700,-450,100,"sd","09:25:59",33300
28650,-500,1500,"sd","09:24:02",33200
28700,-450,200,"sd","09:24:02",31700
28750,-400,100,"sd","09:24:02",31500
28750,-400,1000,"sd","09:24:02",31400
28750,-400,200,"sd","09:24:02",30400
28750,-400,300,"bu","09:23:28",30200
28750,-400,500,"bu","09:23:28",29900
28750,-400,200,"sd","09:23:24",29400
28750,-400,4000,"sd","09:23:24",29200
28750,-400,1000,"bu","09:22:58",25200
28900,-250,600,"bu","09:21:15",24200
28600,-550,1400,"bu","09:21:15",23600
28600,-550,200,"sd","09:21:13",22200
28600,-550,400,"sd","09:21:13",22000
28600,-550,200,"sd","09:21:13",21600
28600,-550,1000,"sd","09:21:13",21400
28600,-550,1000,"sd","09:21:13",20400
28600,-550,100,"sd","09:21:13",19400
28600,-550,100,"sd","09:21:13",19300
28600,-550,400,"sd","09:20:52",19200
28700,-450,500,"sd","09:20:52",18800
28700,-450,100,"sd","09:20:52",18300
28600,-550,100,"sd","09:19:44",18200
28600,-550,100,"sd","09:19:44",18100
28600,-550,500,"sd","09:19:44",18000
28600,-550,600,"sd","09:19:44",17500
28700,-450,100,"sd","09:19:44",16900
28700,-450,100,"bu","09:19:37",16800
28700,-450,100,"bu","09:19:35",16700
28700,-450,1000,"bu","09:19:09",16600
28700,-450,1000,"sd","09:19:08",15600
28700,-450,100,"sd","09:19:08",14600
28700,-450,700,"sd","09:19:08",14500
28700,-450,100,"sd","09:18:49",13800
28700,-450,100,"bu","09:17:24",13700
28700,-450,100,"bu","09:17:24",13600
28700,-450,100,"bu","09:17:11",13500
28700,-450,100,"bu","09:17:11",13400
28700,-450,100,"bu","09:17:00",13300
28700,-450,2900,"bu","09:17:00",13200
28700,-450,100,"bu","09:16:32",10300
28700,-450,400,"bu","09:15:52",10200
28700,-450,100,"bu","09:15:10",9800
28500,-650,600,"sd","09:15:03",9400
28500,-650,300,"sd","09:15:03",9700
28550,-600,200,"sd","09:15:03",8800
28550,-600,100,"sd","09:15:03",8600
28600,-550,100,"sd","09:15:03",8500
28600,-550,2400,"sd","09:15:03",8400
28600,-550,6000,"sd","09:15:01",6000
