"price","change","match_qtty","side","time","total_vol"
4500,20,5400,"bu","14:45:01",60900
4450,-30,500,"bu","14:28:42",55500
4450,-30,100,"bu","14:28:04",55000
4450,-30,200,"bu","14:28:04",54900
4490,10,100,"bu","14:25:39",54700
4490,10,100,"bu","14:19:04",54600
4490,10,200,"bu","14:15:06",54500
4450,-30,100,"sd","14:14:58",54300
4450,-30,200,"sd","14:07:54",54200
4460,-20,300,"sd","13:39:23",54000
4450,-30,500,"bu","13:10:13",53700
4450,-30,10000,"sd","13:05:08",53200
4460,-20,2000,"sd","13:05:08",43200
4460,-20,2500,"sd","13:05:08",41200
4500,20,100,"bu","11:01:37",38700
4460,-20,1500,"sd","11:01:23",38600
4460,-20,1000,"sd","10:59:35",37100
4500,20,2300,"sd","10:38:10",36100
4500,20,200,"sd","10:35:49",33800
4510,30,2000,"bu","10:33:25",33600
4510,30,400,"bu","10:33:25",31600
4510,30,100,"bu","10:33:25",31200
4510,30,200,"bu","10:29:43",31100
4500,20,100,"bu","10:28:21",30900
4500,20,1900,"bu","10:28:21",30800
4500,20,300,"bu","10:07:46",28900
4500,20,200,"bu","10:07:46",28600
4510,30,100,"bu","10:01:28",28400
4360,-120,200,"sd","09:57:21",28300
4400,-80,3000,"sd","09:57:21",28100
4400,-80,700,"sd","09:57:21",25100
4500,20,1000,"sd","09:57:21",24400
4500,20,100,"sd","09:57:21",23400
4510,30,1000,"bu","09:56:08",23300
4500,20,600,"bu","09:55:38",22300
4500,20,600,"bu","09:55:38",21700
4400,-80,9300,"sd","09:53:36",21100
4400,-80,300,"sd","09:53:36",11800
4410,-70,5000,"sd","09:53:25",11500
4480,0,400,"sd","09:53:13",6500
4500,20,200,"bu","09:52:19",6100
4490,10,200,"sd","09:52:02",5900
4500,20,100,"bu","09:51:48",5700
4490,10,500,"sd","09:51:34",5600
4490,10,1000,"bu","09:48:01",5100
4490,10,300,"bu","09:48:01",4100
4490,10,500,"bu","09:48:01",3800
4490,10,100,"bu","09:48:01",3300
4490,10,400,"bu","09:48:01",3200
4480,0,1000,"bu","09:45:57",2800
4490,10,100,"bu","09:36:08",1800
4490,10,200,"bu","09:36:08",1700
4490,10,100,"bu","09:34:17",1500
4480,0,300,"bu","09:30:55",1400
4480,0,300,"bu","09:30:55",1100
4480,0,200,"bu","09:30:55",800
4480,0,100,"bu","09:21:02",600
4470,-10,500,"bu","09:21:02",500
