"price","change","match_qtty","side","time","total_vol"
42850,450,108300,"unknown","14:45:02",2536600
42800,400,500,"bu","14:29:33",2428300
42800,400,500,"bu","14:29:33",2427800
42750,350,100,"sd","14:29:21",2427300
42750,350,300,"sd","14:29:21",2427200
42750,350,200,"sd","14:28:48",2426900
42750,350,100,"sd","14:28:48",2426700
42750,350,400,"sd","14:28:48",2426600
42750,350,300,"sd","14:28:48",2426200
42800,400,300,"unknown","14:28:42",2425900
42800,400,100,"bu","14:28:41",2425600
42750,350,100,"sd","14:28:36",2425500
42750,350,100,"sd","14:28:36",2425400
42800,400,100,"sd","14:28:36",2425300
42850,450,400,"bu","14:28:36",2425200
42850,450,300,"bu","14:28:15",2424800
42850,450,200,"bu","14:27:58",2424500
42850,450,300,"bu","14:27:54",2424300
42850,450,300,"bu","14:27:52",2424000
42850,450,300,"bu","14:27:52",2423700
42850,450,400,"bu","14:27:52",2423400
42850,450,200,"bu","14:27:37",2423000
42850,450,1000,"bu","14:27:36",2422800
42850,450,300,"bu","14:27:33",2421800
42750,350,100,"sd","14:27:33",2421500
42750,350,100,"sd","14:27:33",2421400
42850,450,400,"bu","14:27:27",2421300
42850,450,300,"bu","14:27:27",2420900
42850,450,200,"bu","14:27:27",2420600
42750,350,100,"sd","14:27:22",2420400
42850,450,600,"bu","14:27:19",2420300
42850,450,300,"bu","14:27:19",2419700
42850,450,300,"bu","14:27:12",2419400
42850,450,1000,"bu","14:27:10",2419100
42850,450,900,"bu","14:27:02",2418100
42850,450,500,"bu","14:26:53",2417200
42850,450,500,"bu","14:26:53",2416700
42850,450,100,"bu","14:26:51",2416200
42850,450,100,"bu","14:26:51",2416100
42850,450,100,"bu","14:26:51",2416000
42850,450,900,"bu","14:26:45",2415900
42850,450,1000,"bu","14:26:36",2415000
42850,450,300,"bu","14:26:30",2414000
42850,450,900,"bu","14:26:27",2413700
42850,450,1000,"bu","14:26:19",2412800
42800,400,700,"bu","14:26:10",2411800
42850,450,100,"bu","14:26:10",2411100
42800,400,100,"bu","14:26:10",2411000
42800,400,400,"bu","14:26:09",2410900
42750,350,100,"sd","14:26:08",2410500
42800,400,900,"bu","14:26:02",2410400
42800,400,100,"bu","14:26:02",2409500
42800,400,900,"bu","14:25:53",2409400
42800,400,300,"bu","14:25:48",2408500
42800,400,100,"sd","14:25:47",2408200
42800,400,300,"sd","14:25:47",2408100
42800,400,100,"sd","14:25:47",2407800
42800,400,100,"sd","14:25:47",2407700
42800,400,900,"sd","14:25:47",2407600
42800,400,100,"sd","14:25:47",2406700
42800,400,100,"sd","14:25:47",2406600
42800,400,700,"sd","14:25:47",2406500
42800,400,100,"sd","14:25:47",2405800
42800,400,900,"sd","14:25:47",2405700
42800,400,100,"sd","14:25:47",2404800
42800,400,100,"sd","14:25:47",2404700
42800,400,100,"sd","14:25:47",2404600
42800,400,100,"sd","14:25:47",2404500
42850,450,1000,"bu","14:25:45",2404400
42800,400,5000,"sd","14:25:44",2403400
42800,400,100,"sd","14:25:44",2398400
42850,450,900,"bu","14:25:36",2398300
42850,450,300,"bu","14:25:28",2397400
42850,450,500,"bu","14:25:28",2397100
42850,450,500,"bu","14:25:28",2396600
42850,450,500,"bu","14:25:19",2396100
42850,450,400,"bu","14:25:19",2395600
42850,450,4600,"bu","14:25:14",2395200
42850,450,200,"bu","14:25:14",2390600
42850,450,100,"bu","14:25:14",2390400
42850,450,900,"bu","14:25:10",2390300
42850,450,100,"bu","14:25:10",2389400
42850,450,400,"bu","14:25:07",2389300
42850,450,600,"bu","14:25:02",2388900
42850,450,300,"bu","14:25:02",2388300
42800,400,100,"sd","14:24:54",2388000
42800,400,100,"sd","14:24:54",2387900
42850,450,1000,"bu","14:24:53",2387800
42850,450,300,"bu","14:24:46",2386800
42850,450,900,"bu","14:24:45",2386500
42800,400,500,"sd","14:24:41",2385600
42850,450,500,"bu","14:24:36",2385100
42850,450,400,"bu","14:24:36",2384600
42850,450,100,"bu","14:24:36",2384200
42850,450,900,"bu","14:24:28",2384100
42850,450,300,"bu","14:24:25",2383200
42850,450,100,"bu","14:24:21",2382900
42850,450,600,"bu","14:24:19",2382800
42850,450,400,"bu","14:24:19",2382200
42850,450,400,"bu","14:24:19",2381800
42850,450,600,"bu","14:24:19",2381400
42850,450,600,"bu","14:24:10",2380800
42850,450,300,"bu","14:24:10",2380200
42850,450,300,"bu","14:24:04",2379900
42850,450,100,"bu","14:24:02",2379600
42850,450,1000,"bu","14:24:02",2379500
42850,450,300,"bu","14:23:53",2378500
42850,450,600,"bu","14:23:53",2378200
42850,450,400,"bu","14:23:46",2377600
42850,450,1000,"bu","14:23:45",2377200
42800,400,100,"sd","14:23:40",2376200
42800,400,100,"sd","14:23:37",2376100
42800,400,1000,"sd","14:23:37",2376000
42800,400,500,"sd","14:23:37",2375000
42800,400,200,"sd","14:23:37",2374500
42800,400,200,"sd","14:23:37",2374300
42800,400,1500,"sd","14:23:37",2374100
42800,400,100,"sd","14:23:37",2372600
42800,400,100,"bu","14:23:37",2372500
42800,400,500,"bu","14:23:37",2372400
42800,400,2000,"bu","14:23:37",2371900
42800,400,100,"bu","14:23:37",2369900
42800,400,500,"bu","14:23:37",2369800
42800,400,600,"bu","14:23:37",2369300
42750,350,300,"sd","14:23:36",2368700
42750,350,100,"sd","14:23:36",2368400
42800,400,900,"bu","14:23:36",2368300
42800,400,1000,"bu","14:23:28",2367400
42800,400,300,"bu","14:23:22",2366400
42800,400,900,"bu","14:23:19",2366100
42800,400,1000,"bu","14:23:10",2365200
42800,400,900,"bu","14:23:02",2364200
42800,400,300,"bu","14:23:01",2363300
42750,350,200,"sd","14:22:57",2363000
42800,400,1000,"bu","14:22:53",2362800
42800,400,900,"bu","14:22:45",2361800
42800,400,400,"bu","14:22:40",2360900
42800,400,1000,"bu","14:22:36",2360500
42800,400,200,"bu","14:22:28",2359500
42800,400,700,"bu","14:22:28",2359300
42750,350,100,"sd","14:22:25",2358600
42800,400,300,"bu","14:22:19",2358500
42800,400,100,"bu","14:22:19",2358200
42750,350,900,"bu","14:22:19",2358100
42750,350,900,"bu","14:22:11",2357200
42750,350,1000,"bu","14:22:02",2356300
42750,350,300,"bu","14:21:58",2355300
42750,350,900,"bu","14:21:53",2355000
42750,350,1000,"bu","14:21:45",2354100
42800,400,100,"bu","14:21:37",2353100
42800,400,200,"bu","14:21:37",2353000
42800,400,200,"bu","14:21:36",2352800
42750,350,100,"bu","14:21:36",2352600
42750,350,200,"bu","14:21:36",2352500
42750,350,100,"bu","14:21:36",2352300
42750,350,200,"bu","14:21:36",2352200
42750,350,100,"bu","14:21:36",2352000
42750,350,1000,"bu","14:21:28",2351900
42750,350,900,"bu","14:21:19",2350900
42750,350,400,"bu","14:21:16",2350000
42650,250,100,"sd","14:21:11",2349600
42650,250,100,"sd","14:21:11",2349500
42750,350,1000,"bu","14:21:11",2349400
42750,350,800,"bu","14:21:02",2348400
42700,300,100,"bu","14:21:02",2347600
42750,350,300,"bu","14:20:55",2347500
42750,350,1000,"bu","14:20:53",2347200
42750,350,900,"bu","14:20:45",2346200
42750,350,1000,"bu","14:20:36",2345300
42750,350,300,"bu","14:20:34",2344300
42750,350,900,"bu","14:20:28",2344000
42750,350,800,"bu","14:20:19",2343100
42750,350,200,"bu","14:20:19",2342300
42750,350,300,"bu","14:20:13",2342100
42750,350,100,"bu","14:20:13",2341800
42600,200,3000,"sd","14:20:13",2341700
42750,350,900,"bu","14:20:11",2338700
42750,350,300,"bu","14:20:02",2337800
42750,350,500,"bu","14:20:02",2337500
42750,350,200,"bu","14:20:02",2337000
42600,200,100,"sd","14:19:57",2336800
42600,200,100,"sd","14:19:54",2336700
42600,200,100,"sd","14:19:54",2336600
42650,250,100,"sd","14:19:54",2336500
42650,250,100,"sd","14:19:54",2336400
42600,200,1400,"sd","14:19:54",2336300
42650,250,100,"sd","14:19:54",2334900
42600,200,100,"sd","14:19:54",2334800
42650,250,400,"sd","14:19:54",2334700
42650,250,100,"sd","14:19:54",2334300
42600,200,400,"sd","14:19:54",2334200
42650,250,100,"sd","14:19:54",2333800
42750,350,800,"bu","14:19:53",2333700
42750,350,100,"bu","14:19:53",2332900
42750,350,300,"bu","14:19:52",2332800
42750,350,500,"bu","14:19:45",2332500
42700,300,500,"bu","14:19:45",2332000
42650,250,100,"sd","14:19:37",2331500
42650,250,400,"sd","14:19:37",2331400
42650,250,2500,"sd","14:19:37",2331000
42750,350,900,"bu","14:19:36",2328500
42750,350,200,"bu","14:19:31",2327600
42750,350,100,"bu","14:19:31",2327400
42750,350,1000,"bu","14:19:28",2327300
42600,200,400,"sd","14:19:27",2326300
42600,200,200,"sd","14:19:27",2325900
42600,200,500,"sd","14:19:27",2325700
42600,200,100,"sd","14:19:27",2325200
42600,200,100,"sd","14:19:27",2325100
42600,200,400,"sd","14:19:27",2325000
42600,200,100,"sd","14:19:27",2324600
42600,200,200,"sd","14:19:27",2324500
42600,200,200,"sd","14:19:27",2324300
42600,200,400,"sd","14:19:27",2324100
42600,200,100,"sd","14:19:27",2323700
42600,200,300,"sd","14:19:27",2323600
42600,200,100,"sd","14:19:26",2323300
42750,350,900,"bu","14:19:19",2323200
42600,200,3000,"sd","14:19:17",2322300
42800,400,300,"bu","14:19:11",2319300
42800,400,300,"bu","14:19:11",2319000
42800,400,500,"bu","14:19:11",2318700
42800,400,200,"bu","14:19:11",2318200
42600,200,1700,"sd","14:19:09",2318000
42600,200,100,"sd","14:19:09",2316300
42600,200,100,"sd","14:19:09",2316200
42600,200,1100,"sd","14:19:09",2316100
42800,400,900,"bu","14:19:02",2315000
42600,200,1900,"sd","14:18:57",2314100
42600,200,100,"sd","14:18:57",2312200
42600,200,100,"sd","14:18:57",2312100
42600,200,900,"sd","14:18:57",2312000
42800,400,900,"bu","14:18:53",2311100
42800,400,100,"bu","14:18:53",2310200
42800,400,400,"bu","14:18:50",2310100
42600,200,2600,"sd","14:18:46",2309700
42650,250,200,"sd","14:18:46",2307100
42650,250,100,"sd","14:18:46",2306900
42650,250,100,"sd","14:18:46",2306800
42800,400,500,"bu","14:18:45",2306700
42800,400,400,"bu","14:18:45",2306200
42650,250,100,"sd","14:18:43",2305800
42800,400,1000,"bu","14:18:35",2305700
42800,400,300,"bu","14:18:29",2304700
42800,400,900,"bu","14:18:28",2304400
42600,200,1500,"sd","14:18:19",2303500
42600,200,100,"sd","14:18:19",2302000
42650,250,100,"unknown","14:18:19",2301900
42700,300,200,"unknown","14:18:19",2301800
42800,400,400,"bu","14:18:19",2301600
42800,400,600,"bu","14:18:19",2301200
42800,400,900,"bu","14:18:11",2300600
42600,200,200,"sd","14:18:09",2299700
42600,200,100,"sd","14:18:09",2299500
42650,250,100,"sd","14:18:09",2299400
42650,250,200,"sd","14:18:09",2299300
42650,250,100,"sd","14:18:09",2299100
42650,250,200,"sd","14:18:09",2299000
42650,250,100,"sd","14:18:09",2298800
42650,250,100,"sd","14:18:09",2298700
42650,250,100,"sd","14:18:09",2298600
42650,250,100,"sd","14:18:09",2298500
42650,250,100,"sd","14:18:09",2298400
42650,250,100,"sd","14:18:09",2298300
42650,250,100,"sd","14:18:09",2298200
42650,250,100,"sd","14:18:09",2298100
42650,250,100,"sd","14:18:09",2298000
42650,250,100,"sd","14:18:09",2297900
42800,400,300,"bu","14:18:08",2297800
42800,400,1000,"bu","14:18:02",2297500
42650,250,1900,"sd","14:17:59",2296500
42800,400,200,"bu","14:17:54",2294600
42800,400,700,"bu","14:17:54",2294400
42650,250,1900,"sd","14:17:50",2293700
42800,400,400,"bu","14:17:47",2291800
42800,400,900,"bu","14:17:45",2291400
42800,400,100,"bu","14:17:45",2290500
42750,350,500,"bu","14:17:36",2290400
42750,350,300,"bu","14:17:36",2289900
42800,400,100,"bu","14:17:36",2289600
42650,250,100,"sd","14:17:29",2289500
42650,250,100,"sd","14:17:29",2289400
42800,400,300,"bu","14:17:28",2289300
42750,350,200,"bu","14:17:28",2289000
42750,350,500,"bu","14:17:28",2288800
42750,350,300,"bu","14:17:26",2288300
42750,350,900,"bu","14:17:19",2288000
42750,350,1000,"bu","14:17:11",2287100
42750,350,300,"bu","14:17:05",2286100
42750,350,800,"bu","14:17:02",2285800
42750,350,100,"bu","14:17:02",2285000
42800,400,200,"bu","14:16:54",2284900
42800,400,100,"bu","14:16:54",2284700
42800,400,100,"bu","14:16:54",2284600
42800,400,200,"bu","14:16:54",2284500
42800,400,400,"bu","14:16:54",2284300
42800,400,900,"bu","14:16:45",2283900
42800,400,400,"bu","14:16:44",2283000
42800,400,1000,"bu","14:16:36",2282600
42800,400,400,"bu","14:16:28",2281600
42650,250,500,"bu","14:16:28",2281200
42600,200,200,"sd","14:16:24",2280700
42800,400,300,"bu","14:16:23",2280500
42600,200,300,"sd","14:16:22",2280200
42600,200,700,"sd","14:16:22",2279900
42600,200,100,"sd","14:16:22",2279200
42600,200,200,"sd","14:16:22",2279100
42650,250,100,"sd","14:16:22",2278900
42650,250,1000,"sd","14:16:22",2278800
42650,250,600,"sd","14:16:22",2277800
42800,400,900,"bu","14:16:19",2277200
42700,300,100,"bu","14:16:19",2276300
42650,250,100,"sd","14:16:15",2276200
42800,400,200,"bu","14:16:11",2276100
42700,300,700,"bu","14:16:11",2275900
42650,250,2400,"sd","14:16:09",2275200
42650,250,400,"sd","14:16:09",2272800
42650,250,100,"sd","14:16:09",2272400
42650,250,100,"sd","14:16:09",2272300
42650,250,100,"sd","14:16:09",2272200
42700,300,2400,"sd","14:16:06",2272100
42700,300,100,"sd","14:16:06",2269700
42700,300,300,"sd","14:16:06",2269600
42700,300,400,"sd","14:16:06",2269300
42700,300,100,"sd","14:16:06",2268900
42700,300,100,"sd","14:16:06",2268800
42700,300,100,"sd","14:16:06",2268700
42700,300,300,"sd","14:16:06",2268600
42800,400,300,"bu","14:16:02",2268300
42800,400,1000,"bu","14:16:02",2268000
42700,300,2500,"sd","14:15:57",2267000
42700,300,3000,"sd","14:15:55",2264500
42800,400,900,"bu","14:15:54",2261500
42700,300,100,"sd","14:15:50",2260600
42800,400,1000,"bu","14:15:45",2260500
42800,400,300,"bu","14:15:41",2259500
42700,300,900,"bu","14:15:36",2259200
42650,250,100,"sd","14:15:34",2258300
42700,300,1000,"bu","14:15:28",2258200
42800,400,400,"bu","14:15:20",2257200
42700,300,400,"bu","14:15:19",2256800
42800,400,300,"bu","14:15:19",2256400
42700,300,200,"bu","14:15:19",2256100
42700,300,1000,"bu","14:15:11",2255900
42700,300,900,"bu","14:15:02",2254900
42600,200,100,"sd","14:15:01",2254000
42700,300,300,"bu","14:14:59",2253900
42700,300,1000,"bu","14:14:54",2253600
42700,300,200,"bu","14:14:45",2252600
42650,250,700,"unknown","14:14:45",2252400
42600,200,2700,"sd","14:14:39",2251700
42600,200,100,"sd","14:14:39",2249000
42600,200,500,"sd","14:14:39",2248900
42600,200,100,"sd","14:14:39",2248400
42600,200,100,"sd","14:14:39",2248300
42600,200,200,"sd","14:14:39",2248200
42600,200,100,"sd","14:14:39",2248000
42600,200,1200,"sd","14:14:39",2247900
42650,250,300,"bu","14:14:38",2246700
42650,250,1000,"bu","14:14:37",2246400
42700,300,700,"bu","14:14:28",2245400
42650,250,200,"bu","14:14:28",2244700
42600,200,100,"sd","14:14:25",2244500
42650,250,800,"bu","14:14:19",2244400
42650,250,100,"bu","14:14:19",2243600
42650,250,100,"bu","14:14:19",2243500
42600,200,1700,"sd","14:14:18",2243400
42600,200,200,"sd","14:14:18",2241700
42600,200,100,"sd","14:14:18",2241500
42650,250,100,"bu","14:14:17",2241400
42650,250,300,"bu","14:14:17",2241300
42650,250,200,"bu","14:14:15",2241000
42650,250,900,"bu","14:14:11",2240800
42650,250,100,"bu","14:14:08",2239900
42600,200,1400,"sd","14:14:06",2239800
42650,250,200,"bu","14:14:05",2238400
42650,250,1000,"bu","14:14:02",2238200
42650,250,300,"bu","14:13:57",2237200
42600,200,1500,"bu","14:13:57",2236900
42600,200,900,"bu","14:13:54",2235400
42550,150,100,"sd","14:13:47",2234500
42550,150,100,"sd","14:13:47",2234400
42600,200,300,"unknown","14:13:45",2234300
42600,200,200,"sd","14:13:45",2234000
42600,200,100,"sd","14:13:45",2233800
42600,200,200,"sd","14:13:45",2233700
42600,200,2000,"sd","14:13:45",2233500
42600,200,500,"sd","14:13:45",2231500
42600,200,300,"sd","14:13:45",2231000
42600,200,100,"sd","14:13:45",2230700
42600,200,100,"sd","14:13:45",2230600
42600,200,200,"sd","14:13:45",2230500
42600,200,700,"sd","14:13:45",2230300
42600,200,3000,"sd","14:13:45",2229600
42600,200,3000,"sd","14:13:45",2226600
42600,200,200,"sd","14:13:45",2223600
42600,200,6700,"sd","14:13:45",2223400
42650,250,1000,"bu","14:13:45",2216700
42600,200,2200,"sd","14:13:38",2215700
42650,250,900,"bu","14:13:37",2213500
42650,250,300,"bu","14:13:35",2212600
42650,250,1000,"bu","14:13:28",2212300
42650,250,300,"bu","14:13:15",2211300
42600,200,100,"sd","14:13:08",2211000
42650,250,300,"sd","14:13:05",2210900
42650,250,400,"sd","14:13:05",2210600
42650,250,2800,"sd","14:13:05",2210200
42650,250,500,"sd","14:13:04",2207400
42650,250,2000,"sd","14:12:56",2206900
42700,300,400,"bu","14:12:54",2204900
42650,250,1700,"sd","14:12:41",2204500
42650,250,500,"sd","14:12:41",2202800
42650,250,1100,"sd","14:12:41",2202300
42700,300,300,"bu","14:12:33",2201200
42650,250,100,"sd","14:12:32",2200900
42650,250,3300,"sd","14:12:29",2200800
42650,250,100,"sd","14:12:29",2197500
42600,200,1000,"sd","14:12:25",2197400
42600,200,2000,"sd","14:12:25",2196400
42600,200,1000,"sd","14:12:25",2194400
42600,200,100,"sd","14:12:25",2193400
42600,200,100,"sd","14:12:25",2193300
42600,200,100,"sd","14:12:25",2193200
42600,200,100,"sd","14:12:25",2193100
42650,250,4000,"sd","14:12:25",2193000
42650,250,100,"sd","14:12:25",2189000
42650,250,5000,"sd","14:12:25",2188900
42650,250,100,"sd","14:12:25",2183900
42650,250,6000,"sd","14:12:25",2183800
42650,250,1000,"sd","14:12:25",2177800
42650,250,1000,"sd","14:12:25",2176800
42650,250,2000,"sd","14:12:25",2175800
42650,250,5000,"sd","14:12:25",2173800
42650,250,200,"sd","14:12:25",2168800
42650,250,1000,"sd","14:12:25",2168600
42650,250,200,"sd","14:12:25",2167600
42700,300,100,"bu","14:12:25",2167400
42700,300,300,"bu","14:12:25",2167300
42700,300,100,"unknown","14:12:25",2167000
42700,300,300,"sd","14:12:24",2166900
42700,300,1000,"sd","14:12:20",2166600
42700,300,800,"sd","14:12:17",2165600
42700,300,100,"sd","14:12:17",2164800
42700,300,300,"sd","14:12:17",2164700
42700,300,800,"sd","14:12:17",2164400
42750,350,300,"bu","14:12:12",2163600
42700,300,300,"sd","14:12:02",2163300
42700,300,4200,"sd","14:12:02",2163000
42700,300,500,"sd","14:12:02",2158800
42700,300,5000,"sd","14:12:02",2158300
42700,300,100,"sd","14:12:00",2153300
42700,300,500,"sd","14:12:00",2153200
42700,300,800,"sd","14:12:00",2152700
42700,300,500,"sd","14:12:00",2151900
42700,300,200,"sd","14:12:00",2151400
42700,300,200,"sd","14:11:58",2151200
42700,300,200,"sd","14:11:58",2151000
42700,300,100,"sd","14:11:58",2150800
42700,300,5000,"sd","14:11:58",2150700
42700,300,200,"sd","14:11:58",2145700
42800,400,400,"bu","14:11:51",2145500
42700,300,3400,"sd","14:11:50",2145100
42700,300,100,"sd","14:11:40",2141700
42700,300,1300,"sd","14:11:34",2141600
42700,300,2100,"sd","14:11:34",2140300
42800,400,300,"bu","14:11:30",2138200
42700,300,1100,"sd","14:11:29",2137900
42700,300,2900,"sd","14:11:29",2136800
42700,300,1200,"sd","14:11:29",2133900
42700,300,100,"sd","14:11:29",2132700
42700,300,1900,"sd","14:11:23",2132600
42700,300,400,"sd","14:11:23",2130700
42700,300,1000,"sd","14:11:23",2130300
42750,350,200,"bu","14:11:21",2129300
42700,300,100,"sd","14:11:18",2129100
42700,300,100,"sd","14:11:12",2129000
42700,300,400,"sd","14:11:12",2128900
42700,300,1000,"sd","14:11:12",2128500
42700,300,1600,"sd","14:11:12",2127500
42800,400,300,"bu","14:11:09",2125900
42700,300,700,"sd","14:10:52",2125600
42750,350,700,"sd","14:10:52",2124900
42750,350,500,"sd","14:10:52",2124200
42800,400,300,"bu","14:10:48",2123700
42800,400,400,"bu","14:10:27",2123400
42800,400,600,"bu","14:10:26",2123000
42800,400,500,"bu","14:10:26",2122400
42800,400,300,"bu","14:10:26",2121900
42800,400,2000,"bu","14:10:26",2121600
42800,400,1600,"bu","14:10:26",2119600
42750,350,500,"sd","14:10:07",2118000
42800,400,300,"bu","14:10:06",2117500
42750,350,100,"sd","14:10:04",2117200
42750,350,100,"sd","14:10:04",2117100
42800,400,300,"bu","14:09:45",2117000
42800,400,400,"bu","14:09:24",2116700
42750,350,1000,"sd","14:09:04",2116300
42800,400,300,"bu","14:09:03",2115300
42750,350,100,"sd","14:08:51",2115000
42800,400,300,"bu","14:08:42",2114900
42800,400,400,"bu","14:08:21",2114600
42800,400,300,"bu","14:08:00",2114200
42800,400,600,"bu","14:07:59",2113900
42800,400,200,"sd","14:07:58",2113300
42800,400,300,"sd","14:07:58",2113100
42800,400,1600,"sd","14:07:58",2112800
42800,400,300,"sd","14:07:58",2111200
42800,400,500,"sd","14:07:58",2110900
42800,400,100,"sd","14:07:58",2110400
42800,400,1200,"sd","14:07:58",2110300
42800,400,200,"sd","14:07:58",2109100
42800,400,100,"sd","14:07:58",2108900
42800,400,200,"sd","14:07:54",2108800
42800,400,100,"sd","14:07:47",2108600
42800,400,400,"sd","14:07:47",2108500
42800,400,900,"sd","14:07:47",2108100
42800,400,100,"sd","14:07:47",2107200
42800,400,500,"sd","14:07:46",2107100
42850,450,300,"bu","14:07:39",2106600
42800,400,100,"sd","14:07:36",2106300
42850,450,300,"bu","14:07:18",2106200
42850,450,400,"bu","14:06:58",2105900
42850,450,300,"bu","14:06:37",2105500
42800,400,100,"sd","14:06:22",2105200
42800,400,100,"sd","14:06:22",2105100
42850,450,300,"bu","14:06:16",2105000
42800,400,500,"sd","14:06:13",2104700
42850,450,400,"bu","14:05:55",2104200
42850,450,200,"bu","14:05:34",2103800
42850,450,100,"bu","14:05:34",2103600
42850,450,300,"bu","14:05:13",2103500
42800,400,100,"sd","14:05:08",2103200
42850,450,300,"bu","14:04:52",2103100
42800,400,2000,"sd","14:04:40",2102800
42800,400,3400,"sd","14:04:34",2100800
42850,450,400,"bu","14:04:31",2097400
42800,400,700,"sd","14:04:29",2097000
42800,400,300,"sd","14:04:29",2096300
42850,450,600,"unknown","14:04:17",2096000
42850,450,200,"sd","14:04:17",2095400
42850,450,400,"sd","14:04:17",2095200
42850,450,5000,"sd","14:04:17",2094800
42850,450,300,"sd","14:04:17",2089800
42850,450,200,"sd","14:04:17",2089500
42850,450,200,"sd","14:04:17",2089300
42850,450,1500,"sd","14:04:17",2089100
42900,500,300,"bu","14:04:10",2087600
42850,450,100,"sd","14:03:54",2087300
42850,450,1500,"sd","14:03:52",2087200
42950,550,300,"bu","14:03:49",2085700
42950,550,100,"bu","14:03:47",2085400
42950,550,200,"bu","14:03:28",2085300
42900,500,200,"bu","14:03:28",2085100
42850,450,600,"sd","14:03:13",2084900
42900,500,300,"sd","14:03:13",2084300
42900,500,1100,"sd","14:03:13",2084000
42900,500,1000,"sd","14:03:13",2082900
42900,500,100,"sd","14:03:13",2081900
42900,500,100,"sd","14:03:13",2081800
42950,550,300,"bu","14:03:07",2081700
42900,500,300,"sd","14:03:06",2081400
42900,500,200,"sd","14:02:48",2081100
42950,550,300,"bu","14:02:46",2080900
42900,500,100,"sd","14:02:39",2080600
42900,500,100,"sd","14:02:39",2080500
42950,550,300,"bu","14:02:25",2080400
42950,550,200,"bu","14:02:15",2080100
42950,550,500,"bu","14:02:10",2079900
42950,550,400,"bu","14:02:04",2079400
42950,550,5500,"bu","14:02:01",2079000
42950,550,1700,"bu","14:02:01",2073500
42950,550,100,"sd","14:02:01",2071800
42950,550,600,"sd","14:02:01",2071700
42950,550,1000,"sd","14:01:48",2071100
43000,600,300,"bu","14:01:43",2070100
42950,550,100,"sd","14:01:25",2069800
43000,600,300,"bu","14:01:22",2069700
42950,550,200,"sd","14:01:19",2069400
42950,550,700,"sd","14:01:19",2069200
42950,550,1000,"sd","14:01:19",2068500
42950,550,2200,"sd","14:01:19",2067500
43000,600,400,"bu","14:01:01",2065300
43000,600,100,"bu","14:00:55",2064900
42950,550,500,"sd","14:00:46",2064800
43000,600,300,"bu","14:00:41",2064300
43000,600,500,"bu","14:00:24",2064000
43000,600,100,"bu","14:00:24",2063500
43000,600,300,"bu","14:00:24",2063400
43000,600,500,"bu","14:00:24",2063100
43000,600,200,"bu","14:00:24",2062600
43000,600,1500,"bu","14:00:24",2062400
43000,600,500,"bu","14:00:24",2060900
43000,600,500,"bu","14:00:24",2060400
43000,600,1300,"bu","14:00:24",2059900
43000,600,500,"bu","14:00:24",2058600
43000,600,100,"bu","14:00:24",2058100
43000,600,4000,"bu","14:00:24",2058000
43000,600,1000,"bu","14:00:24",2054000
43000,600,100,"bu","14:00:24",2053000
43000,600,100,"bu","14:00:24",2052900
43000,600,100,"bu","14:00:24",2052800
43000,600,300,"bu","14:00:24",2052700
43000,600,1000,"bu","14:00:24",2052400
43000,600,100,"bu","14:00:24",2051400
43000,600,200,"bu","14:00:24",2051300
43000,600,100,"bu","14:00:24",2051100
43000,600,100,"bu","14:00:24",2051000
42950,550,300,"sd","14:00:24",2050900
43000,600,100,"bu","14:00:24",2050600
43000,600,500,"bu","14:00:24",2050500
43000,600,100,"bu","14:00:24",2050000
43000,600,200,"bu","14:00:24",2049900
43000,600,500,"bu","14:00:24",2049700
43000,600,300,"bu","14:00:24",2049200
43000,600,100,"bu","14:00:24",2048900
43000,600,1000,"bu","14:00:24",2048800
43000,600,2000,"bu","14:00:24",2047800
43000,600,2000,"bu","14:00:24",2045800
43000,600,100,"bu","14:00:24",2043800
43000,600,300,"bu","14:00:20",2043700
42950,550,100,"sd","14:00:19",2043400
43000,600,600,"bu","14:00:19",2043300
43000,600,1000,"bu","14:00:19",2042700
43000,600,3400,"bu","14:00:19",2041700
42950,550,2000,"bu","14:00:12",2038300
42950,550,300,"bu","14:00:12",2036300
42950,550,4900,"bu","14:00:12",2036000
42900,500,100,"sd","14:00:11",2031100
42900,500,100,"sd","14:00:01",2031000
42950,550,100,"bu","13:59:59",2030900
42950,550,200,"bu","13:59:59",2030800
42900,500,100,"sd","13:59:55",2030600
42950,550,1000,"bu","13:59:45",2030500
42950,550,1000,"bu","13:59:45",2029500
42950,550,300,"bu","13:59:45",2028500
42950,550,4600,"bu","13:59:45",2028200
42950,550,400,"bu","13:59:38",2023600
42850,450,200,"sd","13:59:33",2023200
42950,550,100,"unknown","13:59:17",2023000
42950,550,200,"unknown","13:59:17",2022900
42850,450,100,"sd","13:58:57",2022700
42850,450,100,"sd","13:58:57",2022600
42950,550,300,"bu","13:58:56",2022500
43000,600,400,"bu","13:58:35",2022200
42950,550,500,"bu","13:58:31",2021800
42950,550,1000,"bu","13:58:31",2021300
43000,600,400,"bu","13:58:14",2020300
42950,550,900,"bu","13:58:08",2019900
42950,550,100,"bu","13:58:08",2019000
42950,550,800,"sd","13:58:07",2018900
42950,550,100,"bu","13:58:07",2018100
43000,600,5800,"bu","13:58:00",2018000
43000,600,100,"bu","13:58:00",2012200
43000,600,1000,"bu","13:58:00",2012100
43000,600,100,"bu","13:58:00",2011100
43000,600,100,"bu","13:58:00",2011000
43000,600,500,"bu","13:58:00",2010900
43000,600,200,"bu","13:58:00",2010400
43000,600,500,"bu","13:58:00",2010200
43000,600,200,"bu","13:57:59",2009700
43000,600,1000,"bu","13:57:59",2009500
43000,600,200,"bu","13:57:59",2008500
43000,600,500,"bu","13:57:59",2008300
43000,600,500,"bu","13:57:59",2007800
43000,600,100,"bu","13:57:59",2007300
43000,600,3000,"bu","13:57:59",2007200
43000,600,100,"bu","13:57:59",2004200
43000,600,100,"bu","13:57:59",2004100
43000,600,700,"bu","13:57:59",2004000
43000,600,300,"bu","13:57:59",2003300
43000,600,100,"bu","13:57:59",2003000
43000,600,1000,"bu","13:57:59",2002900
43000,600,100,"bu","13:57:59",2001900
43000,600,200,"bu","13:57:59",2001800
43000,600,100,"bu","13:57:59",2001600
43000,600,2000,"bu","13:57:59",2001500
43000,600,500,"bu","13:57:59",1999500
43000,600,300,"bu","13:57:59",1999000
43000,600,100,"bu","13:57:59",1998700
42950,550,500,"bu","13:57:59",1998600
43000,600,100,"bu","13:57:59",1998100
42950,550,1400,"bu","13:57:59",1998000
43000,600,500,"bu","13:57:59",1996600
42950,550,400,"bu","13:57:59",1996100
42950,550,100,"bu","13:57:59",1995700
42950,550,100,"bu","13:57:59",1995600
42950,550,2400,"bu","13:57:59",1995500
42950,550,100,"bu","13:57:59",1993100
42950,550,400,"bu","13:57:53",1993000
42950,550,200,"bu","13:57:42",1992600
42950,550,100,"bu","13:57:34",1992400
42950,550,100,"bu","13:57:34",1992300
42950,550,500,"bu","13:57:34",1992200
42950,550,1000,"bu","13:57:34",1991700
42950,550,2000,"bu","13:57:34",1990700
42950,550,100,"bu","13:57:34",1988700
42950,550,100,"bu","13:57:34",1988600
42950,550,2000,"bu","13:57:34",1988500
42950,550,100,"bu","13:57:34",1986500
42950,550,200,"bu","13:57:29",1986400
42950,550,700,"bu","13:57:22",1986200
42950,550,200,"bu","13:57:17",1985500
42950,550,100,"bu","13:57:08",1985300
42900,500,100,"bu","13:57:08",1985200
42950,550,300,"bu","13:56:52",1985100
42950,550,10000,"bu","13:56:52",1984800
42950,550,1000,"bu","13:56:52",1974800
42950,550,200,"bu","13:56:52",1973800
42950,550,200,"bu","13:56:52",1973600
42950,550,100,"bu","13:56:52",1973400
42950,550,1000,"bu","13:56:52",1973300
42950,550,100,"bu","13:56:52",1972300
42950,550,100,"bu","13:56:52",1972200
42950,550,800,"bu","13:56:52",1972100
42950,550,100,"bu","13:56:52",1971300
42950,550,1000,"bu","13:56:52",1971200
42950,550,100,"bu","13:56:52",1970200
42950,550,200,"bu","13:56:52",1970100
42950,550,200,"bu","13:56:52",1969900
42950,550,100,"bu","13:56:52",1969700
42950,550,500,"bu","13:56:52",1969600
42950,550,500,"bu","13:56:52",1969100
42950,550,1000,"bu","13:56:52",1968600
42950,550,400,"bu","13:56:52",1967600
42950,550,100,"bu","13:56:52",1967200
42950,550,500,"bu","13:56:52",1967100
42950,550,100,"bu","13:56:52",1966600
42950,550,1100,"bu","13:56:52",1966500
42950,550,1000,"bu","13:56:52",1965400
42950,550,500,"bu","13:56:52",1964400
42950,550,100,"bu","13:56:52",1963900
42950,550,2000,"bu","13:56:52",1963800
42950,550,100,"bu","13:56:52",1961800
42950,550,500,"bu","13:56:52",1961700
42950,550,10100,"bu","13:56:52",1961200
42950,550,200,"bu","13:56:52",1951100
42950,550,3300,"bu","13:56:52",1950900
42950,550,100,"bu","13:56:52",1947600
42900,500,5000,"bu","13:56:52",1947500
42900,500,1000,"bu","13:56:52",1942500
42900,500,500,"bu","13:56:52",1941500
42900,500,500,"bu","13:56:52",1941000
42900,500,3000,"bu","13:56:52",1940500
42900,500,500,"bu","13:56:52",1937500
42850,450,1900,"bu","13:56:52",1937000
42800,400,100,"sd","13:56:38",1935100
42800,400,100,"sd","13:56:32",1935000
42800,400,700,"sd","13:56:29",1934900
42800,400,200,"sd","13:56:29",1934200
42800,400,1100,"sd","13:56:29",1934000
42800,400,300,"sd","13:55:55",1932900
42800,400,200,"sd","13:55:55",1932600
42800,400,200,"sd","13:55:50",1932400
42800,400,100,"bu","13:55:39",1932200
42800,400,400,"bu","13:55:38",1932100
42800,400,100,"bu","13:55:38",1931700
42800,400,100,"bu","13:55:38",1931600
42800,400,200,"bu","13:55:38",1931500
42800,400,8700,"bu","13:55:38",1931300
42750,350,500,"sd","13:55:36",1922600
42750,350,100,"sd","13:55:24",1922100
42750,350,100,"sd","13:55:14",1922000
42800,400,200,"bu","13:55:05",1921900
42800,400,200,"bu","13:54:53",1921700
42800,400,200,"bu","13:54:39",1921500
42800,400,200,"bu","13:54:27",1921300
42800,400,500,"bu","13:54:23",1921100
42750,350,1300,"sd","13:54:14",1920600
42800,400,200,"bu","13:54:13",1919300
42800,400,200,"bu","13:54:00",1919100
42800,400,200,"bu","13:53:47",1918900
42800,400,200,"bu","13:53:34",1918700
42800,400,8000,"bu","13:53:34",1918500
42800,400,100,"bu","13:53:22",1910500
42800,400,200,"bu","13:53:09",1910400
42800,400,700,"bu","13:53:07",1910200
42900,500,200,"sd","13:53:06",1909500
42900,500,5000,"bu","13:53:05",1909300
42900,500,500,"bu","13:53:05",1904300
42900,500,100,"bu","13:53:05",1903800
42900,500,1000,"bu","13:53:05",1903700
42900,500,900,"bu","13:53:05",1902700
42900,500,1000,"bu","13:53:05",1901800
42900,500,100,"bu","13:53:05",1900800
42900,500,2000,"bu","13:53:05",1900700
42900,500,1000,"bu","13:53:05",1898700
42900,500,200,"bu","13:53:05",1897700
42850,450,2000,"bu","13:53:05",1897500
42850,450,200,"bu","13:53:05",1895500
42850,450,3500,"bu","13:53:05",1895300
42800,400,1000,"bu","13:53:05",1891800
42800,400,100,"bu","13:53:05",1890800
42800,400,1200,"bu","13:53:05",1890700
42800,400,200,"bu","13:52:56",1889500
42800,400,600,"bu","13:52:45",1889300
42800,400,2000,"bu","13:52:45",1888700
42800,400,400,"bu","13:52:45",1886700
42700,300,2700,"sd","13:52:23",1886300
42700,300,5000,"sd","13:52:23",1883600
42700,300,200,"sd","13:52:23",1878600
42700,300,100,"sd","13:52:23",1878400
42800,400,200,"bu","13:52:17",1878300
42800,400,2900,"bu","13:52:12",1878100
42800,400,100,"bu","13:52:12",1875200
42800,400,100,"bu","13:52:12",1875100
42800,400,1700,"bu","13:52:12",1875000
42750,350,5000,"bu","13:52:12",1873300
42750,350,200,"bu","13:52:12",1868300
42750,350,200,"bu","13:52:04",1868100
42750,350,200,"bu","13:51:50",1867900
42750,350,100,"sd","13:51:48",1867700
42750,350,4300,"sd","13:51:48",1867600
42750,350,100,"bu","13:51:46",1863300
42750,350,600,"bu","13:51:46",1863200
42750,350,300,"sd","13:51:38",1862600
42750,350,200,"sd","13:51:38",1862300
42750,350,300,"sd","13:51:38",1862100
42750,350,600,"sd","13:51:38",1861800
42750,350,2000,"sd","13:51:36",1861200
42750,350,2400,"bu","13:51:31",1859200
42750,350,1100,"sd","13:51:26",1856800
42750,350,200,"sd","13:51:26",1855700
42750,350,200,"sd","13:51:26",1855500
42750,350,800,"sd","13:51:26",1855300
42750,350,200,"sd","13:51:26",1854500
42750,350,800,"sd","13:51:26",1854300
42750,350,400,"sd","13:51:08",1853500
42750,350,700,"sd","13:51:08",1853100
42750,350,100,"sd","13:51:08",1852400
42750,350,4500,"sd","13:51:08",1852300
42750,350,500,"sd","13:50:56",1847800
42750,350,500,"sd","13:50:56",1847300
42750,350,800,"sd","13:50:56",1846800
42750,350,3900,"sd","13:50:56",1846000
42800,400,4000,"bu","13:50:51",1842100
42800,400,100,"bu","13:50:51",1838100
42800,400,1900,"bu","13:50:51",1838000
42800,400,600,"bu","13:50:51",1836100
42800,400,3000,"bu","13:50:51",1835500
42800,400,400,"bu","13:50:51",1832500
42800,400,200,"bu","13:50:44",1832100
42800,400,200,"bu","13:50:32",1831900
42800,400,200,"bu","13:50:18",1831700
42800,400,900,"bu","13:50:13",1831500
42800,400,4100,"bu","13:50:13",1830600
42750,350,100,"sd","13:50:06",1826500
42750,350,600,"sd","13:50:06",1826400
42750,350,300,"sd","13:50:06",1825800
42800,400,200,"bu","13:50:05",1825500
42800,400,200,"bu","13:49:53",1825300
42750,350,400,"sd","13:49:53",1825100
42750,350,300,"sd","13:49:53",1824700
42750,350,2100,"sd","13:49:53",1824400
42750,350,200,"sd","13:49:53",1822300
42750,350,100,"sd","13:49:53",1822100
42750,350,300,"sd","13:49:53",1822000
42800,400,200,"sd","13:49:41",1821700
42800,400,100,"sd","13:49:41",1821500
42800,400,200,"sd","13:49:41",1821400
42800,400,5000,"sd","13:49:41",1821200
42850,450,200,"bu","13:49:39",1816200
42850,450,200,"bu","13:49:27",1816000
42850,450,300,"bu","13:49:17",1815800
42800,400,100,"sd","13:49:16",1815500
42800,400,700,"sd","13:49:10",1815400
42800,400,100,"sd","13:49:10",1814700
42800,400,200,"sd","13:49:10",1814600
42800,400,1100,"sd","13:49:05",1814400
42800,400,900,"sd","13:49:05",1813300
42850,450,200,"bu","13:49:01",1812400
42850,450,5000,"bu","13:48:57",1812200
42800,400,100,"sd","13:48:56",1807200
42800,400,200,"sd","13:48:56",1807100
42800,400,100,"sd","13:48:56",1806900
42800,400,200,"sd","13:48:56",1806800
42800,400,200,"sd","13:48:56",1806600
42800,400,200,"sd","13:48:56",1806400
42850,450,200,"bu","13:48:48",1806200
42850,450,200,"bu","13:48:41",1806000
42850,450,200,"bu","13:48:41",1805800
42850,450,5000,"bu","13:48:41",1805600
42850,450,200,"bu","13:48:41",1800600
42850,450,300,"bu","13:48:41",1800400
42850,450,100,"bu","13:48:41",1800100
42850,450,2700,"bu","13:48:41",1800000
42850,450,100,"sd","13:48:02",1797300
42850,450,2000,"sd","13:47:59",1797200
42850,450,200,"sd","13:47:49",1795200
42800,400,100,"sd","13:47:18",1795000
42800,400,100,"sd","13:47:14",1794900
42800,400,700,"sd","13:47:14",1794800
42800,400,700,"sd","13:47:14",1794100
42800,400,300,"sd","13:47:14",1793400
42800,400,1200,"sd","13:47:14",1793100
42950,550,200,"bu","13:47:02",1791900
42950,550,3000,"bu","13:47:01",1791700
42950,550,2000,"bu","13:47:01",1788700
42950,550,100,"bu","13:47:01",1786700
42900,500,100,"bu","13:47:01",1786600
42900,500,100,"bu","13:47:01",1786500
42950,550,6000,"bu","13:47:01",1786400
42900,500,10000,"bu","13:47:01",1780400
42900,500,500,"bu","13:47:01",1770400
42950,550,5600,"bu","13:47:01",1769900
42900,500,500,"bu","13:47:01",1764300
42900,500,1000,"bu","13:47:01",1763800
42900,500,300,"bu","13:47:01",1762800
42900,500,800,"bu","13:47:01",1762500
42800,400,3200,"sd","13:47:01",1761700
42800,400,600,"sd","13:46:51",1758500
42800,400,2500,"sd","13:46:51",1757900
42900,500,200,"bu","13:46:49",1755400
42900,500,200,"bu","13:46:36",1755200
42900,500,800,"bu","13:46:24",1755000
42900,500,1900,"bu","13:46:24",1754200
42850,450,2300,"bu","13:46:24",1752300
42850,450,200,"bu","13:46:23",1750000
42900,500,1100,"bu","13:46:16",1749800
42900,500,100,"bu","13:46:16",1748700
42850,450,3800,"bu","13:46:16",1748600
42850,450,200,"bu","13:46:10",1744800
42850,450,100,"bu","13:46:01",1744600
42900,500,200,"bu","13:45:57",1744500
42900,500,100,"bu","13:45:52",1744300
42900,500,200,"bu","13:45:52",1744200
42900,500,700,"bu","13:45:52",1744000
42900,500,100,"bu","13:45:52",1743300
42900,500,1000,"bu","13:45:52",1743200
42900,500,200,"bu","13:45:45",1742200
42900,500,200,"bu","13:45:31",1742000
42900,500,100,"bu","13:45:19",1741800
42900,500,100,"bu","13:45:19",1741700
42900,500,300,"bu","13:45:07",1741600
42900,500,100,"bu","13:45:06",1741300
42900,500,1000,"bu","13:45:06",1741200
42900,500,100,"bu","13:45:06",1740200
42900,500,2000,"bu","13:45:06",1740100
42900,500,800,"bu","13:45:06",1738100
42900,500,400,"bu","13:45:03",1737300
42900,500,100,"bu","13:45:02",1736900
42900,500,100,"bu","13:45:02",1736800
42900,500,1500,"bu","13:45:02",1736700
42900,500,1800,"bu","13:45:02",1735200
42900,500,400,"bu","13:45:02",1733400
42900,500,1000,"bu","13:45:02",1733000
42900,500,100,"bu","13:45:02",1732000
42900,500,100,"bu","13:44:31",1731900
42900,500,1400,"bu","13:44:30",1731800
42900,500,500,"bu","13:44:30",1730400
42900,500,100,"bu","13:44:30",1729900
42900,500,300,"bu","13:44:11",1729800
42900,500,100,"unknown","13:44:10",1729500
42900,500,100,"bu","13:44:09",1729400
42900,500,300,"bu","13:44:09",1729300
42900,500,200,"bu","13:44:09",1729000
42900,500,500,"bu","13:44:09",1728800
42900,500,200,"bu","13:44:09",1728300
42900,500,400,"bu","13:44:09",1728100
42900,500,100,"bu","13:44:09",1727700
42900,500,100,"bu","13:44:09",1727600
42900,500,300,"bu","13:44:08",1727500
42900,500,100,"bu","13:44:08",1727200
42900,500,500,"bu","13:44:08",1727100
42900,500,4500,"bu","13:44:07",1726600
42900,500,100,"bu","13:44:07",1722100
42900,500,300,"bu","13:44:07",1722000
42900,500,2000,"bu","13:44:07",1721700
42900,500,5100,"bu","13:44:07",1719700
42900,500,100,"bu","13:43:41",1714600
42900,500,300,"bu","13:43:41",1714500
42900,500,1500,"bu","13:43:41",1714200
42900,500,500,"bu","13:43:40",1712700
42900,500,100,"bu","13:42:57",1712200
42900,500,300,"sd","13:42:55",1712100
42900,500,100,"sd","13:42:55",1711800
42900,500,400,"sd","13:42:54",1711700
42900,500,100,"sd","13:42:54",1711300
42900,500,1700,"sd","13:42:43",1711200
42900,500,300,"sd","13:42:43",1709500
42900,500,200,"sd","13:42:32",1709200
42900,500,1000,"sd","13:42:26",1709000
42900,500,500,"bu","13:42:24",1708000
42900,500,1600,"bu","13:42:24",1707500
42900,500,3400,"bu","13:42:24",1705900
42900,500,100,"bu","13:42:24",1702500
42900,500,600,"bu","13:42:24",1702400
42900,500,1100,"bu","13:42:24",1701800
42900,500,300,"bu","13:42:24",1700700
42900,500,100,"bu","13:42:24",1700400
42900,500,100,"bu","13:42:24",1700300
42900,500,1000,"bu","13:42:24",1700200
42900,500,10000,"bu","13:42:24",1699200
42900,500,1000,"bu","13:42:24",1689200
42900,500,100,"bu","13:42:24",1688200
42900,500,1200,"bu","13:42:24",1688100
42900,500,1000,"bu","13:42:24",1686900
42750,350,100,"sd","13:42:18",1685900
42900,500,200,"bu","13:42:17",1685800
42900,500,300,"bu","13:42:07",1685600
42900,500,100,"bu","13:42:07",1685300
42900,500,200,"bu","13:42:06",1685200
42900,500,2500,"bu","13:42:05",1685000
42900,500,1000,"bu","13:42:03",1682500
42900,500,400,"bu","13:42:03",1681500
42900,500,300,"bu","13:42:03",1681100
42900,500,6200,"bu","13:42:03",1680800
42900,500,100,"bu","13:42:03",1674600
42900,500,100,"bu","13:42:03",1674500
42900,500,1800,"bu","13:42:03",1674400
42900,500,100,"bu","13:42:03",1672600
42900,500,4000,"bu","13:42:02",1672500
42900,500,5000,"bu","13:42:01",1668500
42900,500,500,"bu","13:42:01",1663500
42900,500,1600,"bu","13:42:01",1663000
42900,500,100,"bu","13:42:01",1661400
42900,500,500,"bu","13:42:01",1661300
42900,500,3000,"bu","13:42:01",1660800
42900,500,100,"bu","13:42:01",1657800
42900,500,1000,"bu","13:42:01",1657700
42900,500,2000,"bu","13:42:01",1656700
42900,500,100,"bu","13:42:01",1654700
42900,500,11100,"bu","13:42:01",1654600
42900,500,100,"bu","13:42:01",1643500
42850,450,100,"bu","13:42:01",1643400
42850,450,1000,"bu","13:42:01",1643300
42900,500,200,"bu","13:42:01",1642300
42900,500,1000,"bu","13:42:01",1642100
42850,450,100,"bu","13:42:01",1641100
42850,450,100,"bu","13:42:01",1641000
42900,500,500,"bu","13:42:01",1640900
42850,450,1500,"bu","13:42:01",1640400
42800,400,100,"bu","13:42:01",1638900
42850,450,100,"bu","13:42:01",1638800
42850,450,500,"bu","13:42:01",1638700
42850,450,100,"bu","13:42:01",1638200
42800,400,2000,"bu","13:42:01",1638100
42850,450,300,"bu","13:42:01",1636100
42850,450,5000,"bu","13:42:01",1635800
42800,400,200,"bu","13:42:01",1630800
42850,450,100,"bu","13:42:01",1630600
42800,400,100,"bu","13:42:01",1630500
42800,400,100,"bu","13:42:01",1630400
42850,450,200,"bu","13:42:01",1630300
42800,400,800,"bu","13:42:01",1630100
42800,400,100,"bu","13:42:01",1629300
42800,400,300,"bu","13:42:01",1629200
42800,400,100,"bu","13:42:01",1628900
42800,400,100,"bu","13:42:01",1628800
42800,400,10000,"bu","13:42:01",1628700
42800,400,100,"bu","13:42:01",1618700
42800,400,100,"bu","13:42:01",1618600
42800,400,300,"bu","13:41:23",1618500
42800,400,100,"bu","13:41:22",1618200
42800,400,800,"bu","13:41:21",1618100
42800,400,1000,"bu","13:41:21",1617300
42800,400,200,"bu","13:41:21",1616300
42750,350,900,"sd","13:40:49",1616100
42750,350,200,"sd","13:40:49",1615200
42750,350,100,"sd","13:40:48",1615000
42750,350,200,"sd","13:40:48",1614900
42750,350,4800,"bu","13:40:47",1614700
42750,350,100,"bu","13:40:47",1609900
42750,350,2100,"bu","13:40:47",1609800
42750,350,100,"bu","13:40:07",1607700
42750,350,500,"sd","13:40:05",1607600
42750,350,200,"sd","13:40:05",1607100
42750,350,300,"sd","13:39:54",1606900
42750,350,2900,"bu","13:39:31",1606600
42750,350,1200,"bu","13:39:30",1603700
42750,350,5900,"bu","13:39:30",1602500
42750,350,100,"bu","13:39:30",1596600
42750,350,500,"bu","13:39:30",1596500
42750,350,100,"bu","13:39:30",1596000
42750,350,500,"bu","13:39:30",1595900
42750,350,1700,"bu","13:39:30",1595400
42750,350,100,"bu","13:39:30",1593700
42700,300,100,"bu","13:39:30",1593600
42750,350,100,"bu","13:39:30",1593500
42700,300,5900,"bu","13:39:30",1593400
42700,300,100,"bu","13:39:27",1587500
42700,300,900,"bu","13:39:25",1587400
42700,300,300,"bu","13:39:24",1586500
42700,300,1500,"sd","13:39:23",1586200
42700,300,600,"sd","13:39:23",1584700
42700,300,2500,"sd","13:39:23",1584100
42700,300,7500,"bu","13:39:14",1581600
42700,300,400,"bu","13:38:59",1574100
42700,300,100,"bu","13:38:58",1573700
42700,300,2000,"sd","13:38:57",1573600
42700,300,100,"bu","13:38:43",1571600
42700,300,800,"bu","13:38:42",1571500
42700,300,5000,"bu","13:38:42",1570700
42700,300,5000,"bu","13:38:42",1565700
42750,350,400,"bu","13:37:15",1560700
42750,350,100,"bu","13:37:15",1560300
42750,350,500,"bu","13:37:13",1560200
42750,350,700,"bu","13:37:13",1559700
42750,350,800,"bu","13:37:13",1559000
42750,350,100,"bu","13:37:13",1558200
42750,350,800,"bu","13:37:12",1558100
42750,350,2000,"bu","13:37:11",1557300
42750,350,1500,"bu","13:37:11",1555300
42750,350,1500,"bu","13:37:11",1553800
42700,300,100,"bu","13:37:11",1552300
42750,350,200,"bu","13:37:11",1552200
42700,300,4600,"bu","13:37:11",1552000
42750,350,100,"bu","13:37:11",1547400
42600,200,100,"sd","13:36:59",1547300
42600,200,100,"sd","13:36:59",1547200
42600,200,200,"sd","13:36:56",1547100
42600,200,300,"sd","13:36:56",1546900
42700,300,200,"bu","13:36:51",1546600
42700,300,800,"bu","13:36:49",1546400
42700,300,300,"bu","13:36:49",1545600
42700,300,100,"sd","13:36:48",1545300
42700,300,1000,"sd","13:36:48",1545200
42700,300,400,"sd","13:36:48",1544200
42700,300,2600,"sd","13:36:48",1543800
42700,300,300,"sd","13:36:39",1541200
42700,300,500,"sd","13:36:20",1540900
42700,300,100,"bu","13:36:13",1540400
42700,300,900,"bu","13:36:13",1540300
42700,300,700,"bu","13:36:13",1539400
42700,300,100,"bu","13:36:13",1538700
42700,300,800,"bu","13:36:13",1538600
42700,300,1200,"bu","13:36:13",1537800
42700,300,1200,"bu","13:36:13",1536600
42700,300,3800,"bu","13:36:12",1535400
42700,300,5000,"bu","13:36:12",1531600
42700,300,300,"bu","13:36:12",1526600
42700,300,600,"bu","13:36:12",1526300
42700,300,100,"bu","13:36:12",1525700
42700,300,100,"bu","13:36:12",1525600
42700,300,100,"bu","13:36:12",1525500
42650,250,200,"bu","13:36:12",1525400
42650,250,500,"bu","13:36:12",1525200
42650,250,600,"bu","13:36:12",1524700
42650,250,1900,"bu","13:36:12",1524100
42650,250,5000,"bu","13:36:12",1522200
42650,250,100,"bu","13:36:12",1517200
42650,250,10000,"bu","13:36:12",1517100
42650,250,1700,"bu","13:36:12",1507100
42600,200,500,"sd","13:35:54",1505400
42600,200,100,"sd","13:35:49",1504900
42600,200,100,"sd","13:35:44",1504800
42600,200,100,"sd","13:34:38",1504700
42600,200,100,"sd","13:34:36",1504600
42600,200,100,"sd","13:34:31",1504500
42600,200,100,"sd","13:34:29",1504400
42600,200,400,"sd","13:34:21",1504300
42600,200,500,"sd","13:34:21",1503900
42600,200,200,"sd","13:34:17",1503400
42600,200,1000,"sd","13:34:17",1503200
42600,200,400,"sd","13:34:11",1502200
42600,200,400,"sd","13:34:11",1501800
42600,200,200,"sd","13:34:11",1501400
42600,200,800,"sd","13:34:08",1501200
42600,200,300,"sd","13:34:08",1500400
42600,200,100,"sd","13:34:08",1500100
42600,200,1100,"sd","13:34:08",1500000
42600,200,400,"sd","13:34:08",1498900
42600,200,1100,"sd","13:34:08",1498500
42600,200,400,"sd","13:34:08",1497400
42600,200,1400,"sd","13:34:08",1497000
42600,200,1300,"sd","13:34:08",1495600
42600,200,400,"sd","13:34:08",1494300
42600,200,500,"sd","13:34:08",1493900
42600,200,200,"sd","13:34:08",1493400
42600,200,1000,"sd","13:34:08",1493200
42600,200,5000,"sd","13:34:04",1492200
42600,200,3700,"sd","13:34:03",1487200
42600,200,100,"sd","13:34:03",1483500
42600,200,200,"sd","13:34:03",1483400
42600,200,1000,"sd","13:34:03",1483200
42600,200,400,"sd","13:34:00",1482200
42600,200,1500,"sd","13:34:00",1481800
42600,200,5700,"sd","13:33:56",1480300
42650,250,200,"bu","13:33:55",1474600
42650,250,1000,"bu","13:33:53",1474400
42600,200,5700,"sd","13:33:32",1473400
42600,200,100,"sd","13:33:31",1467700
42600,200,100,"sd","13:33:17",1467600
42600,200,5700,"sd","13:33:12",1467500
42650,250,100,"bu","13:32:47",1461800
42650,250,100,"bu","13:32:42",1461700
42600,200,1200,"sd","13:32:31",1461600
42600,200,1600,"sd","13:32:31",1460400
42650,250,100,"bu","13:31:01",1458800
42650,250,300,"bu","13:31:01",1458700
42650,250,1500,"bu","13:31:00",1458400
42650,250,500,"bu","13:30:58",1456900
42650,250,100,"sd","13:30:57",1456400
42650,250,3000,"sd","13:30:57",1456300
42650,250,1200,"sd","13:30:57",1453300
42650,250,500,"sd","13:30:57",1452100
42650,250,200,"sd","13:30:57",1451600
42650,250,2400,"sd","13:30:57",1451400
42650,250,100,"sd","13:30:49",1449000
42650,250,15000,"sd","13:30:49",1448900
42650,250,2500,"bu","13:30:39",1433900
42650,250,200,"bu","13:30:33",1431400
42650,250,1200,"bu","13:30:31",1431200
42650,250,400,"bu","13:30:30",1430000
42650,250,400,"bu","13:30:29",1429600
42650,250,1000,"bu","13:30:29",1429200
42650,250,4300,"bu","13:30:29",1428200
42650,250,700,"sd","13:30:25",1423900
42650,250,500,"sd","13:30:25",1423200
42650,250,1900,"sd","13:30:25",1422700
42650,250,100,"sd","13:30:25",1420800
42650,250,1800,"sd","13:30:25",1420700
42650,250,200,"sd","13:30:15",1418900
42650,250,100,"sd","13:30:05",1418700
42650,250,100,"sd","13:30:01",1418600
42700,300,100,"bu","13:29:53",1418500
42650,250,100,"sd","13:29:35",1418400
42650,250,300,"sd","13:28:50",1418300
42650,250,100,"sd","13:28:22",1418000
42650,250,100,"bu","13:28:13",1417900
42650,250,100,"bu","13:28:12",1417800
42650,250,2000,"bu","13:28:12",1417700
42650,250,100,"bu","13:28:12",1415700
42650,250,100,"bu","13:28:12",1415600
42650,250,5000,"bu","13:28:12",1415500
42650,250,100,"bu","13:28:12",1410500
42650,250,2600,"bu","13:28:12",1410400
42650,250,200,"bu","13:27:10",1407800
42600,200,100,"sd","13:27:09",1407600
42600,200,1300,"sd","13:26:54",1407500
42600,200,1000,"sd","13:26:54",1406200
42600,200,1800,"sd","13:26:54",1405200
42600,200,400,"sd","13:26:54",1403400
42600,200,300,"sd","13:26:54",1403000
42600,200,200,"sd","13:26:54",1402700
42600,200,100,"sd","13:26:38",1402500
42600,200,100,"sd","13:25:55",1402400
42600,200,100,"sd","13:24:54",1402300
42600,200,100,"sd","13:24:54",1402200
42650,250,200,"bu","13:24:08",1402100
42600,200,4400,"sd","13:23:42",1401900
42600,200,100,"sd","13:23:42",1397500
42600,200,500,"sd","13:23:42",1397400
42600,200,100,"sd","13:23:42",1396900
42600,200,100,"sd","13:23:41",1396800
42600,200,2000,"sd","13:23:41",1396700
42600,200,500,"sd","13:23:41",1394700
42600,200,500,"sd","13:23:41",1394200
42600,200,100,"sd","13:23:41",1393700
42600,200,1000,"sd","13:23:41",1393600
42600,200,100,"sd","13:23:39",1392600
42650,250,300,"bu","13:23:33",1392500
42650,250,100,"bu","13:23:32",1392200
42650,250,100,"sd","13:23:32",1392100
42650,250,1500,"sd","13:23:32",1392000
42650,250,100,"sd","13:23:27",1390500
42650,250,100,"sd","13:23:12",1390400
42650,250,200,"sd","13:23:12",1390300
42650,250,100,"sd","13:23:01",1390100
42650,250,200,"sd","13:22:51",1390000
42650,250,300,"sd","13:22:46",1389800
42650,250,500,"sd","13:22:41",1389500
42650,250,200,"bu","13:22:25",1389000
42650,250,800,"bu","13:22:23",1388800
42650,250,200,"bu","13:22:23",1388000
42650,250,400,"bu","13:22:22",1387800
42650,250,100,"bu","13:22:21",1387400
42650,250,2000,"bu","13:22:21",1387300
42650,250,2900,"bu","13:22:21",1385300
42600,200,100,"sd","13:22:13",1382400
42600,200,200,"sd","13:21:46",1382300
42650,250,100,"bu","13:21:25",1382100
42650,250,700,"bu","13:21:23",1382000
42650,250,200,"bu","13:21:22",1381300
42650,250,1000,"sd","13:21:21",1381100
42650,250,400,"sd","13:21:21",1380100
42650,250,1500,"sd","13:21:21",1379700
42650,250,500,"sd","13:21:21",1378200
42650,250,1500,"sd","13:21:19",1377700
42650,250,3000,"sd","13:21:19",1376200
42650,250,500,"sd","13:21:19",1373200
42650,250,100,"sd","13:20:59",1372700
42650,250,100,"bu","13:20:39",1372600
42650,250,400,"bu","13:20:38",1372500
42650,250,300,"bu","13:20:38",1372100
42650,250,100,"bu","13:20:38",1371800
42650,250,1000,"bu","13:20:38",1371700
42650,250,1200,"bu","13:20:38",1370700
42650,250,100,"bu","13:20:37",1369500
42650,250,700,"bu","13:20:36",1369400
42650,250,200,"bu","13:20:35",1368700
42650,250,2800,"bu","13:20:35",1368500
42650,250,100,"bu","13:20:35",1365700
42650,250,100,"bu","13:20:35",1365600
42600,200,1000,"sd","13:20:34",1365500
42600,200,1000,"sd","13:20:12",1364500
42600,200,1800,"sd","13:20:09",1363500
42600,200,1200,"sd","13:20:09",1361700
42600,200,100,"sd","13:19:45",1360500
42600,200,100,"sd","13:19:45",1360400
42600,200,300,"sd","13:19:22",1360300
42600,200,200,"sd","13:19:21",1360000
42600,200,1000,"sd","13:18:31",1359800
42650,250,300,"sd","13:18:24",1358800
42650,250,100,"sd","13:18:24",1358500
42650,250,1000,"sd","13:18:14",1358400
42650,250,200,"bu","13:18:09",1357400
42650,250,2000,"bu","13:18:09",1357200
42650,250,100,"bu","13:18:09",1355200
42650,250,2700,"bu","13:18:09",1355100
42650,250,3000,"sd","13:18:08",1352400
42650,250,100,"sd","13:18:08",1349400
42650,250,900,"sd","13:18:08",1349300
42650,250,5000,"sd","13:18:03",1348400
42650,250,600,"sd","13:18:03",1343400
42650,250,4800,"sd","13:18:03",1342800
42650,250,100,"sd","13:18:03",1338000
42650,250,200,"sd","13:18:03",1337900
42650,250,300,"sd","13:18:03",1337700
42650,250,400,"sd","13:18:03",1337400
42700,300,500,"bu","13:17:05",1337000
42700,300,200,"sd","13:17:04",1336500
42700,300,1600,"sd","13:17:03",1336300
42700,300,1400,"sd","13:17:03",1334700
42700,300,100,"sd","13:17:00",1333300
42700,300,200,"sd","13:16:38",1333200
42700,300,9800,"sd","13:16:38",1333000
42700,300,500,"sd","13:16:38",1323200
42700,300,100,"sd","13:16:35",1322700
42700,300,100,"sd","13:16:35",1322600
42700,300,9400,"sd","13:16:35",1322500
42700,300,100,"bu","13:16:35",1313100
42650,250,100,"sd","13:16:33",1313000
42650,250,300,"sd","13:16:21",1312900
42700,300,100,"bu","13:16:04",1312600
42700,300,800,"bu","13:16:02",1312500
42700,300,3000,"sd","13:15:59",1311700
42700,300,500,"sd","13:15:59",1308700
42700,300,200,"sd","13:15:59",1308200
42700,300,200,"sd","13:15:59",1308000
42700,300,400,"sd","13:15:59",1307800
42700,300,100,"sd","13:15:59",1307400
42700,300,300,"sd","13:15:59",1307300
42700,300,1400,"sd","13:15:47",1307000
42700,300,200,"sd","13:15:47",1305600
42700,300,1500,"sd","13:15:37",1305400
42700,300,2500,"sd","13:15:26",1303900
42700,300,200,"sd","13:15:01",1301400
42700,300,100,"sd","13:14:50",1301200
42700,300,1000,"sd","13:13:50",1301100
42700,300,100,"sd","13:13:50",1300100
42700,300,900,"sd","13:13:50",1300000
42750,350,500,"bu","13:13:25",1299100
42700,300,100,"sd","13:12:52",1298600
42700,300,100,"sd","13:12:23",1298500
42700,300,100,"sd","13:11:43",1298400
42700,300,100,"sd","13:11:09",1298300
42700,300,100,"sd","13:10:37",1298200
42700,300,100,"bu","13:10:33",1298100
42700,300,300,"bu","13:10:33",1298000
42700,300,100,"bu","13:10:33",1297700
42700,300,100,"bu","13:10:32",1297600
42700,300,400,"bu","13:10:32",1297500
42700,300,2600,"bu","13:10:30",1297100
42700,300,100,"bu","13:10:30",1294500
42700,300,300,"bu","13:10:30",1294400
42650,250,100,"sd","13:10:26",1294100
42700,300,200,"bu","13:10:12",1294000
42700,300,300,"bu","13:09:54",1293800
42700,300,300,"bu","13:09:36",1293500
42700,300,200,"bu","13:09:18",1293200
42700,300,100,"bu","13:09:01",1293000
42700,300,100,"bu","13:09:01",1292900
42700,300,100,"bu","13:09:01",1292800
42700,300,100,"bu","13:08:43",1292700
42700,300,100,"bu","13:08:43",1292600
42700,300,300,"bu","13:08:24",1292500
42700,300,200,"bu","13:08:06",1292200
42700,300,300,"bu","13:07:49",1292000
42700,300,200,"bu","13:07:30",1291700
42700,300,300,"bu","13:07:12",1291500
42700,300,200,"bu","13:07:07",1291200
42700,300,300,"sd","13:07:05",1291000
42700,300,200,"sd","13:07:05",1290700
42700,300,300,"sd","13:07:05",1290500
42700,300,200,"sd","13:07:05",1290200
42700,300,100,"sd","13:07:05",1290000
42700,300,300,"sd","13:07:05",1289900
42700,300,200,"sd","13:06:35",1289600
42700,300,100,"sd","13:06:35",1289400
42700,300,200,"sd","13:06:27",1289300
42700,300,100,"sd","13:06:14",1289100
42700,300,100,"sd","13:06:00",1289000
42700,300,200,"sd","13:06:00",1288900
42700,300,100,"sd","13:05:59",1288700
42700,300,700,"sd","13:05:55",1288600
42700,300,200,"sd","13:05:42",1287900
42700,300,200,"sd","13:05:27",1287700
42700,300,100,"sd","13:05:27",1287500
42700,300,200,"sd","13:05:10",1287400
42700,300,100,"sd","13:05:00",1287200
42700,300,2100,"sd","13:04:47",1287100
42700,300,7900,"sd","13:04:47",1285000
42700,300,300,"bu","13:04:39",1277100
42700,300,10000,"bu","13:04:39",1276800
42700,300,100,"bu","13:04:39",1266800
42700,300,100,"bu","13:04:39",1266700
42700,300,300,"bu","13:04:39",1266600
42700,300,100,"bu","13:04:39",1266300
42700,300,1000,"bu","13:04:39",1266200
42700,300,200,"bu","13:04:39",1265200
42650,250,300,"sd","13:04:20",1265000
42650,250,100,"sd","13:03:49",1264700
42700,300,300,"bu","13:03:37",1264600
42700,300,200,"bu","13:03:29",1264300
42700,300,100,"bu","13:03:29",1264100
42700,300,300,"bu","13:03:28",1264000
42700,300,100,"bu","13:03:28",1263700
42700,300,300,"bu","13:03:28",1263600
42700,300,600,"bu","13:03:28",1263300
42700,300,500,"bu","13:03:28",1262700
42700,300,100,"bu","13:03:28",1262200
42700,300,200,"bu","13:03:18",1262100
42700,300,300,"bu","13:03:09",1261900
42700,300,1900,"bu","13:03:07",1261600
42650,250,200,"sd","13:02:53",1259700
42650,250,100,"sd","13:02:46",1259500
42650,250,100,"sd","13:02:33",1259400
42650,250,100,"sd","13:02:33",1259300
42650,250,800,"sd","13:02:26",1259200
42650,250,200,"sd","13:02:26",1258400
42650,250,100,"sd","13:02:19",1258200
42650,250,400,"sd","13:02:12",1258100
42650,250,300,"sd","13:01:31",1257700
42650,250,400,"sd","13:01:31",1257400
42650,250,100,"sd","13:01:19",1257000
42650,250,100,"sd","13:01:15",1256900
42650,250,1200,"sd","13:00:52",1256800
42700,300,200,"bu","13:00:36",1255600
42700,300,300,"bu","13:00:35",1255400
42700,300,300,"bu","13:00:35",1255100
42700,300,100,"bu","13:00:35",1254800
42700,300,400,"bu","13:00:35",1254700
42700,300,2800,"bu","13:00:35",1254300
42700,300,100,"bu","13:00:34",1251500
42700,300,1200,"bu","13:00:34",1251400
42750,350,1500,"bu","13:00:31",1250200
42700,300,900,"bu","13:00:30",1248700
42700,300,500,"sd","13:00:29",1247800
42700,300,800,"sd","13:00:28",1247300
42700,300,1500,"sd","13:00:27",1246500
42700,300,100,"sd","13:00:27",1245000
42700,300,100,"sd","13:00:26",1244900
42700,300,500,"sd","13:00:26",1244800
42650,250,100,"sd","13:00:25",1244300
42700,300,200,"sd","13:00:22",1244200
42700,300,100,"sd","13:00:20",1244000
42700,300,100,"sd","13:00:19",1243900
42700,300,100,"sd","13:00:17",1243800
42700,300,200,"sd","13:00:17",1243700
42650,250,100,"sd","13:00:16",1243500
42700,300,700,"sd","13:00:15",1243400
42700,300,300,"bu","13:00:13",1242700
42700,300,100,"bu","13:00:13",1242400
42700,300,100,"bu","13:00:13",1242300
42700,300,100,"bu","13:00:12",1242200
42700,300,1600,"bu","13:00:12",1242100
42700,300,100,"bu","13:00:11",1240500
42700,300,1700,"bu","13:00:11",1240400
42650,250,200,"sd","13:00:10",1238700
42700,300,1500,"bu","13:00:09",1238500
42700,300,1000,"bu","13:00:08",1237000
42700,300,100,"bu","13:00:06",1236000
42700,300,400,"sd","13:00:04",1235900
42700,300,300,"sd","13:00:04",1235500
42700,300,1100,"sd","13:00:03",1235200
42700,300,300,"sd","13:00:02",1234100
42700,300,200,"sd","13:00:01",1233800
42700,300,300,"sd","13:00:01",1233600
42750,350,200,"bu","13:00:01",1233300
42700,300,200,"sd","13:00:00",1233100
42700,300,100,"sd","13:00:00",1232900
42700,300,100,"sd","11:29:06",1232800
42700,300,100,"sd","11:28:51",1232700
42700,300,100,"sd","11:28:51",1232600
42700,300,100,"sd","11:28:41",1232500
42750,350,300,"bu","11:28:38",1232400
42700,300,100,"sd","11:28:02",1232100
42700,300,200,"sd","11:28:02",1232000
42700,300,200,"sd","11:28:02",1231800
42700,300,100,"sd","11:27:56",1231600
42700,300,200,"sd","11:27:56",1231500
42700,300,200,"sd","11:27:56",1231300
42700,300,1800,"sd","11:27:51",1231100
42700,300,300,"sd","11:27:51",1229300
42700,300,200,"sd","11:27:51",1229000
42700,300,3000,"sd","11:27:51",1228800
42700,300,300,"sd","11:27:51",1225800
42700,300,100,"sd","11:27:50",1225500
42700,300,1200,"sd","11:27:50",1225400
42700,300,200,"sd","11:27:50",1224200
42700,300,300,"sd","11:27:50",1224000
42700,300,200,"sd","11:27:50",1223700
42700,300,300,"sd","11:27:50",1223500
42700,300,2100,"sd","11:27:50",1223200
42700,300,100,"sd","11:27:37",1221100
42700,300,500,"sd","11:27:33",1221000
42700,300,1500,"sd","11:26:39",1220500
42700,300,100,"sd","11:26:24",1219000
42700,300,700,"sd","11:26:20",1218900
42700,300,200,"sd","11:26:20",1218200
42700,300,100,"sd","11:26:20",1218000
42750,350,100,"bu","11:26:20",1217900
42700,300,200,"sd","11:26:16",1217800
42700,300,100,"sd","11:26:16",1217600
42700,300,200,"sd","11:26:16",1217500
42700,300,500,"sd","11:26:16",1217300
42700,300,300,"sd","11:26:16",1216800
42700,300,200,"sd","11:26:16",1216500
42700,300,300,"sd","11:26:16",1216300
42700,300,200,"sd","11:26:16",1216000
42700,300,300,"sd","11:26:16",1215800
42700,300,1300,"sd","11:26:16",1215500
42700,300,200,"sd","11:26:16",1214200
42700,300,800,"sd","11:26:16",1214000
42700,300,300,"sd","11:26:16",1213200
42700,300,100,"sd","11:26:16",1212900
42700,300,200,"sd","11:26:16",1212800
42700,300,200,"sd","11:26:16",1212600
42700,300,300,"sd","11:26:16",1212400
42700,300,300,"sd","11:26:16",1212100
42700,300,200,"sd","11:26:16",1211800
42700,300,700,"sd","11:26:16",1211600
42700,300,100,"sd","11:25:39",1210900
42700,300,100,"sd","11:25:10",1210800
42700,300,200,"sd","11:24:34",1210700
42700,300,300,"sd","11:24:34",1210500
42700,300,200,"sd","11:24:34",1210200
42700,300,300,"sd","11:24:34",1210000
42700,300,1000,"sd","11:24:04",1209700
42750,350,900,"bu","11:24:03",1208700
42750,350,900,"bu","11:24:03",1207800
42750,350,1900,"bu","11:24:01",1206900
42750,350,100,"bu","11:24:01",1205000
42750,350,1900,"bu","11:24:01",1204900
42750,350,100,"bu","11:24:01",1203000
42750,350,2000,"bu","11:24:01",1202900
42750,350,1000,"bu","11:24:01",1200900
42750,350,3000,"bu","11:24:01",1199900
42700,300,100,"sd","11:23:57",1196900
42700,300,100,"sd","11:23:06",1196800
42700,300,300,"sd","11:23:06",1196700
42700,300,800,"sd","11:23:06",1196400
42700,300,100,"sd","11:22:43",1195600
42700,300,100,"sd","11:22:13",1195500
42700,300,100,"sd","11:21:29",1195400
42700,300,200,"sd","11:21:06",1195300
42700,300,100,"sd","11:20:54",1195100
42700,300,1000,"sd","11:20:54",1195000
42700,300,200,"sd","11:20:54",1194000
42700,300,700,"sd","11:20:54",1193800
42750,350,300,"bu","11:20:41",1193100
42750,350,200,"bu","11:20:24",1192800
42750,350,100,"bu","11:20:13",1192600
42750,350,300,"bu","11:20:05",1192500
42750,350,100,"bu","11:19:50",1192200
42700,300,200,"sd","11:19:33",1192100
42700,300,100,"sd","11:19:01",1191900
42700,300,100,"sd","11:18:46",1191800
42700,300,100,"sd","11:17:47",1191700
42700,300,100,"bu","11:17:45",1191600
42700,300,100,"bu","11:17:45",1191500
42700,300,100,"bu","11:17:45",1191400
42700,300,200,"bu","11:17:44",1191300
42700,300,200,"bu","11:17:41",1191100
42700,300,1000,"bu","11:17:41",1190900
42700,300,300,"bu","11:17:23",1189900
42700,300,300,"bu","11:17:05",1189600
42700,300,100,"bu","11:17:01",1189300
42700,300,800,"bu","11:17:01",1189200
42700,300,200,"bu","11:17:01",1188400
42650,250,500,"sd","11:16:50",1188200
42700,300,1700,"bu","11:16:49",1187700
42700,300,300,"bu","11:16:49",1186000
42700,300,200,"bu","11:16:47",1185700
42700,300,300,"bu","11:16:45",1185500
42700,300,2000,"bu","11:16:44",1185200
42700,300,200,"sd","11:16:43",1183200
42700,300,100,"sd","11:16:34",1183000
42700,300,100,"bu","11:16:26",1182900
42700,300,700,"bu","11:16:24",1182800
42700,300,200,"sd","11:16:23",1182100
42700,300,300,"sd","11:16:23",1181900
42700,300,200,"sd","11:16:23",1181600
42700,300,300,"sd","11:16:23",1181400
42700,300,300,"sd","11:16:23",1181100
42700,300,200,"sd","11:16:23",1180800
42700,300,200,"sd","11:16:23",1180600
42700,300,500,"sd","11:16:23",1180400
42700,300,300,"sd","11:16:23",1179900
42700,300,200,"sd","11:16:23",1179600
42700,300,300,"sd","11:16:23",1179400
42700,300,200,"sd","11:16:23",1179100
42700,300,200,"sd","11:16:23",1178900
42700,300,300,"sd","11:16:23",1178700
42700,300,300,"sd","11:16:22",1178400
42700,300,200,"sd","11:16:22",1178100
42700,300,600,"sd","11:16:03",1177900
42700,300,100,"sd","11:16:03",1177300
42700,300,100,"sd","11:15:35",1177200
42700,300,100,"sd","11:15:20",1177100
42700,300,100,"sd","11:15:20",1177000
42700,300,200,"sd","11:14:52",1176900
42700,300,100,"sd","11:14:06",1176700
42700,300,100,"sd","11:13:32",1176600
42700,300,800,"sd","11:13:32",1176500
42700,300,300,"sd","11:13:32",1175700
42700,300,300,"sd","11:13:32",1175400
42700,300,100,"sd","11:12:52",1175100
42700,300,100,"bu","11:11:54",1175000
42700,300,100,"bu","11:11:54",1174900
42700,300,900,"bu","11:11:54",1174800
42700,300,300,"bu","11:11:50",1173900
42700,300,2000,"bu","11:11:47",1173600
42700,300,200,"bu","11:11:42",1171600
42700,300,100,"bu","11:11:42",1171400
42700,300,400,"bu","11:11:40",1171300
42700,300,300,"bu","11:11:39",1170900
42700,300,2000,"bu","11:11:38",1170600
42700,300,300,"bu","11:11:23",1168600
42700,300,100,"bu","11:11:21",1168300
42700,300,600,"bu","11:11:19",1168200
42700,300,3400,"bu","11:11:17",1167600
42700,300,1900,"sd","11:11:15",1164200
42700,300,300,"sd","11:11:15",1162300
42700,300,200,"sd","11:11:15",1162000
42700,300,300,"sd","11:11:15",1161800
42700,300,200,"sd","11:11:15",1161500
42700,300,300,"sd","11:11:15",1161300
42700,300,200,"sd","11:11:15",1161000
42700,300,200,"sd","11:11:15",1160800
42700,300,10000,"sd","11:11:15",1160600
42700,300,300,"sd","11:11:15",1150600
42700,300,300,"sd","11:11:15",1150300
42700,300,300,"sd","11:11:15",1150000
42700,300,400,"sd","11:11:15",1149700
42700,300,300,"sd","11:11:15",1149300
42700,300,500,"sd","11:11:15",1149000
42700,300,300,"sd","11:11:15",1148500
42700,300,3000,"sd","11:11:15",1148200
42700,300,400,"sd","11:11:15",1145200
42700,300,100,"sd","11:10:25",1144800
42700,300,100,"sd","11:09:11",1144700
42700,300,100,"sd","11:08:27",1144600
42700,300,100,"sd","11:07:57",1144500
42700,300,100,"sd","11:06:44",1144400
42700,300,1800,"sd","11:06:26",1144300
42750,350,200,"sd","11:06:26",1142500
42750,350,1000,"sd","11:06:26",1142300
42750,350,3000,"bu","11:06:14",1141300
42700,300,900,"sd","11:06:14",1138300
42700,300,200,"sd","11:06:14",1137400
42700,300,100,"sd","11:06:14",1137200
42700,300,600,"sd","11:06:14",1137100
42700,300,1100,"sd","11:06:14",1136500
42700,300,100,"sd","11:06:14",1135400
42750,350,400,"bu","11:06:05",1135300
42750,350,2400,"bu","11:06:03",1134900
42750,350,300,"sd","11:06:02",1132500
42750,350,1000,"sd","11:06:02",1132200
42750,350,600,"sd","11:06:02",1131200
42750,350,10000,"sd","11:06:02",1130600
42750,350,300,"sd","11:06:02",1120600
42750,350,200,"sd","11:06:02",1120300
42750,350,300,"sd","11:06:02",1120100
42750,350,200,"sd","11:06:02",1119800
42750,350,800,"sd","11:06:02",1119600
42750,350,4200,"sd","11:05:56",1118800
42800,400,300,"sd","11:05:56",1114600
42800,400,1200,"sd","11:05:56",1114300
42800,400,100,"bu","11:05:53",1113100
42800,400,100,"bu","11:05:53",1113000
42800,400,100,"bu","11:05:53",1112900
42800,400,500,"bu","11:05:53",1112800
42800,400,1000,"bu","11:05:53",1112300
42800,400,200,"bu","11:05:40",1111300
42800,400,300,"bu","11:05:23",1111100
42800,400,300,"bu","11:05:05",1110800
42800,400,200,"bu","11:04:46",1110500
42800,400,300,"bu","11:04:28",1110300
42800,400,300,"bu","11:04:11",1110000
42800,400,200,"bu","11:04:10",1109700
42800,400,200,"bu","11:04:10",1109500
42800,400,1300,"bu","11:04:10",1109300
42750,350,100,"sd","11:03:59",1108000
42750,350,100,"sd","11:03:42",1107900
42750,350,100,"sd","11:03:02",1107800
42750,350,2000,"bu","11:02:47",1107700
42750,350,1900,"bu","11:02:47",1105700
42750,350,1000,"bu","11:02:47",1103800
42700,300,800,"sd","11:02:29",1102800
42700,300,1600,"sd","11:02:25",1102000
42700,300,500,"sd","11:02:25",1100400
42700,300,300,"sd","11:02:24",1099900
42700,300,900,"sd","11:02:24",1099600
42700,300,300,"sd","11:02:24",1098700
42700,300,300,"sd","11:02:24",1098400
42700,300,300,"sd","11:02:24",1098100
42700,300,200,"sd","11:02:24",1097800
42700,300,200,"sd","11:02:24",1097600
42700,300,400,"sd","11:02:24",1097400
42700,300,300,"sd","11:02:16",1097000
42700,300,1000,"sd","11:02:13",1096700
42700,300,1000,"sd","11:02:07",1095700
42700,300,100,"sd","11:02:07",1094700
42700,300,200,"sd","11:02:07",1094600
42700,300,500,"sd","11:02:07",1094400
42700,300,1200,"sd","11:02:07",1093900
42700,300,2000,"sd","11:02:02",1092700
42700,300,100,"sd","11:01:48",1090700
42700,300,200,"sd","11:01:34",1090600
42700,300,300,"sd","11:01:34",1090400
42700,300,300,"sd","11:01:34",1090100
42700,300,300,"sd","11:01:34",1089800
42700,300,400,"sd","11:01:34",1089500
42700,300,100,"sd","11:01:34",1089100
42700,300,2000,"sd","11:01:17",1089000
42700,300,500,"sd","11:01:17",1087000
42700,300,100,"sd","11:01:01",1086500
42700,300,3000,"sd","11:00:58",1086400
42750,350,900,"bu","11:00:57",1083400
42750,350,3000,"bu","11:00:57",1082500
42750,350,6100,"bu","11:00:57",1079500
42700,300,3000,"sd","11:00:49",1073400
42750,350,100,"bu","11:00:49",1070400
42700,300,100,"sd","11:00:35",1070300
42700,300,400,"sd","11:00:03",1070200
42700,300,100,"sd","10:59:48",1069800
42700,300,300,"sd","10:59:43",1069700
42700,300,200,"sd","10:59:43",1069400
42700,300,500,"sd","10:59:43",1069200
42700,300,1000,"sd","10:59:43",1068700
42700,300,300,"sd","10:59:34",1067700
42700,300,500,"sd","10:59:34",1067400
42700,300,600,"sd","10:59:34",1066900
42700,300,800,"sd","10:59:34",1066300
42700,300,300,"sd","10:59:34",1065500
42700,300,500,"sd","10:59:34",1065200
42700,300,400,"sd","10:59:31",1064700
42700,300,500,"sd","10:59:31",1064300
42700,300,9100,"sd","10:59:31",1063800
42700,300,2000,"sd","10:59:27",1054700
42700,300,3000,"sd","10:59:25",1052700
42700,300,100,"sd","10:59:21",1049700
42700,300,3000,"sd","10:59:16",1049600
42700,300,300,"sd","10:59:15",1046600
42700,300,2800,"sd","10:59:15",1046300
42700,300,200,"sd","10:59:15",1043500
42700,300,200,"sd","10:59:15",1043300
42700,300,2200,"sd","10:59:15",1043100
42750,350,400,"bu","10:59:13",1040900
42750,350,2500,"bu","10:59:12",1040500
42700,300,1800,"sd","10:59:07",1038000
42700,300,100,"sd","10:59:07",1036200
42750,350,1300,"bu","10:59:05",1036100
42750,350,200,"sd","10:59:04",1034800
42750,350,500,"sd","10:59:04",1034600
42750,350,300,"sd","10:59:04",1034100
42750,350,200,"sd","10:59:04",1033800
42750,350,200,"sd","10:59:04",1033600
42750,350,1000,"sd","10:59:04",1033400
42750,350,300,"sd","10:59:04",1032400
42750,350,100,"sd","10:59:04",1032100
42750,350,4600,"sd","10:59:04",1032000
42750,350,2200,"sd","10:58:58",1027400
42750,350,100,"sd","10:58:58",1025200
42750,350,700,"sd","10:58:58",1025100
42750,350,100,"sd","10:58:07",1024400
42750,350,100,"sd","10:58:07",1024300
42750,350,100,"sd","10:57:55",1024200
42900,500,200,"bu","10:57:52",1024100
42900,500,300,"bu","10:57:35",1023900
42900,500,400,"bu","10:57:19",1023600
42900,500,600,"bu","10:57:18",1023200
42900,500,1000,"bu","10:57:18",1022600
42900,500,500,"bu","10:57:17",1021600
42900,500,2000,"bu","10:57:17",1021100
42900,500,500,"bu","10:57:17",1019100
42900,500,1900,"bu","10:57:17",1018600
42900,500,1000,"bu","10:57:17",1016700
42900,500,1000,"bu","10:57:17",1015700
42900,500,1200,"bu","10:57:17",1014700
42900,500,200,"bu","10:57:17",1013500
42900,500,1000,"bu","10:57:17",1013300
42900,500,100,"bu","10:57:17",1012300
42900,500,100,"bu","10:57:17",1012200
42900,500,500,"bu","10:57:17",1012100
42700,300,100,"sd","10:56:53",1011600
42700,300,100,"sd","10:56:27",1011500
42900,500,300,"bu","10:56:22",1011400
42900,500,300,"bu","10:56:05",1011100
42900,500,200,"bu","10:55:47",1010800
42900,500,100,"bu","10:55:47",1010600
42900,500,900,"bu","10:55:47",1010500
42900,500,200,"bu","10:55:46",1009600
42900,500,100,"bu","10:55:29",1009400
42900,500,300,"bu","10:55:29",1009300
42900,500,300,"bu","10:55:27",1009000
42900,500,1800,"bu","10:55:26",1008700
42900,500,400,"bu","10:55:24",1006900
42900,500,100,"bu","10:55:24",1006500
42900,500,100,"bu","10:55:24",1006400
42900,500,100,"bu","10:55:24",1006300
42900,500,1900,"bu","10:55:24",1006200
42900,500,500,"bu","10:55:24",1004300
42900,500,100,"bu","10:55:24",1003800
42900,500,100,"bu","10:55:24",1003700
42900,500,100,"bu","10:55:24",1003600
42900,500,100,"bu","10:55:24",1003500
42900,500,3000,"bu","10:55:24",1003400
42900,500,100,"bu","10:55:24",1000400
42900,500,100,"bu","10:55:24",1000300
42900,500,500,"bu","10:55:24",1000200
42900,500,300,"bu","10:55:24",999700
42900,500,100,"bu","10:55:24",999400
42850,450,100,"bu","10:55:24",999300
42850,450,2000,"bu","10:55:24",999200
42900,500,200,"bu","10:55:24",997200
42900,500,100,"bu","10:55:24",997000
42650,250,1000,"sd","10:55:00",996900
42650,250,400,"sd","10:55:00",995900
42650,250,1600,"sd","10:55:00",995500
42650,250,1000,"sd","10:55:00",993900
42700,300,3000,"unknown","10:55:00",992900
42700,300,2000,"unknown","10:55:00",989900
42700,300,1000,"unknown","10:55:00",987900
42900,500,300,"bu","10:54:53",986900
42900,500,200,"bu","10:54:34",986600
42900,500,300,"bu","10:54:16",986400
42900,500,200,"bu","10:53:59",986100
42900,500,300,"bu","10:53:40",985900
42900,500,200,"bu","10:53:22",985600
42900,500,300,"bu","10:53:03",985400
42900,500,200,"bu","10:52:45",985100
42900,500,100,"bu","10:52:27",984900
42900,500,200,"bu","10:52:27",984800
42900,500,100,"bu","10:52:25",984600
42900,500,200,"bu","10:52:25",984500
42900,500,1800,"bu","10:52:23",984300
42900,500,100,"bu","10:52:22",982500
42900,500,1000,"bu","10:52:22",982400
42900,500,500,"bu","10:52:22",981400
42900,500,100,"bu","10:52:22",980900
42900,500,2500,"bu","10:52:22",980800
42900,500,2500,"bu","10:52:22",978300
42900,500,200,"bu","10:52:22",975800
42900,500,1900,"bu","10:52:22",975600
42900,500,100,"bu","10:52:22",973700
42900,500,1000,"bu","10:52:22",973600
42900,500,100,"bu","10:52:22",972600
42900,500,200,"bu","10:52:09",972500
42900,500,100,"bu","10:52:01",972300
42900,500,300,"bu","10:51:51",972200
42900,500,200,"bu","10:51:34",971900
42900,500,300,"bu","10:51:15",971700
42900,500,300,"bu","10:51:11",971400
42900,500,300,"bu","10:51:10",971100
42900,500,1900,"bu","10:51:09",970800
42900,500,1300,"bu","10:51:07",968900
42900,500,100,"bu","10:51:07",967600
42900,500,400,"bu","10:51:07",967500
42900,500,100,"bu","10:51:07",967100
42900,500,1600,"bu","10:51:07",967000
42900,500,900,"bu","10:51:07",965400
42900,500,100,"bu","10:51:07",964500
42900,500,400,"bu","10:51:07",964400
42900,500,1500,"bu","10:51:07",964000
42900,500,200,"bu","10:51:07",962500
42900,500,400,"bu","10:51:07",962300
42850,450,1900,"bu","10:51:07",961900
42900,500,800,"bu","10:51:07",960000
42850,450,600,"bu","10:51:07",959200
42900,500,500,"bu","10:51:07",958600
42900,500,1000,"bu","10:51:07",958100
42650,250,200,"sd","10:51:03",957100
42850,450,100,"bu","10:50:59",956900
42850,450,200,"bu","10:50:57",956800
42850,450,900,"bu","10:50:57",956600
42850,450,1200,"bu","10:50:56",955700
42850,450,1900,"bu","10:50:56",954500
42850,450,1900,"bu","10:50:56",952600
42650,250,9000,"sd","10:50:50",950700
42650,250,100,"sd","10:50:45",941700
42600,200,100,"sd","10:49:52",941600
42650,250,300,"unknown","10:49:52",941500
42650,250,300,"sd","10:49:52",941200
42650,250,500,"sd","10:49:52",940900
42650,250,1800,"sd","10:49:52",940400
42650,250,400,"sd","10:49:45",938600
42650,250,500,"sd","10:49:45",938200
42650,250,1000,"sd","10:49:45",937700
42650,250,2000,"sd","10:49:41",936700
42650,250,200,"sd","10:49:41",934700
42700,300,500,"sd","10:49:41",934500
42700,300,200,"sd","10:49:41",934000
42700,300,100,"sd","10:49:41",933800
42700,300,400,"sd","10:49:33",933700
42700,300,500,"sd","10:49:33",933300
42700,300,2000,"sd","10:49:33",932800
42700,300,100,"sd","10:49:33",930800
42700,300,100,"sd","10:49:31",930700
42700,300,900,"sd","10:49:22",930600
42700,300,300,"sd","10:49:22",929700
42700,300,200,"sd","10:49:22",929400
42700,300,300,"sd","10:49:22",929200
42700,300,200,"sd","10:49:22",928900
42700,300,300,"sd","10:49:22",928700
42700,300,200,"sd","10:49:22",928400
42700,300,200,"sd","10:49:22",928200
42700,300,300,"sd","10:49:22",928000
42700,300,100,"sd","10:49:22",927700
42700,300,400,"sd","10:49:10",927600
42700,300,100,"sd","10:49:10",927200
42700,300,100,"sd","10:49:10",927100
42700,300,100,"sd","10:49:10",927000
42700,300,2200,"sd","10:49:10",926900
42800,400,100,"sd","10:49:10",924700
42800,400,200,"bu","10:49:09",924600
42800,400,200,"bu","10:48:51",924400
42800,400,100,"bu","10:48:39",924200
42800,400,100,"bu","10:48:39",924100
42800,400,200,"bu","10:48:39",924000
42800,400,100,"bu","10:48:39",923800
42800,400,1700,"bu","10:48:38",923700
42800,400,100,"bu","10:48:38",922000
42800,400,200,"bu","10:48:38",921900
42800,400,1300,"bu","10:48:37",921700
42800,400,300,"bu","10:48:33",920400
42800,400,200,"bu","10:48:15",920100
42800,400,200,"bu","10:47:57",919900
42800,400,100,"bu","10:47:57",919700
42800,400,200,"bu","10:47:39",919600
42800,400,100,"bu","10:47:23",919400
42700,300,100,"sd","10:47:03",919300
42700,300,100,"sd","10:45:51",919200
42700,300,1600,"sd","10:45:26",919100
42700,300,300,"sd","10:45:26",917500
42750,350,500,"sd","10:45:26",917200
42750,350,600,"sd","10:45:26",916700
42750,350,300,"sd","10:45:16",916100
42750,350,1000,"sd","10:45:16",915800
42750,350,1000,"sd","10:45:16",914800
42800,400,200,"sd","10:45:16",913800
42800,400,500,"sd","10:45:16",913600
42800,400,1500,"sd","10:45:04",913100
42800,400,700,"sd","10:45:04",911600
42800,400,200,"sd","10:45:04",910900
42800,400,300,"sd","10:45:04",910700
42800,400,300,"sd","10:45:04",910400
42900,500,100,"bu","10:44:57",910100
42900,500,100,"bu","10:44:57",910000
42900,500,100,"bu","10:44:57",909900
42900,500,300,"sd","10:44:43",909800
42900,500,100,"sd","10:44:40",909500
42900,500,100,"sd","10:44:37",909400
42900,500,100,"sd","10:44:36",909300
42900,500,100,"sd","10:44:25",909200
42900,500,800,"sd","10:44:24",909100
42900,500,300,"sd","10:44:24",908300
42900,500,100,"sd","10:44:22",908000
42900,500,100,"sd","10:44:12",907900
42900,500,4500,"bu","10:44:07",907800
42900,500,300,"bu","10:44:03",903300
42900,500,200,"sd","10:43:56",903000
42900,500,500,"sd","10:43:52",902800
42900,500,400,"sd","10:43:33",902300
42900,500,1600,"sd","10:43:33",901900
42900,500,1000,"sd","10:43:33",900300
42900,500,100,"bu","10:43:29",899300
42900,500,2300,"bu","10:43:29",899200
42900,500,300,"bu","10:43:27",896900
42900,500,100,"bu","10:43:23",896600
42900,500,900,"bu","10:43:22",896500
42900,500,2100,"bu","10:43:20",895600
42900,500,100,"bu","10:43:20",893500
42900,500,2000,"bu","10:43:20",893400
42900,500,800,"bu","10:43:20",891400
42900,500,200,"bu","10:43:09",890600
42900,500,100,"bu","10:43:09",890400
42900,500,900,"bu","10:43:07",890300
42900,500,100,"bu","10:43:07",889400
42900,500,5700,"bu","10:43:06",889300
42900,500,300,"bu","10:43:06",883600
42900,500,300,"bu","10:42:51",883300
42900,500,300,"bu","10:42:47",883000
42900,500,200,"sd","10:42:46",882700
42900,500,700,"sd","10:42:46",882500
42900,500,700,"sd","10:42:46",881800
42900,500,500,"sd","10:42:46",881100
42900,500,100,"bu","10:42:23",880600
42900,500,100,"bu","10:42:23",880500
42900,500,4300,"bu","10:42:23",880400
42900,500,100,"bu","10:42:19",876100
42900,500,900,"bu","10:42:17",876000
42900,500,300,"bu","10:42:15",875100
42900,500,100,"bu","10:42:15",874800
42900,500,100,"bu","10:42:15",874700
42900,500,2000,"bu","10:42:15",874600
42900,500,100,"bu","10:42:15",872600
42900,500,1900,"bu","10:42:15",872500
42900,500,500,"bu","10:42:15",870600
42900,500,300,"bu","10:42:15",870100
42900,500,200,"bu","10:41:57",869800
42900,500,100,"sd","10:41:52",869600
42900,500,100,"sd","10:41:51",869500
42900,500,100,"sd","10:41:47",869400
42900,500,100,"sd","10:41:47",869300
42900,500,300,"sd","10:41:47",869200
42900,500,100,"sd","10:41:42",868900
42900,500,500,"sd","10:41:38",868800
42900,500,200,"bu","10:41:36",868300
42900,500,100,"bu","10:41:36",868100
42900,500,400,"bu","10:41:36",868000
42900,500,200,"bu","10:41:23",867600
42900,500,200,"sd","10:41:22",867400
42900,500,200,"sd","10:41:22",867200
42900,500,100,"sd","10:41:21",867000
42900,500,1000,"sd","10:41:21",866900
42900,500,100,"sd","10:41:12",865900
42900,500,300,"sd","10:41:09",865800
42900,500,100,"sd","10:41:07",865500
42900,500,300,"bu","10:41:03",865400
42900,500,700,"bu","10:41:01",865100
42900,500,1000,"bu","10:41:01",864400
42900,500,3000,"bu","10:41:01",863400
42900,500,100,"bu","10:41:01",860400
42900,500,100,"bu","10:41:01",860300
42900,500,5000,"bu","10:41:01",860200
42850,450,100,"bu","10:41:01",855200
42800,400,100,"sd","10:40:54",855100
42800,400,100,"sd","10:40:54",855000
42800,400,1900,"bu","10:40:16",854900
42800,400,300,"bu","10:40:16",853000
42800,400,200,"bu","10:40:10",852700
42800,400,100,"bu","10:39:53",852500
42800,400,300,"bu","10:39:51",852400
42800,400,700,"bu","10:39:51",852100
42800,400,300,"sd","10:39:51",851400
42800,400,1000,"sd","10:39:51",851100
42800,400,400,"sd","10:39:51",850100
42800,400,200,"sd","10:39:51",849700
42800,400,200,"sd","10:39:50",849500
42900,500,200,"sd","10:39:50",849300
42900,500,1600,"sd","10:39:50",849100
42900,500,200,"sd","10:39:50",847500
42900,500,300,"sd","10:39:47",847300
42900,500,100,"sd","10:39:42",847000
42900,500,3000,"bu","10:39:19",846900
42900,500,500,"bu","10:39:19",843900
42900,500,1300,"bu","10:39:19",843400
42900,500,1000,"bu","10:39:19",842100
42900,500,3600,"bu","10:39:19",841100
42800,400,100,"sd","10:39:14",837500
42900,500,500,"bu","10:39:12",837400
42900,500,2500,"bu","10:39:09",836900
42850,450,500,"bu","10:39:09",834400
42900,500,3400,"bu","10:39:08",833900
42900,500,100,"bu","10:39:08",830500
42900,500,300,"bu","10:39:08",830400
42900,500,1900,"bu","10:39:08",830100
42900,500,200,"bu","10:39:08",828200
42900,500,400,"bu","10:39:08",828000
42900,500,3000,"bu","10:39:08",827600
42850,450,600,"bu","10:39:08",824600
42900,500,500,"bu","10:39:08",824000
42850,450,1000,"bu","10:39:08",823500
42850,450,1800,"bu","10:39:08",822500
42900,500,100,"bu","10:39:08",820700
42900,500,500,"bu","10:39:08",820600
42900,500,2000,"bu","10:39:08",820100
42900,500,1200,"bu","10:39:08",818100
42850,450,200,"bu","10:38:57",816900
42850,450,100,"bu","10:38:57",816700
42900,500,100,"bu","10:38:39",816600
42900,500,100,"bu","10:38:39",816500
42900,500,300,"bu","10:38:21",816400
42900,500,200,"bu","10:38:03",816100
42900,500,300,"bu","10:37:46",815900
42900,500,200,"bu","10:37:27",815600
42900,500,100,"bu","10:37:18",815400
42900,500,100,"sd","10:37:17",815300
42900,500,200,"sd","10:37:15",815200
42900,500,300,"sd","10:37:15",815000
42900,500,400,"sd","10:37:15",814700
42900,500,100,"sd","10:37:15",814300
42900,500,200,"sd","10:37:14",814200
42900,500,100,"sd","10:37:13",814000
42900,500,2000,"sd","10:37:10",813900
42900,500,2600,"bu","10:37:01",811900
42900,500,400,"bu","10:36:53",809300
42900,500,200,"sd","10:36:52",808900
42900,500,300,"sd","10:36:52",808700
42900,500,200,"sd","10:36:52",808400
42900,500,300,"sd","10:36:52",808200
42900,500,1700,"sd","10:36:52",807900
42900,500,2000,"sd","10:36:39",806200
42900,500,100,"bu","10:36:32",804200
42900,500,1000,"bu","10:36:32",804100
42900,500,100,"bu","10:36:32",803100
42900,500,100,"bu","10:36:32",803000
42900,500,100,"bu","10:36:14",802900
42900,500,100,"bu","10:36:14",802800
42900,500,300,"bu","10:35:57",802700
42900,500,100,"bu","10:35:49",802400
42900,500,300,"sd","10:35:49",802300
42900,500,200,"sd","10:35:49",802000
42900,500,100,"sd","10:35:49",801800
42900,500,200,"sd","10:35:46",801700
42900,500,200,"sd","10:35:46",801500
42900,500,100,"sd","10:35:46",801300
42900,500,100,"sd","10:35:44",801200
42900,500,100,"sd","10:35:40",801100
42900,500,800,"sd","10:35:40",801000
42900,500,1100,"sd","10:35:40",800200
42900,500,100,"sd","10:35:29",799100
42900,500,100,"sd","10:35:10",799000
42900,500,100,"sd","10:35:02",798900
42900,500,2000,"sd","10:34:57",798800
42900,500,200,"sd","10:34:52",796800
42900,500,100,"sd","10:34:51",796600
42900,500,4300,"sd","10:34:51",796500
42900,500,500,"bu","10:34:49",792200
42900,500,100,"bu","10:34:47",791700
42900,500,800,"bu","10:34:45",791600
42900,500,300,"sd","10:34:44",790800
42900,500,200,"sd","10:34:44",790500
42900,500,200,"sd","10:34:44",790300
42900,500,500,"sd","10:34:44",790100
42900,500,300,"sd","10:34:44",789600
42900,500,2800,"sd","10:34:44",789300
42900,500,200,"sd","10:34:44",786500
42900,500,100,"sd","10:34:42",786300
42900,500,100,"sd","10:34:32",786200
42900,500,1800,"bu","10:34:15",786100
42900,500,300,"bu","10:34:11",784300
42900,500,300,"bu","10:34:10",784000
42900,500,200,"sd","10:34:10",783700
42900,500,700,"sd","10:34:10",783500
42900,500,900,"sd","10:34:10",782800
42900,500,100,"sd","10:34:01",781900
42900,500,100,"bu","10:33:40",781800
42900,500,3900,"bu","10:33:40",781700
42900,500,300,"bu","10:33:35",777800
42900,500,300,"sd","10:33:34",777500
42900,500,300,"sd","10:33:34",777200
42900,500,200,"sd","10:33:34",776900
42900,500,600,"sd","10:33:34",776700
42900,500,400,"sd","10:33:34",776100
42900,500,100,"sd","10:33:32",775700
42900,500,500,"bu","10:33:10",775600
42900,500,4000,"bu","10:33:10",775100
42900,500,100,"bu","10:33:05",771100
42900,500,1100,"bu","10:33:03",771000
42900,500,100,"bu","10:33:03",769900
42900,500,500,"bu","10:33:03",769800
42900,500,400,"bu","10:33:03",769300
42900,500,1000,"bu","10:33:03",768900
42900,500,500,"bu","10:33:03",767900
42900,500,2000,"bu","10:33:03",767400
42900,500,500,"bu","10:33:03",765400
42800,400,300,"sd","10:33:02",764900
42800,400,300,"sd","10:33:02",764600
42800,400,200,"sd","10:33:02",764300
42800,400,500,"sd","10:33:02",764100
42800,400,100,"sd","10:33:02",763600
42800,400,100,"sd","10:32:59",763500
42800,400,100,"sd","10:32:39",763400
42800,400,600,"sd","10:32:39",763300
42850,450,1500,"sd","10:32:39",762700
42900,500,300,"sd","10:32:39",761200
42900,500,600,"sd","10:32:39",760900
42900,500,300,"sd","10:32:38",760300
42900,500,3000,"bu","10:32:35",760000
42900,500,200,"bu","10:32:35",757000
42900,500,100,"bu","10:32:35",756800
42900,500,1700,"bu","10:32:35",756700
42900,500,100,"bu","10:32:22",755000
42900,500,200,"sd","10:32:22",754900
42900,500,100,"sd","10:32:18",754700
42900,500,100,"sd","10:32:17",754600
42900,500,900,"sd","10:32:17",754500
42900,500,200,"sd","10:32:14",753600
42900,500,500,"sd","10:32:12",753400
42900,500,1000,"sd","10:32:12",752900
42900,500,9000,"bu","10:32:09",751900
42800,400,600,"sd","10:31:36",742900
42800,400,100,"sd","10:31:36",742300
42800,400,900,"sd","10:31:36",742200
42800,400,400,"sd","10:31:36",741300
42800,400,600,"sd","10:31:36",740900
42900,500,300,"sd","10:31:36",740300
42900,500,100,"sd","10:31:35",740000
42900,500,100,"sd","10:31:33",739900
42900,500,400,"sd","10:31:33",739800
42900,500,4600,"bu","10:31:32",739400
42900,500,100,"bu","10:31:32",734800
42900,500,300,"bu","10:31:32",734700
42850,450,300,"sd","10:31:21",734400
42850,450,900,"sd","10:31:21",734100
42800,400,300,"sd","10:31:21",733200
42800,400,100,"sd","10:31:21",732900
42850,450,1000,"sd","10:31:21",732800
42850,450,500,"sd","10:31:21",731800
42850,450,300,"sd","10:31:21",731300
42900,500,1000,"sd","10:31:09",731000
42900,500,100,"sd","10:31:09",730000
42900,500,200,"sd","10:31:09",729900
42850,450,600,"sd","10:31:09",729700
42900,500,200,"sd","10:31:09",729100
42900,500,300,"sd","10:31:09",728900
42900,500,500,"sd","10:31:09",728600
42900,500,100,"sd","10:31:04",728100
42900,500,300,"sd","10:30:44",728000
42900,500,300,"sd","10:30:44",727700
42900,500,100,"sd","10:30:44",727400
42900,500,2300,"sd","10:30:44",727300
42900,500,300,"sd","10:30:43",725000
42900,500,1000,"sd","10:30:36",724700
42900,500,100,"sd","10:30:35",723700
42900,500,500,"sd","10:30:16",723600
42900,500,100,"unknown","10:29:51",723100
42900,500,700,"unknown","10:29:51",723000
42900,500,100,"bu","10:29:45",722300
42900,500,900,"bu","10:29:43",722200
42900,500,300,"sd","10:29:41",721300
42900,500,4700,"bu","10:29:41",721000
42900,500,200,"bu","10:29:38",716300
42900,500,100,"sd","10:29:33",716100
42900,500,200,"bu","10:29:20",716000
42900,500,200,"bu","10:29:13",715800
42900,500,200,"sd","10:29:13",715600
42900,500,1400,"sd","10:29:13",715400
42900,500,100,"sd","10:29:10",714000
42900,500,200,"sd","10:29:06",713900
42900,500,300,"sd","10:29:06",713700
42900,500,100,"sd","10:28:59",713400
42900,500,500,"sd","10:28:51",713300
42900,500,100,"sd","10:28:46",712800
42900,500,5000,"sd","10:28:46",712700
42900,500,300,"sd","10:28:46",707700
42900,500,1000,"sd","10:28:46",707400
42900,500,3100,"sd","10:28:46",706400
42850,450,100,"sd","10:28:37",703300
42850,450,100,"sd","10:28:37",703200
42900,500,1900,"bu","10:28:36",703100
42900,500,200,"bu","10:28:36",701200
42900,500,2900,"bu","10:28:36",701000
42850,450,200,"sd","10:28:15",698100
42850,450,300,"sd","10:27:47",697900
42850,450,100,"sd","10:27:47",697600
42900,500,100,"sd","10:27:38",697500
42900,500,100,"sd","10:27:38",697400
42900,500,100,"sd","10:27:23",697300
42900,500,300,"bu","10:27:19",697200
42900,500,200,"sd","10:27:19",696900
42900,500,200,"bu","10:27:18",696700
42900,500,100,"bu","10:27:18",696500
42900,500,300,"bu","10:27:18",696400
42900,500,500,"bu","10:27:17",696100
42900,500,1100,"bu","10:27:17",695600
42900,500,100,"bu","10:27:17",694500
42900,500,500,"bu","10:27:17",694400
42900,500,100,"bu","10:27:17",693900
42900,500,2400,"bu","10:27:17",693800
42900,500,1000,"bu","10:27:17",691400
42900,500,500,"bu","10:27:17",690400
42900,500,300,"bu","10:27:17",689900
42900,500,100,"bu","10:27:17",689600
42900,500,100,"bu","10:27:17",689500
42900,500,3400,"bu","10:27:17",689400
42900,500,100,"bu","10:27:17",686000
42900,500,100,"bu","10:27:17",685900
42900,500,100,"bu","10:27:17",685800
42900,500,100,"bu","10:27:17",685700
42900,500,300,"bu","10:27:05",685600
42900,500,100,"bu","10:27:04",685300
42900,500,1900,"bu","10:27:03",685200
42900,500,800,"bu","10:27:02",683300
42900,500,500,"bu","10:27:01",682500
42900,500,5000,"bu","10:27:01",682000
42900,500,4500,"bu","10:27:01",677000
42900,500,200,"bu","10:26:58",672500
42900,500,100,"bu","10:26:56",672300
42900,500,200,"bu","10:26:55",672200
42900,500,200,"bu","10:26:55",672000
42900,500,300,"bu","10:26:55",671800
42900,500,400,"bu","10:26:55",671500
42900,500,200,"bu","10:26:55",671100
42900,500,5000,"bu","10:26:54",670900
42900,500,100,"bu","10:26:35",665900
42900,500,900,"bu","10:26:33",665800
42900,500,200,"bu","10:26:33",664900
42900,500,100,"bu","10:26:32",664700
42900,500,3000,"bu","10:26:32",664600
42900,500,100,"bu","10:26:32",661600
42900,500,200,"bu","10:26:32",661500
42900,500,100,"bu","10:26:31",661300
42900,500,1600,"bu","10:26:31",661200
42850,450,500,"sd","10:26:27",659600
42850,450,100,"sd","10:26:25",659100
42850,450,300,"bu","10:26:22",659000
42850,450,400,"bu","10:26:20",658700
42850,450,100,"sd","10:26:19",658300
42850,450,800,"sd","10:26:19",658200
42900,500,300,"bu","10:26:19",657400
42850,450,3400,"sd","10:26:19",657100
42900,500,600,"bu","10:26:19",653700
42900,500,400,"bu","10:26:19",653100
42900,500,4000,"bu","10:26:18",652700
42900,500,100,"bu","10:26:18",648700
42900,500,500,"bu","10:26:18",648600
42900,500,100,"bu","10:26:18",648100
42900,500,300,"bu","10:26:18",648000
42850,450,400,"sd","10:26:18",647700
42850,450,100,"sd","10:26:09",647300
42850,450,1000,"bu","10:26:05",647200
42850,450,100,"bu","10:26:05",646200
42850,450,300,"sd","10:25:55",646100
42850,450,100,"sd","10:25:55",645800
42850,450,100,"sd","10:25:55",645700
42850,450,100,"sd","10:25:53",645600
42850,450,400,"sd","10:25:53",645500
42850,450,2000,"sd","10:25:53",645100
42850,450,400,"sd","10:25:38",643100
42850,450,100,"sd","10:25:34",642700
42850,450,100,"sd","10:25:28",642600
42850,450,1000,"sd","10:25:17",642500
42850,450,100,"sd","10:24:56",641500
42850,450,300,"sd","10:24:51",641400
42850,450,600,"bu","10:24:39",641100
42850,450,100,"bu","10:24:35",640500
42850,450,600,"bu","10:24:33",640400
42850,450,200,"bu","10:24:33",639800
42850,450,100,"sd","10:24:31",639600
42850,450,3400,"sd","10:24:31",639500
42850,450,100,"sd","10:24:27",636100
42850,450,1000,"sd","10:24:25",636000
42850,450,500,"bu","10:24:16",635000
42900,500,100,"bu","10:23:53",634500
42900,500,400,"bu","10:23:51",634400
42850,450,100,"bu","10:23:51",634000
42850,450,100,"sd","10:23:51",633900
42850,450,300,"sd","10:23:51",633800
42900,500,200,"bu","10:23:50",633500
42900,500,2000,"bu","10:23:49",633300
42900,500,1000,"bu","10:23:49",631300
42850,450,500,"sd","10:23:45",630300
42850,450,100,"sd","10:23:45",629800
42850,450,400,"sd","10:23:45",629700
42850,450,100,"sd","10:23:42",629300
42850,450,100,"sd","10:23:42",629200
42850,450,100,"sd","10:23:29",629100
42850,450,900,"sd","10:23:13",629000
42850,450,100,"sd","10:23:13",628100
42850,450,100,"bu","10:23:11",628000
42850,450,100,"bu","10:23:11",627900
42850,450,100,"bu","10:23:11",627800
42850,450,1900,"bu","10:23:10",627700
42850,450,100,"bu","10:23:10",625800
42800,400,100,"sd","10:22:57",625700
42850,450,100,"sd","10:22:31",625600
42850,450,400,"sd","10:22:31",625500
42850,450,100,"sd","10:22:28",625100
42850,450,200,"sd","10:22:20",625000
42850,450,800,"sd","10:22:20",624800
42850,450,300,"sd","10:22:17",624000
42850,450,500,"sd","10:22:10",623700
42850,450,100,"sd","10:22:00",623200
42850,450,3300,"bu","10:21:58",623100
42850,450,200,"bu","10:21:53",619800
42850,450,100,"bu","10:21:52",619600
42850,450,1000,"bu","10:21:52",619500
42850,450,400,"bu","10:21:51",618500
42850,450,5700,"bu","10:21:50",618100
42850,450,100,"bu","10:21:50",612400
42850,450,200,"bu","10:21:50",612300
42850,450,300,"bu","10:21:33",612100
42850,450,100,"bu","10:21:32",611800
42850,450,1400,"bu","10:21:31",611700
42850,450,100,"bu","10:21:31",610300
42850,450,100,"bu","10:21:31",610200
42850,450,400,"bu","10:21:31",610100
42850,450,300,"bu","10:21:02",609700
42850,450,100,"bu","10:21:02",609400
42850,450,200,"bu","10:21:00",609300
42850,450,300,"bu","10:21:00",609100
42850,450,1500,"bu","10:21:00",608800
42800,400,100,"sd","10:20:36",607300
42850,450,100,"bu","10:20:35",607200
42850,450,100,"bu","10:20:35",607100
42850,450,100,"bu","10:20:35",607000
42850,450,500,"bu","10:20:35",606900
42850,450,200,"bu","10:20:35",606400
42850,450,1000,"bu","10:20:35",606200
42850,450,2000,"bu","10:20:35",605200
42850,450,1000,"bu","10:20:35",603200
42800,400,100,"bu","10:20:30",602200
42800,400,200,"bu","10:20:29",602100
42750,350,1000,"sd","10:20:29",601900
42750,350,3100,"sd","10:20:29",600900
42750,350,300,"sd","10:20:29",597800
42750,350,100,"sd","10:20:29",597500
42750,350,100,"sd","10:20:29",597400
42750,350,300,"sd","10:20:29",597300
42750,350,100,"sd","10:20:29",597000
42850,450,100,"bu","10:20:28",596900
42850,450,400,"bu","10:20:27",596800
42850,450,500,"bu","10:20:27",596400
42850,450,400,"bu","10:20:27",595900
42850,450,4900,"bu","10:20:26",595500
42800,400,100,"bu","10:20:26",590600
42800,400,100,"sd","10:20:15",590500
42800,400,100,"sd","10:20:05",590400
42800,400,100,"sd","10:20:05",590300
42800,400,100,"bu","10:20:04",590200
42800,400,800,"bu","10:20:03",590100
42800,400,1000,"bu","10:20:03",589300
42800,400,100,"bu","10:20:03",588300
42800,400,800,"bu","10:20:02",588200
42800,400,2000,"bu","10:20:01",587400
42800,400,5700,"bu","10:20:01",585400
42800,400,2300,"bu","10:20:01",579700
42800,400,300,"bu","10:19:59",577400
42800,400,100,"bu","10:19:54",577100
42800,400,900,"bu","10:19:51",577000
42800,400,400,"bu","10:19:50",576100
42800,400,1000,"bu","10:19:50",575700
42800,400,1900,"bu","10:19:50",574700
42800,400,1900,"bu","10:19:50",572800
42800,400,200,"bu","10:19:50",570900
42800,400,200,"bu","10:19:27",570700
42800,400,100,"bu","10:19:27",570500
42800,400,900,"bu","10:19:25",570400
42800,400,400,"bu","10:19:25",569500
42800,400,5000,"bu","10:19:24",569100
42800,400,100,"bu","10:19:11",564100
42800,400,300,"bu","10:19:10",564000
42800,400,700,"bu","10:19:10",563700
42800,400,300,"bu","10:19:09",563000
42800,400,2000,"bu","10:19:09",562700
42800,400,2000,"bu","10:19:09",560700
42800,400,100,"bu","10:18:40",558700
42750,350,700,"sd","10:18:39",558600
42750,350,300,"sd","10:17:59",557900
42750,350,100,"bu","10:17:48",557600
42750,350,1600,"bu","10:17:48",557500
42750,350,400,"bu","10:17:30",555900
42750,350,200,"sd","10:17:21",555500
42750,350,300,"sd","10:17:21",555300
42750,350,3000,"unknown","10:17:05",555000
42700,300,600,"sd","10:17:03",552000
42700,300,400,"sd","10:17:03",551400
42700,300,100,"sd","10:16:54",551000
42700,300,4400,"sd","10:16:54",550900
42700,300,500,"sd","10:16:54",546500
42700,300,100,"sd","10:16:49",546000
42700,300,300,"sd","10:16:44",545900
42700,300,100,"sd","10:16:22",545600
42700,300,100,"sd","10:16:19",545500
42700,300,3000,"sd","10:16:15",545400
42700,300,1900,"bu","10:16:10",542400
42700,300,100,"bu","10:16:05",540500
42700,300,900,"bu","10:16:03",540400
42700,300,200,"bu","10:16:03",539500
42700,300,100,"sd","10:16:02",539300
42700,300,600,"sd","10:16:02",539200
42700,300,2000,"sd","10:16:02",538600
42700,300,2400,"bu","10:16:01",536600
42700,300,400,"bu","10:15:59",534200
42700,300,800,"bu","10:15:59",533800
42700,300,1500,"bu","10:15:57",533000
42700,300,4000,"sd","10:15:57",531500
42700,300,1600,"sd","10:15:57",527500
42700,300,2400,"sd","10:15:57",525900
42700,300,600,"sd","10:15:57",523500
42800,400,100,"bu","10:15:43",522900
42850,450,200,"bu","10:15:03",522800
42850,450,100,"bu","10:15:02",522600
42850,450,900,"bu","10:15:01",522500
42850,450,400,"bu","10:15:01",521600
42850,450,2000,"bu","10:15:01",521200
42850,450,400,"bu","10:15:01",519200
42850,450,2600,"bu","10:15:01",518800
42850,450,100,"bu","10:14:41",516200
42850,450,900,"bu","10:14:39",516100
42850,450,400,"bu","10:14:38",515200
42850,450,3200,"bu","10:14:37",514800
42850,450,1000,"bu","10:14:37",511600
42850,450,100,"bu","10:14:37",510600
42850,450,100,"bu","10:14:37",510500
42850,450,100,"bu","10:14:37",510400
42850,450,500,"bu","10:14:37",510300
42850,450,500,"bu","10:14:13",509800
42850,450,200,"bu","10:14:12",509300
42850,450,800,"bu","10:14:11",509100
42850,450,500,"bu","10:14:11",508300
42850,450,500,"bu","10:14:11",507800
42850,450,1200,"bu","10:14:11",507300
42850,450,200,"bu","10:13:37",506100
42850,450,100,"bu","10:13:37",505900
42850,450,1500,"sd","10:13:36",505800
42850,450,100,"bu","10:13:31",504300
42850,450,2000,"bu","10:13:31",504200
42700,300,4400,"sd","10:13:29",502200
42700,300,500,"sd","10:13:29",497800
42700,300,1000,"sd","10:13:29",497300
42700,300,400,"sd","10:13:29",496300
42700,300,100,"sd","10:13:29",495900
42700,300,200,"sd","10:13:29",495800
42700,300,1600,"sd","10:13:29",495600
42750,350,800,"sd","10:13:29",494000
42750,350,1800,"sd","10:13:29",493200
42750,350,1000,"sd","10:13:29",491400
42750,350,8200,"sd","10:13:29",490400
42750,350,100,"sd","10:13:22",482200
42800,400,200,"sd","10:12:57",482100
42750,350,1700,"sd","10:12:57",481900
42750,350,5000,"sd","10:12:57",480200
42800,400,1100,"sd","10:12:57",475200
42800,400,100,"sd","10:12:57",474100
42800,400,900,"sd","10:12:57",474000
42800,400,400,"sd","10:12:57",473100
42800,400,100,"sd","10:12:57",472700
42800,400,500,"sd","10:12:57",472600
42800,400,100,"sd","10:12:54",472100
42800,400,500,"sd","10:12:52",472000
42800,400,200,"sd","10:12:42",471500
42850,450,100,"bu","10:12:42",471300
42850,450,4900,"bu","10:12:42",471200
42850,450,300,"bu","10:12:35",466300
42850,450,100,"bu","10:12:34",466000
42850,450,2000,"bu","10:12:34",465900
42900,500,200,"bu","10:12:27",463900
42900,500,100,"bu","10:12:26",463700
42900,500,900,"bu","10:12:25",463600
42900,500,400,"bu","10:12:25",462700
42900,500,700,"bu","10:12:24",462300
42900,500,1600,"bu","10:12:24",461600
42900,500,100,"bu","10:12:24",460000
42900,500,200,"bu","10:12:24",459900
42900,500,1000,"bu","10:12:24",459700
42850,450,1000,"bu","10:12:24",458700
42850,450,100,"bu","10:12:24",457700
42850,450,300,"bu","10:12:24",457600
42850,450,100,"bu","10:11:51",457300
42850,450,500,"bu","10:11:50",457200
42850,450,200,"bu","10:11:49",456700
42850,450,900,"bu","10:11:48",456500
42850,450,2000,"bu","10:11:48",455600
42850,450,100,"bu","10:11:48",453600
42800,400,1100,"sd","10:11:45",453500
42800,400,100,"sd","10:11:24",452400
42800,400,2900,"sd","10:11:11",452300
42800,400,100,"sd","10:11:11",449400
42800,400,100,"sd","10:10:49",449300
42800,400,100,"sd","10:10:49",449200
42800,400,300,"sd","10:10:49",449100
42800,400,300,"sd","10:10:42",448800
42800,400,200,"sd","10:10:42",448500
42800,400,500,"sd","10:10:42",448300
42800,400,1000,"sd","10:10:39",447800
42800,400,2000,"bu","10:10:33",446800
42800,400,1500,"bu","10:10:33",444800
42800,400,100,"sd","10:10:28",443300
42800,400,400,"sd","10:10:28",443200
42800,400,100,"sd","10:10:24",442800
42800,400,500,"sd","10:10:24",442700
42800,400,400,"sd","10:10:24",442200
42800,400,100,"sd","10:10:10",441800
42800,400,100,"sd","10:10:09",441700
42800,400,900,"sd","10:10:03",441600
42800,400,2000,"sd","10:10:03",440700
42800,400,500,"sd","10:10:02",438700
42800,400,700,"sd","10:10:02",438200
42800,400,300,"sd","10:10:02",437500
42800,400,600,"sd","10:10:02",437200
42800,400,100,"sd","10:09:57",436600
42800,400,100,"sd","10:09:56",436500
42800,400,3000,"bu","10:09:11",436400
42800,400,1200,"bu","10:09:11",433400
42800,400,200,"bu","10:09:08",432200
42800,400,100,"bu","10:09:06",432000
42800,400,900,"bu","10:09:05",431900
42800,400,400,"bu","10:09:05",431000
42800,400,200,"bu","10:09:05",430600
42800,400,100,"bu","10:09:05",430400
42800,400,4700,"bu","10:09:05",430300
42800,400,100,"bu","10:08:59",425600
42800,400,200,"sd","10:08:57",425500
42800,400,300,"sd","10:08:57",425300
42800,400,100,"sd","10:08:57",425000
42800,400,300,"sd","10:08:57",424900
42800,400,100,"sd","10:08:39",424600
42800,400,900,"sd","10:08:39",424500
42800,400,500,"sd","10:08:34",423600
42800,400,1100,"bu","10:08:34",423100
42800,400,300,"sd","10:08:29",422000
42800,400,100,"sd","10:08:29",421700
42800,400,2000,"unknown","10:08:24",421600
42850,450,200,"bu","10:07:55",419600
42850,450,100,"bu","10:07:54",419400
42850,450,100,"bu","10:07:54",419300
42900,500,900,"bu","10:07:53",419200
42900,500,100,"bu","10:07:53",418300
42900,500,100,"bu","10:07:53",418200
42900,500,100,"bu","10:07:53",418100
42900,500,100,"bu","10:07:53",418000
42900,500,1900,"bu","10:07:52",417900
42900,500,2700,"bu","10:07:52",416000
42900,500,400,"bu","10:07:52",413300
42900,500,300,"bu","10:07:47",412900
42900,500,100,"bu","10:07:46",412600
42900,500,2000,"bu","10:07:45",412500
42900,500,200,"bu","10:07:41",410500
42900,500,100,"bu","10:07:40",410300
42900,500,900,"bu","10:07:39",410200
42900,500,400,"bu","10:07:39",409300
42900,500,5000,"bu","10:07:38",408900
42900,500,100,"bu","10:07:35",403900
42900,500,500,"sd","10:07:34",403800
42900,500,100,"sd","10:07:34",403300
42900,500,200,"sd","10:07:34",403200
42900,500,100,"sd","10:07:34",403000
