"price","change","match_qtty","side","time","total_vol"
18200,-1300,212000,"sd","14:45:02",2648900
18400,-1100,5000,"sd","14:29:55",2436900
18400,-1100,800,"bu","14:29:49",2431900
18400,-1100,500,"bu","14:29:36",2431100
18400,-1100,500,"bu","14:29:31",2430600
18300,-1200,200,"sd","14:29:03",2430100
18300,-1200,1000,"sd","14:29:03",2429900
18300,-1200,1000,"sd","14:29:03",2428900
18300,-1200,300,"sd","14:29:03",2427900
18300,-1200,100,"sd","14:29:03",2427600
18300,-1200,100,"sd","14:29:03",2427500
18300,-1200,100,"sd","14:29:03",2427400
18300,-1200,300,"sd","14:29:03",2427300
18300,-1200,20000,"sd","14:29:03",2427000
18300,-1200,2600,"sd","14:29:03",2407000
18350,-1150,1000,"sd","14:29:03",2404400
18350,-1150,100,"sd","14:29:03",2403400
18350,-1150,2000,"sd","14:29:03",2403300
18350,-1150,500,"sd","14:29:03",2401300
18350,-1150,100,"sd","14:29:03",2400800
18350,-1150,400,"sd","14:29:03",2400700
18350,-1150,1000,"sd","14:29:03",2400300
18350,-1150,200,"sd","14:29:03",2399300
18350,-1150,5000,"sd","14:29:03",2399100
18350,-1150,100,"sd","14:29:03",2394100
18350,-1150,1000,"sd","14:29:03",2394000
18350,-1150,19800,"sd","14:29:03",2393000
18350,-1150,200,"sd","14:29:03",2373200
18350,-1150,200,"sd","14:29:03",2373000
18350,-1150,1000,"sd","14:29:03",2372800
18350,-1150,200,"sd","14:29:03",2371800
18350,-1150,1100,"sd","14:29:03",2371600
18400,-1100,200,"sd","14:29:03",2370500
18400,-1100,200,"sd","14:29:03",2370300
18400,-1100,400,"sd","14:28:58",2370100
18400,-1100,200,"bu","14:28:42",2369700
18400,-1100,100,"bu","14:28:39",2369500
18400,-1100,500,"sd","14:28:35",2369400
18400,-1100,1000,"sd","14:28:35",2368900
18400,-1100,1200,"sd","14:28:35",2367900
18400,-1100,500,"sd","14:28:26",2366700
18400,-1100,300,"bu","14:28:25",2366200
18400,-1100,100,"bu","14:28:15",2365900
18400,-1100,300,"sd","14:28:15",2365800
18400,-1100,100,"sd","14:28:14",2365500
18350,-1150,900,"sd","14:27:42",2365400
18350,-1150,600,"sd","14:27:42",2364500
18350,-1150,400,"sd","14:27:28",2363900
18350,-1150,200,"sd","14:27:28",2363500
18400,-1100,1000,"sd","14:27:28",2363300
18400,-1100,200,"sd","14:27:28",2362300
18400,-1100,200,"sd","14:27:28",2362100
18400,-1100,100,"sd","14:27:28",2361900
18400,-1100,300,"sd","14:27:28",2361800
18400,-1100,2700,"sd","14:27:28",2361500
18400,-1100,200,"sd","14:27:28",2358800
18400,-1100,200,"sd","14:27:28",2358600
18400,-1100,200,"sd","14:27:28",2358400
18400,-1100,500,"sd","14:27:28",2358200
18400,-1100,12600,"sd","14:27:28",2357700
18450,-1050,1200,"sd","14:27:28",2345100
18450,-1050,200,"sd","14:27:16",2343900
18450,-1050,1000,"sd","14:27:10",2343700
18450,-1050,100,"bu","14:27:01",2342700
18450,-1050,100,"bu","14:27:00",2342600
18400,-1100,1000,"sd","14:26:58",2342500
18450,-1050,300,"bu","14:26:52",2341500
18400,-1100,27000,"sd","14:26:41",2341200
18450,-1050,100,"bu","14:26:39",2314200
18450,-1050,500,"bu","14:26:39",2314100
18450,-1050,500,"bu","14:26:34",2313600
18450,-1050,300,"bu","14:26:34",2313100
18450,-1050,200,"bu","14:26:34",2312800
18450,-1050,700,"bu","14:26:33",2312600
18450,-1050,500,"bu","14:26:31",2311900
18450,-1050,1500,"bu","14:26:21",2311400
18450,-1050,200,"bu","14:26:10",2309900
18450,-1050,200,"bu","14:26:09",2309700
18450,-1050,800,"bu","14:26:01",2309500
18450,-1050,2000,"bu","14:25:46",2308700
18450,-1050,100,"bu","14:25:25",2306700
18450,-1050,2200,"bu","14:25:22",2306600
18400,-1100,2000,"sd","14:24:57",2304400
18450,-1050,100,"bu","14:24:55",2302400
18450,-1050,1200,"bu","14:24:47",2302300
18450,-1050,700,"bu","14:24:46",2301100
18450,-1050,600,"bu","14:24:29",2300400
18450,-1050,500,"bu","14:24:29",2299800
18450,-1050,200,"bu","14:24:29",2299300
18450,-1050,100,"bu","14:24:25",2299100
18450,-1050,700,"bu","14:24:19",2299000
18450,-1050,100,"bu","14:24:19",2298300
18450,-1050,500,"bu","14:24:19",2298200
18450,-1050,700,"bu","14:24:19",2297700
18450,-1050,300,"bu","14:24:15",2297000
18450,-1050,2000,"bu","14:24:15",2296700
18450,-1050,600,"bu","14:24:15",2294700
18450,-1050,100,"bu","14:24:15",2294100
18450,-1050,200,"bu","14:23:56",2294000
18450,-1050,100,"bu","14:23:56",2293800
18450,-1050,700,"bu","14:23:56",2293700
18400,-1100,7400,"sd","14:23:56",2293000
18400,-1100,4600,"sd","14:23:56",2285600
18400,-1100,300,"sd","14:23:37",2281000
18400,-1100,500,"sd","14:23:37",2280700
18400,-1100,200,"sd","14:23:37",2280200
18400,-1100,800,"sd","14:23:35",2280000
18450,-1050,500,"bu","14:23:27",2279200
18400,-1100,200,"sd","14:23:17",2278700
18400,-1100,1800,"sd","14:23:01",2278500
18400,-1100,200,"sd","14:23:01",2276700
18400,-1100,3000,"bu","14:22:03",2276500
18400,-1100,500,"bu","14:22:03",2273500
18400,-1100,900,"bu","14:22:03",2273000
18400,-1100,400,"bu","14:22:03",2272100
18400,-1100,100,"bu","14:22:02",2271700
18400,-1100,600,"bu","14:22:02",2271600
18400,-1100,300,"bu","14:22:02",2271000
18400,-1100,200,"bu","14:21:22",2270700
18400,-1100,3300,"bu","14:21:22",2270500
18400,-1100,200,"bu","14:21:13",2267200
18350,-1150,300,"sd","14:21:07",2267000
18400,-1100,100,"bu","14:21:06",2266700
18400,-1100,2400,"sd","14:20:58",2266600
18400,-1100,1000,"sd","14:20:44",2264200
18400,-1100,200,"sd","14:20:44",2263200
18400,-1100,100,"sd","14:20:42",2263000
18400,-1100,1000,"sd","14:20:36",2262900
18400,-1100,500,"bu","14:20:24",2261900
18400,-1100,800,"bu","14:20:24",2261400
18400,-1100,1000,"bu","14:20:24",2260600
18400,-1100,400,"bu","14:20:24",2259600
18400,-1100,1500,"bu","14:20:24",2259200
18400,-1100,1000,"bu","14:20:24",2257700
18400,-1100,100,"bu","14:20:24",2256700
18350,-1150,500,"sd","14:19:50",2256600
18350,-1150,100,"sd","14:19:50",2256100
18400,-1100,100,"bu","14:19:45",2256000
18400,-1100,100,"bu","14:19:45",2255900
18400,-1100,700,"bu","14:19:45",2255800
18400,-1100,400,"bu","14:19:33",2255100
18350,-1150,100,"sd","14:19:28",2254700
18350,-1150,500,"sd","14:19:23",2254600
18350,-1150,300,"bu","14:19:04",2254100
18350,-1150,500,"sd","14:18:58",2253800
18350,-1150,200,"sd","14:18:58",2253300
18350,-1150,300,"sd","14:18:19",2253100
18300,-1200,200,"sd","14:18:14",2252800
18300,-1200,500,"sd","14:18:07",2252600
18300,-1200,5000,"sd","14:18:03",2252100
18350,-1150,1000,"sd","14:18:00",2247100
18350,-1150,500,"sd","14:18:00",2246100
18350,-1150,500,"sd","14:17:58",2245600
18350,-1150,200,"sd","14:17:58",2245100
18350,-1150,800,"sd","14:17:58",2244900
18350,-1150,200,"sd","14:17:43",2244100
18350,-1150,3100,"sd","14:17:36",2243900
18350,-1150,300,"sd","14:17:36",2240800
18350,-1150,900,"sd","14:17:36",2240500
18350,-1150,2600,"sd","14:17:36",2239600
18350,-1150,100,"sd","14:17:36",2237000
18350,-1150,300,"sd","14:17:36",2236900
18350,-1150,500,"sd","14:17:36",2236600
18350,-1150,900,"sd","14:17:36",2236100
18350,-1150,1300,"sd","14:17:36",2235200
18350,-1150,700,"sd","14:17:26",2233900
18350,-1150,500,"sd","14:17:26",2233200
18350,-1150,200,"sd","14:17:26",2232700
18350,-1150,5000,"sd","14:17:26",2232500
18350,-1150,1600,"sd","14:17:26",2227500
18350,-1150,3400,"sd","14:17:10",2225900
18350,-1150,100,"sd","14:17:10",2222500
18350,-1150,100,"sd","14:17:10",2222400
18350,-1150,200,"sd","14:17:10",2222300
18350,-1150,1000,"sd","14:17:10",2222100
18350,-1150,100,"sd","14:17:10",2221100
18350,-1150,100,"sd","14:17:10",2221000
18350,-1150,500,"sd","14:17:10",2220900
18350,-1150,1000,"sd","14:17:10",2220400
18350,-1150,500,"sd","14:17:10",2219400
18350,-1150,100,"sd","14:17:10",2218900
18350,-1150,900,"sd","14:17:10",2218800
18350,-1150,1500,"sd","14:17:10",2217900
18350,-1150,100,"sd","14:17:10",2216400
18350,-1150,100,"sd","14:17:10",2216300
18350,-1150,700,"sd","14:17:10",2216200
18350,-1150,200,"sd","14:16:30",2215500
18350,-1150,1400,"sd","14:16:30",2215300
18350,-1150,100,"sd","14:16:30",2213900
18350,-1150,100,"sd","14:16:30",2213800
18350,-1150,100,"sd","14:16:30",2213700
18350,-1150,1000,"sd","14:16:30",2213600
18350,-1150,2100,"sd","14:16:30",2212600
18400,-1100,300,"bu","14:16:22",2210500
18400,-1100,2500,"bu","14:16:22",2210200
18400,-1100,500,"bu","14:16:22",2207700
18400,-1100,2300,"bu","14:16:14",2207200
18350,-1150,1000,"sd","14:16:13",2204900
18400,-1100,100,"bu","14:15:57",2203900
18350,-1150,1500,"sd","14:15:46",2203800
18400,-1100,200,"bu","14:15:30",2202300
18400,-1100,500,"bu","14:15:25",2202100
18400,-1100,400,"bu","14:15:22",2201600
18400,-1100,1000,"bu","14:15:20",2201200
18400,-1100,100,"bu","14:15:17",2200200
18400,-1100,100,"sd","14:15:05",2200100
18350,-1150,5400,"sd","14:14:35",2200000
18350,-1150,500,"sd","14:14:06",2194600
18350,-1150,1000,"sd","14:13:57",2194100
18400,-1100,3000,"sd","14:13:57",2193100
18400,-1100,1000,"sd","14:13:57",2190100
18400,-1100,200,"sd","14:13:57",2189100
18400,-1100,4500,"sd","14:13:57",2188900
18400,-1100,300,"sd","14:13:57",2184400
18400,-1100,400,"bu","14:13:18",2184100
18400,-1100,300,"bu","14:13:18",2183700
18400,-1100,300,"bu","14:13:10",2183400
18400,-1100,400,"bu","14:12:55",2183100
18400,-1100,600,"bu","14:12:55",2182700
18400,-1100,1000,"bu","14:12:55",2182100
18350,-1150,100,"sd","14:12:55",2181100
18350,-1150,200,"sd","14:12:11",2181000
18400,-1100,400,"bu","14:12:10",2180800
18400,-1100,100,"bu","14:12:00",2180400
18400,-1100,500,"bu","14:11:51",2180300
18350,-1150,700,"sd","14:11:35",2179800
18400,-1100,200,"bu","14:11:17",2179100
18400,-1100,100,"bu","14:11:17",2178900
18400,-1100,100,"bu","14:10:48",2178800
18400,-1100,200,"bu","14:10:48",2178700
18400,-1100,200,"bu","14:10:48",2178500
18400,-1100,300,"bu","14:10:48",2178300
18400,-1100,400,"bu","14:10:44",2178000
18400,-1100,2700,"bu","14:10:44",2177600
18400,-1100,100,"bu","14:10:32",2174900
18400,-1100,100,"bu","14:09:49",2174800
18350,-1150,2500,"sd","14:09:34",2174700
18300,-1200,1500,"sd","14:09:10",2172200
18400,-1100,1000,"sd","14:09:10",2170700
18400,-1100,300,"bu","14:08:55",2169700
18300,-1200,3700,"sd","14:08:54",2169400
18350,-1150,100,"sd","14:08:54",2165700
18350,-1150,100,"sd","14:08:54",2165600
18350,-1150,1000,"sd","14:08:54",2165500
18350,-1150,100,"sd","14:08:54",2164500
18300,-1200,100,"sd","14:07:49",2164400
18300,-1200,200,"sd","14:07:48",2164300
18350,-1150,500,"bu","14:07:44",2164100
18350,-1150,500,"sd","14:07:37",2163600
18450,-1050,100,"bu","14:07:36",2163100
18350,-1150,1500,"sd","14:07:28",2163000
18350,-1150,400,"sd","14:07:28",2161500
18350,-1150,7000,"sd","14:07:27",2161100
18350,-1150,500,"sd","14:07:27",2154100
18350,-1150,100,"sd","14:07:27",2153600
18350,-1150,700,"sd","14:07:27",2153500
18350,-1150,2000,"sd","14:07:27",2152800
18350,-1150,200,"sd","14:07:27",2150800
18350,-1150,100,"sd","14:07:27",2150600
18350,-1150,4000,"sd","14:07:27",2150500
18350,-1150,500,"sd","14:07:27",2146500
18350,-1150,1000,"sd","14:07:27",2146000
18350,-1150,100,"sd","14:07:27",2145000
18350,-1150,100,"sd","14:07:27",2144900
18350,-1150,2000,"sd","14:07:27",2144800
18350,-1150,800,"sd","14:07:27",2142800
18350,-1150,700,"sd","14:07:27",2142000
18400,-1100,20000,"sd","14:07:27",2141300
18400,-1100,300,"sd","14:07:27",2121300
18400,-1100,1000,"sd","14:07:27",2121000
18400,-1100,600,"sd","14:07:27",2120000
18400,-1100,7000,"sd","14:07:27",2119400
18400,-1100,3100,"sd","14:07:27",2112400
18450,-1050,6300,"sd","14:07:27",2109300
18450,-1050,2000,"bu","14:07:22",2103000
18450,-1050,1800,"bu","14:07:22",2101000
18450,-1050,1200,"bu","14:07:22",2099200
18450,-1050,100,"bu","14:07:22",2098000
18450,-1050,200,"bu","14:07:22",2097900
18450,-1050,1500,"bu","14:07:22",2097700
18450,-1050,2000,"bu","14:07:22",2096200
18450,-1050,100,"bu","14:07:22",2094200
18450,-1050,2000,"bu","14:07:22",2094100
18450,-1050,2800,"bu","14:07:22",2092100
18450,-1050,200,"bu","14:07:16",2089300
18400,-1100,1800,"sd","14:07:04",2089100
18450,-1050,200,"bu","14:06:48",2087300
18450,-1050,2500,"bu","14:06:44",2087100
18450,-1050,300,"bu","14:06:31",2084600
18450,-1050,500,"bu","14:06:28",2084300
18450,-1050,500,"bu","14:06:14",2083800
18450,-1050,100,"bu","14:06:12",2083300
18400,-1100,100,"sd","14:06:10",2083200
18400,-1100,300,"sd","14:06:09",2083100
18400,-1100,100,"sd","14:06:09",2082800
18450,-1050,4200,"bu","14:05:54",2082700
18450,-1050,2000,"bu","14:05:54",2078500
18450,-1050,3800,"bu","14:05:54",2076500
18400,-1100,100,"bu","14:05:31",2072700
18400,-1100,300,"bu","14:05:31",2072600
18400,-1100,200,"bu","14:05:30",2072300
18400,-1100,300,"bu","14:05:25",2072100
18400,-1100,700,"bu","14:05:25",2071800
18400,-1100,300,"bu","14:05:22",2071100
18400,-1100,100,"bu","14:05:22",2070800
18400,-1100,1000,"bu","14:05:19",2070700
18400,-1100,200,"bu","14:05:14",2069700
18400,-1100,100,"bu","14:05:08",2069500
18400,-1100,600,"bu","14:04:54",2069400
18400,-1100,400,"bu","14:04:54",2068800
18400,-1100,700,"bu","14:04:40",2068400
18400,-1100,600,"bu","14:04:16",2067700
18400,-1100,300,"bu","14:04:16",2067100
18400,-1100,100,"bu","14:04:16",2066800
18400,-1100,200,"bu","14:04:16",2066700
18400,-1100,100,"bu","14:04:15",2066500
18350,-1150,200,"sd","14:03:37",2066400
18400,-1100,200,"bu","14:03:12",2066200
18400,-1100,500,"bu","14:03:07",2066000
18400,-1100,200,"bu","14:03:02",2065500
18400,-1100,400,"bu","14:03:02",2065300
18400,-1100,2000,"bu","14:03:02",2064900
18400,-1100,400,"bu","14:03:02",2062900
18400,-1100,100,"bu","14:02:45",2062500
18400,-1100,800,"bu","14:02:45",2062400
18400,-1100,100,"bu","14:02:45",2061600
18350,-1150,400,"bu","14:02:33",2061500
18350,-1150,500,"bu","14:02:18",2061100
18350,-1150,1000,"sd","14:02:18",2060600
18350,-1150,600,"sd","14:02:18",2059600
18350,-1150,2900,"sd","14:02:18",2059000
18350,-1150,400,"sd","14:02:18",2056100
18350,-1150,1000,"sd","14:02:18",2055700
18350,-1150,700,"sd","14:02:18",2054700
18350,-1150,700,"sd","14:02:18",2054000
18350,-1150,700,"sd","14:02:18",2053300
18350,-1150,300,"sd","14:01:37",2052600
18350,-1150,800,"sd","14:01:37",2052300
18350,-1150,200,"sd","14:01:30",2051500
18350,-1150,100,"sd","14:01:30",2051300
18350,-1150,300,"sd","14:00:59",2051200
18350,-1150,100,"bu","14:00:57",2050900
18350,-1150,100,"bu","14:00:50",2050800
18350,-1150,600,"bu","14:00:50",2050700
18400,-1100,200,"bu","14:00:44",2050100
18300,-1200,2900,"sd","14:00:40",2049900
18350,-1150,100,"sd","14:00:40",2047000
18300,-1200,13300,"sd","14:00:02",2046900
18300,-1200,2500,"sd","14:00:02",2033600
18300,-1200,700,"sd","14:00:02",2031100
18350,-1150,300,"sd","14:00:02",2030400
18350,-1150,400,"sd","14:00:02",2030100
18350,-1150,200,"sd","14:00:02",2029700
18350,-1150,500,"sd","14:00:02",2029500
18350,-1150,100,"sd","14:00:02",2029000
18350,-1150,100,"sd","14:00:02",2028900
18350,-1150,700,"sd","14:00:02",2028800
18350,-1150,1200,"sd","14:00:02",2028100
18400,-1100,700,"bu","13:59:52",2026900
18400,-1100,300,"bu","13:59:52",2026200
18400,-1100,500,"bu","13:59:52",2025900
18400,-1100,100,"bu","13:59:52",2025400
18350,-1150,1100,"sd","13:59:43",2025300
18350,-1150,100,"sd","13:59:43",2024200
18350,-1150,1800,"sd","13:59:43",2024100
18400,-1100,500,"bu","13:59:35",2022300
18400,-1100,100,"bu","13:59:33",2021800
18350,-1150,7200,"sd","13:59:17",2021700
18350,-1150,500,"sd","13:59:17",2014500
18350,-1150,100,"sd","13:59:17",2014000
18350,-1150,400,"sd","13:59:17",2013900
18350,-1150,1800,"sd","13:59:17",2013500
18400,-1100,400,"bu","13:59:09",2011700
18400,-1100,1000,"bu","13:58:42",2011300
18350,-1150,500,"sd","13:58:36",2010300
18400,-1100,1000,"bu","13:58:27",2009800
18400,-1100,100,"bu","13:58:25",2008800
18350,-1150,4400,"sd","13:58:14",2008700
18350,-1150,100,"sd","13:57:58",2004300
18400,-1100,200,"bu","13:57:50",2004200
18350,-1150,1700,"sd","13:57:49",2004000
18350,-1150,300,"sd","13:57:49",2002300
18350,-1150,4000,"sd","13:57:48",2002000
18350,-1150,300,"sd","13:57:38",1998000
18350,-1150,400,"sd","13:57:38",1997700
18350,-1150,100,"sd","13:57:26",1997300
18350,-1150,100,"sd","13:57:26",1997200
18350,-1150,500,"bu","13:57:03",1997100
18350,-1150,500,"unknown","13:57:01",1996600
18400,-1100,200,"bu","13:56:54",1996100
18400,-1100,300,"bu","13:56:54",1995900
18400,-1100,200,"bu","13:56:26",1995600
18400,-1100,300,"bu","13:56:26",1995400
18400,-1100,400,"bu","13:56:10",1995100
18400,-1100,600,"bu","13:56:10",1994700
18400,-1100,500,"bu","13:56:10",1994100
18400,-1100,3200,"bu","13:56:10",1993600
18350,-1150,100,"sd","13:55:50",1990400
18350,-1150,600,"sd","13:55:50",1990300
18400,-1100,500,"bu","13:55:30",1989700
18400,-1100,300,"bu","13:55:13",1989200
18400,-1100,400,"bu","13:55:13",1988900
18400,-1100,100,"bu","13:54:54",1988500
18400,-1100,800,"bu","13:54:54",1988400
18400,-1100,500,"bu","13:54:54",1987600
18350,-1150,100,"bu","13:54:54",1987100
18300,-1200,300,"sd","13:54:51",1987000
18350,-1150,100,"sd","13:54:51",1986700
18400,-1100,100,"bu","13:54:29",1986600
18400,-1100,1000,"bu","13:54:19",1986500
18400,-1100,2300,"sd","13:54:07",1985500
18400,-1100,1000,"sd","13:54:06",1983200
18400,-1100,500,"bu","13:54:04",1982200
18400,-1100,100,"bu","13:54:00",1981700
18400,-1100,200,"bu","13:54:00",1981600
18400,-1100,200,"bu","13:54:00",1981400
18300,-1200,4000,"sd","13:53:56",1981200
18400,-1100,300,"sd","13:53:52",1977200
18450,-1050,500,"bu","13:53:50",1976900
18300,-1200,5000,"sd","13:53:41",1976400
18300,-1200,500,"sd","13:53:41",1971400
18300,-1200,1000,"sd","13:53:41",1970900
18300,-1200,200,"sd","13:53:41",1969900
18300,-1200,1000,"sd","13:53:41",1969700
18300,-1200,300,"sd","13:53:41",1968700
18300,-1200,100,"sd","13:53:41",1968400
18300,-1200,1000,"sd","13:53:41",1968300
18350,-1150,100,"sd","13:53:41",1967300
18350,-1150,500,"sd","13:53:41",1967200
18350,-1150,200,"sd","13:53:41",1966700
18350,-1150,100,"sd","13:53:41",1966500
18350,-1150,1000,"sd","13:53:41",1966400
18350,-1150,3000,"sd","13:53:41",1965400
18350,-1150,100,"sd","13:53:41",1962400
18350,-1150,100,"sd","13:53:41",1962300
18350,-1150,100,"sd","13:53:41",1962200
18350,-1150,300,"sd","13:53:41",1962100
18350,-1150,15000,"sd","13:53:41",1961800
18350,-1150,1400,"sd","13:53:41",1946800
18400,-1100,100,"sd","13:53:41",1945400
18400,-1100,100,"sd","13:53:41",1945300
18400,-1100,200,"sd","13:53:41",1945200
18400,-1100,100,"sd","13:53:41",1945000
18400,-1100,300,"sd","13:53:41",1944900
18400,-1100,5000,"sd","13:53:41",1944600
18400,-1100,1000,"sd","13:53:41",1939600
18400,-1100,500,"sd","13:53:41",1938600
18400,-1100,300,"sd","13:53:41",1938100
18400,-1100,5000,"sd","13:53:41",1937800
18400,-1100,2200,"sd","13:53:41",1932800
18400,-1100,300,"sd","13:53:41",1930600
18400,-1100,2300,"sd","13:53:41",1930300
18400,-1100,700,"sd","13:53:41",1928000
18400,-1100,900,"sd","13:53:41",1927300
18450,-1050,700,"bu","13:53:30",1926400
18450,-1050,200,"bu","13:53:30",1925700
18400,-1100,1100,"sd","13:53:12",1925500
18400,-1100,1000,"sd","13:53:12",1924400
18400,-1100,1200,"sd","13:53:12",1923400
18450,-1050,500,"bu","13:53:11",1922200
18450,-1050,100,"bu","13:52:52",1921700
18450,-1050,100,"bu","13:52:39",1921600
18450,-1050,500,"bu","13:52:36",1921500
18450,-1050,1600,"bu","13:52:33",1921000
18450,-1050,400,"bu","13:52:33",1919400
18450,-1050,400,"bu","13:52:30",1919000
18450,-1050,200,"bu","13:52:29",1918600
18450,-1050,100,"bu","13:52:29",1918400
18450,-1050,200,"bu","13:52:29",1918300
18450,-1050,200,"bu","13:52:28",1918100
18450,-1050,200,"bu","13:52:26",1917900
18450,-1050,300,"bu","13:52:10",1917700
18450,-1050,1000,"bu","13:52:10",1917400
18450,-1050,100,"bu","13:52:04",1916400
18450,-1050,900,"bu","13:52:04",1916300
18400,-1100,1500,"sd","13:51:38",1915400
18450,-1050,300,"bu","13:51:38",1913900
18450,-1050,100,"bu","13:51:33",1913600
18450,-1050,500,"bu","13:51:28",1913500
18450,-1050,1100,"bu","13:51:23",1913000
18450,-1050,100,"bu","13:51:16",1911900
18450,-1050,500,"bu","13:50:58",1911800
18450,-1050,400,"bu","13:50:41",1911300
18400,-1100,500,"bu","13:50:36",1910900
18400,-1100,1800,"bu","13:50:36",1910400
18400,-1100,2000,"bu","13:50:34",1908600
18400,-1100,100,"bu","13:50:33",1906600
18400,-1100,900,"bu","13:50:33",1906500
18400,-1100,1200,"bu","13:50:33",1905600
18350,-1150,600,"sd","13:50:21",1904400
18400,-1100,500,"bu","13:50:21",1903800
18400,-1100,1800,"bu","13:50:19",1903300
18350,-1150,200,"sd","13:50:11",1901500
18350,-1150,2600,"sd","13:50:11",1901300
18350,-1150,200,"sd","13:50:11",1898700
18400,-1100,1000,"bu","13:50:07",1898500
18350,-1150,1200,"sd","13:49:56",1897500
18400,-1100,500,"bu","13:49:45",1896300
18400,-1100,200,"bu","13:49:44",1895800
18400,-1100,900,"bu","13:49:38",1895600
18400,-1100,500,"bu","13:49:33",1894700
18400,-1100,800,"bu","13:49:30",1894200
18400,-1100,1200,"bu","13:49:30",1893400
18350,-1150,600,"sd","13:49:29",1892200
18350,-1150,2000,"sd","13:49:29",1891600
18400,-1100,2300,"bu","13:49:23",1889600
18400,-1100,2700,"bu","13:49:23",1887300
18400,-1100,200,"bu","13:49:20",1884600
18400,-1100,100,"bu","13:49:17",1884400
18400,-1100,500,"bu","13:49:17",1884300
18400,-1100,100,"bu","13:49:05",1883800
18350,-1150,300,"sd","13:48:57",1883700
18350,-1150,100,"sd","13:48:56",1883400
18350,-1150,900,"bu","13:48:51",1883300
18350,-1150,100,"bu","13:48:51",1882400
18350,-1150,1600,"bu","13:48:51",1882300
18350,-1150,4200,"bu","13:48:46",1880700
18350,-1150,4800,"bu","13:48:46",1876500
18350,-1150,1000,"bu","13:48:46",1871700
18350,-1150,4000,"bu","13:48:46",1870700
18300,-1200,100,"sd","13:48:45",1866700
18300,-1200,600,"sd","13:48:29",1866600
18300,-1200,100,"sd","13:48:29",1866000
18300,-1200,100,"sd","13:48:29",1865900
18300,-1200,900,"sd","13:48:22",1865800
18300,-1200,100,"sd","13:48:22",1864900
18300,-1200,1000,"sd","13:48:06",1864800
18300,-1200,300,"sd","13:48:06",1863800
18300,-1200,1000,"sd","13:48:06",1863500
18300,-1200,1000,"sd","13:48:06",1862500
18300,-1200,200,"sd","13:48:06",1861500
18300,-1200,800,"bu","13:47:49",1861300
18300,-1200,1500,"bu","13:47:43",1860500
18300,-1200,2200,"bu","13:47:41",1859000
18300,-1200,100,"bu","13:47:41",1856800
18300,-1200,1500,"bu","13:47:38",1856700
18300,-1200,300,"bu","13:47:38",1855200
18300,-1200,400,"bu","13:47:29",1854900
18300,-1200,200,"bu","13:47:13",1854500
18300,-1200,1000,"bu","13:47:13",1854300
18300,-1200,2000,"bu","13:47:13",1853300
18300,-1200,2200,"bu","13:47:13",1851300
18250,-1250,100,"sd","13:47:08",1849100
18250,-1250,100,"sd","13:47:08",1849000
18250,-1250,300,"sd","13:47:08",1848900
18300,-1200,1000,"bu","13:47:07",1848600
18300,-1200,200,"bu","13:47:06",1847600
18300,-1200,200,"bu","13:47:05",1847400
18300,-1200,200,"bu","13:46:58",1847200
18300,-1200,1000,"bu","13:46:50",1847000
18250,-1250,100,"sd","13:46:32",1846000
18250,-1250,100,"sd","13:46:27",1845900
18250,-1250,1000,"sd","13:46:27",1845800
18250,-1250,1000,"sd","13:46:27",1844800
18250,-1250,300,"sd","13:46:27",1843800
18250,-1250,300,"sd","13:46:27",1843500
18250,-1250,500,"sd","13:46:27",1843200
18250,-1250,200,"sd","13:46:27",1842700
18250,-1250,100,"sd","13:46:27",1842500
18250,-1250,500,"sd","13:46:27",1842400
18300,-1200,100,"bu","13:46:19",1841900
18250,-1250,1000,"sd","13:46:15",1841800
18250,-1250,500,"sd","13:46:01",1840800
18300,-1200,100,"bu","13:46:00",1840300
18300,-1200,100,"bu","13:45:50",1840200
18200,-1300,1400,"sd","13:45:46",1840100
18200,-1300,500,"sd","13:45:46",1838700
18200,-1300,2300,"sd","13:45:46",1838200
18250,-1250,1000,"sd","13:45:46",1835900
18250,-1250,200,"sd","13:45:46",1834900
18250,-1250,200,"sd","13:45:46",1834700
18250,-1250,100,"sd","13:45:46",1834500
18250,-1250,100,"sd","13:45:46",1834400
18250,-1250,200,"sd","13:45:46",1834300
18250,-1250,100,"sd","13:45:46",1834100
18250,-1250,500,"sd","13:45:46",1834000
18250,-1250,100,"sd","13:45:46",1833500
18250,-1250,100,"sd","13:45:46",1833400
18250,-1250,500,"sd","13:45:46",1833300
18250,-1250,100,"sd","13:45:46",1832800
18250,-1250,100,"sd","13:45:46",1832700
18250,-1250,500,"sd","13:45:46",1832600
18250,-1250,800,"sd","13:45:46",1832100
18250,-1250,200,"sd","13:45:07",1831300
18300,-1200,100,"sd","13:45:07",1831100
18250,-1250,900,"bu","13:45:05",1831000
18250,-1250,100,"bu","13:45:01",1830100
18250,-1250,600,"bu","13:44:58",1830000
18250,-1250,2000,"sd","13:44:58",1829400
18250,-1250,200,"sd","13:44:58",1827400
18200,-1300,400,"sd","13:44:48",1827200
18250,-1250,100,"sd","13:44:48",1826800
18250,-1250,200,"sd","13:44:48",1826700
18250,-1250,200,"sd","13:44:48",1826500
18250,-1250,500,"sd","13:44:48",1826300
18250,-1250,300,"sd","13:44:48",1825800
18250,-1250,3800,"sd","13:44:48",1825500
18250,-1250,200,"sd","13:44:46",1821700
18300,-1200,300,"bu","13:44:46",1821500
18300,-1200,100,"bu","13:44:46",1821200
18300,-1200,1000,"bu","13:44:46",1821100
18300,-1200,3000,"bu","13:44:46",1820100
18300,-1200,400,"bu","13:44:46",1817100
18300,-1200,200,"bu","13:44:46",1816700
18300,-1200,1000,"bu","13:44:46",1816500
18300,-1200,300,"bu","13:44:43",1815500
18250,-1250,2900,"sd","13:44:39",1815200
18250,-1250,100,"sd","13:44:39",1812300
18300,-1200,500,"bu","13:44:39",1812200
18250,-1250,100,"sd","13:44:39",1811700
18250,-1250,600,"sd","13:44:39",1811600
18300,-1200,400,"bu","13:44:34",1811000
18300,-1200,500,"sd","13:44:33",1810600
18300,-1200,100,"sd","13:44:33",1810100
18300,-1200,100,"bu","13:44:31",1810000
18300,-1200,1900,"bu","13:44:28",1809900
18300,-1200,100,"bu","13:44:28",1808000
18300,-1200,3000,"bu","13:44:26",1807900
18250,-1250,500,"sd","13:44:26",1804900
18300,-1200,600,"bu","13:44:24",1804400
18300,-1200,1000,"bu","13:44:24",1803800
18250,-1250,100,"sd","13:44:20",1802800
18300,-1200,300,"bu","13:44:13",1802700
18300,-1200,100,"bu","13:44:13",1802400
18300,-1200,100,"bu","13:44:13",1802300
18300,-1200,2500,"bu","13:44:12",1802200
18300,-1200,500,"bu","13:44:12",1799700
18200,-1300,1300,"sd","13:44:10",1799200
18200,-1300,100,"sd","13:44:10",1797900
18200,-1300,2000,"sd","13:44:10",1797800
18250,-1250,1000,"sd","13:44:10",1795800
18200,-1300,900,"sd","13:44:05",1794800
18300,-1200,200,"bu","13:43:55",1793900
18300,-1200,1000,"bu","13:43:52",1793700
18300,-1200,500,"bu","13:43:52",1792700
18200,-1300,1400,"sd","13:43:48",1792200
18250,-1250,100,"sd","13:43:48",1790800
18250,-1250,500,"sd","13:43:48",1790700
18200,-1300,700,"sd","13:43:44",1790200
18200,-1300,300,"sd","13:43:36",1789500
18200,-1300,100,"sd","13:43:36",1789200
18200,-1300,1000,"sd","13:43:29",1789100
18300,-1200,200,"bu","13:43:28",1788100
18300,-1200,100,"bu","13:43:26",1787900
18300,-1200,300,"bu","13:43:17",1787800
18200,-1300,2500,"sd","13:43:07",1787500
18200,-1300,1000,"sd","13:43:06",1785000
18300,-1200,2000,"sd","13:43:06",1784000
18200,-1300,200,"sd","13:43:02",1782000
18200,-1300,800,"sd","13:43:01",1781800
18250,-1250,100,"sd","13:43:01",1781000
18300,-1200,100,"sd","13:43:01",1780900
18200,-1300,1000,"sd","13:42:54",1780800
18200,-1300,200,"sd","13:42:44",1779800
18300,-1200,100,"bu","13:42:44",1779600
18200,-1300,200,"sd","13:42:43",1779500
18200,-1300,3000,"sd","13:42:42",1779300
18200,-1300,1000,"sd","13:42:42",1776300
18200,-1300,400,"sd","13:42:42",1775300
18200,-1300,100,"sd","13:42:42",1774900
18200,-1300,300,"sd","13:42:42",1774800
18200,-1300,200,"sd","13:42:42",1774500
18200,-1300,2600,"sd","13:42:40",1774300
18200,-1300,1000,"sd","13:42:32",1771700
18200,-1300,200,"sd","13:42:30",1770700
18200,-1300,800,"sd","13:42:28",1770500
18200,-1300,200,"sd","13:42:25",1769700
18200,-1300,500,"sd","13:42:25",1769500
18200,-1300,1000,"sd","13:42:25",1769000
18200,-1300,200,"sd","13:42:13",1768000
18200,-1300,300,"bu","13:42:12",1767800
18200,-1300,1700,"bu","13:42:09",1767500
18200,-1300,300,"bu","13:42:09",1765800
18200,-1300,100,"bu","13:42:09",1765500
18200,-1300,700,"bu","13:42:09",1765400
18200,-1300,200,"bu","13:42:09",1764700
18200,-1300,2000,"bu","13:42:09",1764500
18200,-1300,100,"bu","13:42:09",1762500
18200,-1300,200,"bu","13:42:08",1762400
18200,-1300,2500,"bu","13:42:07",1762200
18200,-1300,800,"bu","13:42:05",1759700
18200,-1300,200,"bu","13:42:04",1758900
18200,-1300,2000,"bu","13:42:02",1758700
18200,-1300,200,"bu","13:42:00",1756700
18200,-1300,2000,"bu","13:41:58",1756500
18200,-1300,4000,"bu","13:41:58",1754500
18150,-1350,1000,"sd","13:41:56",1750500
18200,-1300,200,"bu","13:41:55",1749500
18150,-1350,200,"sd","13:41:55",1749300
18150,-1350,200,"sd","13:41:55",1749100
18150,-1350,100,"sd","13:41:55",1748900
18150,-1350,3700,"sd","13:41:55",1748800
18150,-1350,1000,"sd","13:41:55",1745100
18150,-1350,200,"sd","13:41:55",1744100
18150,-1350,100,"sd","13:41:55",1743900
18150,-1350,400,"sd","13:41:53",1743800
18150,-1350,600,"sd","13:41:43",1743400
18150,-1350,600,"sd","13:41:43",1742800
18150,-1350,200,"sd","13:41:43",1742200
18150,-1350,100,"sd","13:41:43",1742000
18150,-1350,100,"sd","13:41:41",1741900
18150,-1350,300,"sd","13:41:41",1741800
18150,-1350,700,"sd","13:41:39",1741500
18150,-1350,700,"sd","13:41:39",1740800
18150,-1350,300,"sd","13:41:36",1740100
18150,-1350,1000,"sd","13:41:36",1739800
18150,-1350,500,"sd","13:41:36",1738800
18150,-1350,400,"sd","13:41:36",1738300
18200,-1300,500,"bu","13:41:32",1737900
18150,-1350,500,"sd","13:41:31",1737400
18150,-1350,300,"sd","13:41:30",1736900
18150,-1350,100,"sd","13:41:30",1736600
18150,-1350,100,"sd","13:41:30",1736500
18150,-1350,500,"sd","13:41:30",1736400
18150,-1350,1200,"sd","13:41:30",1735900
18150,-1350,800,"sd","13:41:26",1734700
18150,-1350,200,"sd","13:41:26",1733900
18150,-1350,500,"sd","13:41:26",1733700
18150,-1350,1000,"sd","13:41:26",1733200
18150,-1350,1000,"sd","13:41:26",1732200
18150,-1350,100,"sd","13:41:26",1731200
18150,-1350,300,"sd","13:41:26",1731100
18150,-1350,2000,"sd","13:41:26",1730800
18150,-1350,300,"sd","13:41:26",1728800
18150,-1350,100,"sd","13:41:26",1728500
18150,-1350,100,"sd","13:41:26",1728400
18150,-1350,100,"sd","13:41:26",1728300
18150,-1350,3000,"sd","13:41:26",1728200
18150,-1350,1000,"sd","13:41:26",1725200
18150,-1350,3000,"sd","13:41:26",1724200
18150,-1350,100,"sd","13:41:26",1721200
18150,-1350,900,"sd","13:41:26",1721100
18150,-1350,100,"sd","13:41:26",1720200
18150,-1350,100,"sd","13:41:26",1720100
18150,-1350,800,"sd","13:41:26",1720000
18150,-1350,200,"sd","13:41:26",1719200
18150,-1350,5800,"sd","13:41:26",1719000
18150,-1350,2200,"sd","13:41:25",1713200
18150,-1350,300,"sd","13:41:25",1711000
18150,-1350,200,"sd","13:41:25",1710700
18150,-1350,2000,"sd","13:41:25",1710500
18150,-1350,2000,"sd","13:41:25",1708500
18150,-1350,100,"sd","13:41:25",1706500
18150,-1350,200,"sd","13:41:25",1706400
18200,-1300,300,"bu","13:41:23",1706200
18200,-1300,700,"bu","13:41:23",1705900
18150,-1350,100,"sd","13:41:20",1705200
18200,-1300,100,"bu","13:41:16",1705100
18200,-1300,400,"sd","13:41:10",1705000
18200,-1300,600,"sd","13:41:10",1704600
18200,-1300,3600,"sd","13:41:10",1704000
18200,-1300,800,"sd","13:41:10",1700400
18200,-1300,100,"sd","13:41:09",1699600
18200,-1300,100,"sd","13:41:06",1699500
18200,-1300,500,"sd","13:41:06",1699400
18200,-1300,100,"sd","13:41:06",1698900
18200,-1300,500,"sd","13:41:06",1698800
18200,-1300,400,"sd","13:41:06",1698300
18200,-1300,100,"sd","13:41:06",1697900
18200,-1300,400,"sd","13:41:06",1697800
18200,-1300,1600,"sd","13:41:06",1697400
18200,-1300,1000,"sd","13:41:06",1695800
18200,-1300,300,"sd","13:41:06",1694800
18200,-1300,700,"sd","13:41:05",1694500
18200,-1300,1500,"sd","13:41:03",1693800
18200,-1300,100,"sd","13:41:03",1692300
18200,-1300,3000,"sd","13:41:03",1692200
18200,-1300,500,"sd","13:41:03",1689200
18200,-1300,200,"sd","13:41:03",1688700
18200,-1300,1000,"sd","13:41:03",1688500
18200,-1300,2000,"sd","13:41:03",1687500
18200,-1300,10000,"sd","13:41:03",1685500
18200,-1300,500,"sd","13:41:03",1675500
18200,-1300,1000,"sd","13:41:03",1675000
18200,-1300,200,"sd","13:41:03",1674000
18200,-1300,900,"sd","13:41:03",1673800
18200,-1300,100,"sd","13:41:03",1672900
18200,-1300,100,"sd","13:41:00",1672800
18250,-1250,100,"sd","13:41:00",1672700
18200,-1300,500,"sd","13:40:57",1672600
18250,-1250,100,"bu","13:40:56",1672100
18200,-1300,1300,"sd","13:40:48",1672000
18200,-1300,5000,"sd","13:40:48",1670700
18200,-1300,200,"sd","13:40:48",1665700
18200,-1300,2000,"sd","13:40:48",1665500
18200,-1300,200,"sd","13:40:48",1663500
18200,-1300,300,"sd","13:40:48",1663300
18200,-1300,200,"sd","13:40:44",1663000
18250,-1250,400,"sd","13:40:43",1662800
18250,-1250,500,"sd","13:40:43",1662400
18250,-1250,600,"sd","13:40:43",1661900
18250,-1250,500,"sd","13:40:43",1661300
18250,-1250,2000,"sd","13:40:43",1660800
18250,-1250,400,"sd","13:40:43",1658800
18250,-1250,200,"sd","13:40:43",1658400
18300,-1200,500,"sd","13:40:43",1658200
18300,-1200,100,"sd","13:40:43",1657700
18300,-1200,1000,"sd","13:40:43",1657600
18300,-1200,1000,"sd","13:40:43",1656600
18300,-1200,200,"sd","13:40:43",1655600
18300,-1200,1000,"sd","13:40:43",1655400
18300,-1200,100,"sd","13:40:43",1654400
18300,-1200,100,"sd","13:40:43",1654300
18300,-1200,3000,"sd","13:40:43",1654200
18300,-1200,400,"sd","13:40:43",1651200
18300,-1200,100,"sd","13:40:43",1650800
18300,-1200,1000,"sd","13:40:43",1650700
18300,-1200,1000,"sd","13:40:43",1649700
18300,-1200,100,"sd","13:40:43",1648700
18300,-1200,500,"sd","13:40:43",1648600
18300,-1200,500,"sd","13:40:43",1648100
18300,-1200,2000,"sd","13:40:43",1647600
18300,-1200,100,"sd","13:40:43",1645600
18300,-1200,200,"sd","13:40:43",1645500
18300,-1200,200,"sd","13:40:43",1645300
18300,-1200,500,"sd","13:40:43",1645100
18300,-1200,200,"sd","13:40:43",1644600
18300,-1200,100,"sd","13:40:43",1644400
18300,-1200,200,"sd","13:40:43",1644300
18300,-1200,5000,"sd","13:40:43",1644100
18300,-1200,100,"sd","13:40:43",1639100
18300,-1200,2000,"sd","13:40:43",1639000
18300,-1200,1000,"sd","13:40:43",1637000
18300,-1200,500,"sd","13:40:43",1636000
18300,-1200,100,"sd","13:40:43",1635500
18300,-1200,1200,"sd","13:40:43",1635400
18350,-1150,100,"sd","13:40:43",1634200
18350,-1150,1000,"sd","13:40:43",1634100
18350,-1150,2000,"sd","13:40:43",1633100
18350,-1150,500,"sd","13:40:43",1631100
18350,-1150,100,"sd","13:40:43",1630600
18350,-1150,5000,"sd","13:40:43",1630500
18350,-1150,100,"sd","13:40:43",1625500
18350,-1150,200,"sd","13:40:43",1625400
18350,-1150,1000,"sd","13:40:43",1625200
18350,-1150,200,"sd","13:40:43",1624200
18350,-1150,900,"sd","13:40:43",1624000
18350,-1150,100,"sd","13:40:43",1623100
18350,-1150,100,"sd","13:40:43",1623000
18400,-1100,1000,"bu","13:40:40",1622900
18400,-1100,3000,"bu","13:40:39",1621900
18400,-1100,200,"bu","13:40:37",1618900
18400,-1100,300,"bu","13:40:31",1618700
18400,-1100,100,"bu","13:40:24",1618400
18400,-1100,300,"bu","13:40:17",1618300
18400,-1100,300,"sd","13:40:14",1618000
18400,-1100,500,"sd","13:40:14",1617700
18400,-1100,1000,"sd","13:40:14",1617200
18400,-1100,200,"sd","13:40:14",1616200
18400,-1100,200,"sd","13:40:14",1616000
18400,-1100,5000,"sd","13:40:14",1615800
18400,-1100,100,"sd","13:40:14",1610800
18400,-1100,2000,"sd","13:40:14",1610700
18400,-1100,4400,"sd","13:40:14",1608700
18400,-1100,100,"sd","13:40:14",1604300
18400,-1100,100,"sd","13:40:14",1604200
18400,-1100,100,"sd","13:40:14",1604100
18400,-1100,1000,"sd","13:40:14",1604000
18400,-1100,1000,"sd","13:40:14",1603000
18400,-1100,300,"sd","13:40:14",1602000
18400,-1100,2900,"sd","13:40:14",1601700
18400,-1100,2100,"sd","13:40:07",1598800
18400,-1100,200,"sd","13:40:07",1596700
18450,-1050,1000,"bu","13:40:02",1596500
18450,-1050,100,"bu","13:40:01",1595500
18400,-1100,300,"sd","13:39:51",1595400
18400,-1100,300,"sd","13:39:51",1595100
18400,-1100,100,"sd","13:39:51",1594800
18400,-1100,2000,"sd","13:39:51",1594700
18400,-1100,300,"sd","13:39:51",1592700
18450,-1050,300,"bu","13:39:46",1592400
18450,-1050,400,"bu","13:39:41",1592100
18450,-1050,100,"bu","13:39:41",1591700
18450,-1050,100,"bu","13:39:38",1591600
18450,-1050,500,"bu","13:39:28",1591500
18450,-1050,200,"bu","13:39:28",1591000
18400,-1100,3200,"sd","13:39:22",1590800
18450,-1050,100,"bu","13:39:10",1587600
18450,-1050,1900,"bu","13:39:10",1587500
18400,-1100,4000,"sd","13:39:04",1585600
18450,-1050,100,"bu","13:38:58",1581600
18450,-1050,300,"bu","13:38:58",1581500
18400,-1100,4000,"sd","13:38:50",1581200
18450,-1050,100,"bu","13:38:40",1577200
18400,-1100,10000,"sd","13:38:38",1577100
18400,-1100,4000,"sd","13:38:36",1567100
18450,-1050,2600,"bu","13:38:36",1563100
18450,-1050,200,"bu","13:38:36",1560500
18450,-1050,200,"bu","13:38:36",1560300
18450,-1050,1800,"bu","13:38:30",1560100
18450,-1050,1200,"bu","13:38:30",1558300
18450,-1050,1000,"bu","13:38:22",1557100
18400,-1100,800,"sd","13:38:14",1556100
18450,-1050,300,"bu","13:38:11",1555300
18450,-1050,100,"bu","13:38:05",1555000
18450,-1050,200,"bu","13:38:00",1554900
18450,-1050,100,"bu","13:37:56",1554700
18450,-1050,100,"bu","13:37:56",1554600
18450,-1050,100,"bu","13:37:51",1554500
18450,-1050,200,"bu","13:37:51",1554400
18450,-1050,200,"bu","13:37:45",1554200
18450,-1050,200,"bu","13:37:41",1554000
18450,-1050,100,"bu","13:37:38",1553800
18450,-1050,1000,"bu","13:37:37",1553700
18400,-1100,100,"sd","13:37:36",1552700
18400,-1100,600,"sd","13:37:24",1552600
18400,-1100,400,"bu","13:37:02",1552000
18400,-1100,100,"sd","13:37:02",1551600
18400,-1100,200,"sd","13:37:02",1551500
18400,-1100,300,"sd","13:37:02",1551300
18400,-1100,100,"sd","13:37:02",1551000
18400,-1100,200,"sd","13:37:02",1550900
18400,-1100,100,"sd","13:37:02",1550700
18400,-1100,500,"sd","13:37:02",1550600
18400,-1100,100,"sd","13:37:02",1550100
18400,-1100,900,"sd","13:36:36",1550000
18400,-1100,100,"sd","13:36:36",1549100
18400,-1100,800,"sd","13:36:36",1549000
18400,-1100,200,"sd","13:36:28",1548200
18400,-1100,100,"sd","13:36:28",1548000
18400,-1100,1000,"sd","13:36:28",1547900
18400,-1100,2000,"sd","13:36:28",1546900
18450,-1050,300,"bu","13:36:22",1544900
18450,-1050,1000,"bu","13:36:20",1544600
18450,-1050,200,"bu","13:36:19",1543600
18450,-1050,500,"bu","13:36:19",1543400
18450,-1050,1700,"bu","13:36:15",1542900
18450,-1050,500,"bu","13:36:15",1541200
18450,-1050,400,"bu","13:36:15",1540700
18450,-1050,500,"bu","13:36:15",1540300
18450,-1050,500,"bu","13:36:15",1539800
18450,-1050,4400,"bu","13:36:15",1539300
18400,-1100,1000,"sd","13:36:11",1534900
18400,-1100,100,"sd","13:36:11",1533900
18400,-1100,100,"sd","13:36:11",1533800
18400,-1100,1000,"sd","13:36:11",1533700
18400,-1100,100,"sd","13:36:11",1532700
18400,-1100,1500,"sd","13:36:11",1532600
18400,-1100,5000,"sd","13:36:09",1531100
18400,-1100,400,"sd","13:35:57",1526100
18450,-1050,100,"sd","13:35:48",1525700
18450,-1050,100,"sd","13:35:48",1525600
18450,-1050,400,"sd","13:35:48",1525500
18450,-1050,900,"sd","13:35:43",1525100
18450,-1050,100,"sd","13:35:43",1524200
18450,-1050,900,"sd","13:35:38",1524100
18450,-1050,3000,"sd","13:35:38",1523200
18450,-1050,500,"sd","13:35:38",1520200
18450,-1050,500,"sd","13:35:38",1519700
18450,-1050,100,"sd","13:35:38",1519200
18450,-1050,100,"sd","13:35:25",1519100
18450,-1050,100,"sd","13:35:25",1519000
18500,-1000,100,"bu","13:34:51",1518900
18500,-1000,2700,"bu","13:34:45",1518800
18500,-1000,100,"bu","13:34:41",1516100
18500,-1000,100,"sd","13:34:38",1516000
18500,-1000,1000,"sd","13:34:38",1515900
18500,-1000,100,"sd","13:34:38",1514900
18500,-1000,300,"sd","13:34:38",1514800
18500,-1000,200,"sd","13:34:38",1514500
18500,-1000,300,"sd","13:34:38",1514300
18550,-950,100,"bu","13:34:30",1514000
18550,-950,700,"bu","13:34:24",1513900
18550,-950,200,"bu","13:34:24",1513200
18500,-1000,200,"sd","13:34:15",1513000
18500,-1000,100,"sd","13:34:15",1512800
18500,-1000,700,"sd","13:34:15",1512700
18500,-1000,1000,"sd","13:33:43",1512000
18500,-1000,500,"bu","13:33:29",1511000
18500,-1000,900,"bu","13:33:29",1510500
18500,-1000,100,"bu","13:33:28",1509600
18500,-1000,300,"bu","13:33:25",1509500
18500,-1000,500,"bu","13:33:23",1509200
18500,-1000,300,"bu","13:33:12",1508700
18500,-1000,200,"bu","13:33:07",1508400
18500,-1000,2500,"bu","13:33:00",1508200
18500,-1000,500,"sd","13:33:00",1505700
18500,-1000,1000,"sd","13:33:00",1505200
18500,-1000,100,"sd","13:33:00",1504200
18500,-1000,1000,"sd","13:33:00",1504100
18500,-1000,500,"sd","13:33:00",1503100
18500,-1000,12100,"sd","13:33:00",1502600
18550,-950,100,"bu","13:32:52",1490500
18500,-1000,500,"sd","13:32:46",1490400
18500,-1000,1400,"bu","13:32:33",1489900
18500,-1000,300,"sd","13:32:31",1488500
18500,-1000,13300,"sd","13:32:31",1488200
18500,-1000,1700,"bu","13:32:21",1474900
18500,-1000,300,"sd","13:32:18",1473200
18500,-1000,200,"sd","13:32:18",1472900
18500,-1000,200,"sd","13:32:18",1472700
18500,-1000,1700,"sd","13:32:18",1472500
18550,-950,200,"bu","13:32:17",1470800
18600,-900,100,"bu","13:32:07",1470600
18600,-900,100,"bu","13:31:58",1470500
18500,-1000,3300,"sd","13:31:46",1470400
18500,-1000,3000,"sd","13:31:46",1467100
18500,-1000,100,"sd","13:31:46",1464100
18500,-1000,500,"sd","13:31:46",1464000
18500,-1000,200,"sd","13:31:46",1463500
18500,-1000,2900,"sd","13:31:46",1463300
18600,-900,700,"bu","13:31:45",1460400
18600,-900,200,"bu","13:31:34",1459700
18500,-1000,400,"sd","13:31:29",1459500
18600,-900,500,"sd","13:31:17",1459100
18600,-900,1900,"bu","13:31:14",1458600
18500,-1000,300,"sd","13:31:08",1456700
18500,-1000,2000,"sd","13:31:08",1456400
18500,-1000,200,"sd","13:31:08",1454400
18500,-1000,500,"sd","13:31:08",1454200
18500,-1000,1000,"sd","13:31:08",1453700
18600,-900,100,"bu","13:31:07",1452700
18600,-900,100,"bu","13:30:57",1452600
18400,-1100,1000,"sd","13:30:45",1452500
18450,-1050,1000,"sd","13:30:45",1451500
18500,-1000,100,"bu","13:30:45",1450500
18500,-1000,900,"bu","13:30:45",1450400
18500,-1000,400,"bu","13:30:42",1449500
18500,-1000,300,"bu","13:30:41",1449100
18500,-1000,200,"bu","13:30:41",1448800
18400,-1100,2100,"sd","13:30:40",1448600
18400,-1100,100,"sd","13:30:40",1446500
18400,-1100,5000,"sd","13:30:40",1446400
18400,-1100,200,"sd","13:30:40",1441400
18400,-1100,500,"sd","13:30:40",1441200
18400,-1100,300,"sd","13:30:40",1440700
18400,-1100,3000,"sd","13:30:40",1440400
18400,-1100,800,"sd","13:30:40",1437400
18400,-1100,1200,"bu","13:30:15",1436600
18400,-1100,500,"bu","13:30:14",1435400
18400,-1100,2000,"bu","13:30:07",1434900
18400,-1100,500,"bu","13:30:04",1432900
18400,-1100,200,"bu","13:30:03",1432400
18400,-1100,500,"bu","13:29:59",1432200
18400,-1100,200,"bu","13:29:55",1431700
18400,-1100,200,"bu","13:29:51",1431500
18300,-1200,300,"sd","13:29:39",1431300
18300,-1200,500,"sd","13:29:39",1431000
18300,-1200,200,"sd","13:29:39",1430500
18300,-1200,100,"sd","13:29:39",1430300
18300,-1200,400,"sd","13:29:39",1430200
18300,-1200,200,"sd","13:29:39",1429800
18350,-1150,500,"sd","13:29:39",1429600
18350,-1150,200,"sd","13:29:39",1429100
18350,-1150,100,"sd","13:29:39",1428900
18350,-1150,100,"sd","13:29:39",1428800
18400,-1100,200,"sd","13:29:34",1428700
18400,-1100,2000,"sd","13:29:34",1428500
18400,-1100,300,"sd","13:29:34",1426500
18400,-1100,200,"sd","13:29:34",1426200
18400,-1100,100,"sd","13:29:34",1426000
18450,-1050,100,"sd","13:29:34",1425900
18450,-1050,1000,"sd","13:29:34",1425800
18450,-1050,800,"sd","13:29:34",1424800
18450,-1050,2200,"sd","13:29:33",1424000
18450,-1050,200,"sd","13:29:33",1421800
18450,-1050,300,"sd","13:29:33",1421600
18500,-1000,300,"sd","13:29:33",1421300
18500,-1000,1000,"sd","13:29:33",1421000
18500,-1000,6000,"sd","13:29:33",1420000
18500,-1000,14000,"sd","13:29:27",1414000
18500,-1000,500,"sd","13:29:27",1400000
18500,-1000,200,"sd","13:29:27",1399500
18500,-1000,300,"sd","13:29:27",1399300
18500,-1000,10000,"sd","13:29:27",1399000
18500,-1000,100,"sd","13:29:27",1389000
18500,-1000,100,"sd","13:29:27",1388900
18500,-1000,500,"sd","13:29:27",1388800
18500,-1000,500,"sd","13:29:27",1388300
18500,-1000,100,"sd","13:29:27",1387800
18500,-1000,1100,"sd","13:29:27",1387700
18500,-1000,200,"sd","13:29:27",1386600
18500,-1000,1500,"sd","13:29:27",1386400
18500,-1000,500,"sd","13:29:27",1384900
18500,-1000,1000,"sd","13:29:27",1384400
18500,-1000,2000,"sd","13:29:27",1383400
18500,-1000,200,"sd","13:29:27",1381400
18500,-1000,100,"sd","13:29:27",1381200
18500,-1000,1000,"sd","13:29:27",1381100
18500,-1000,2000,"sd","13:29:27",1380100
18500,-1000,4000,"sd","13:29:27",1378100
18500,-1000,1000,"sd","13:29:27",1374100
18500,-1000,100,"sd","13:29:27",1373100
18500,-1000,5200,"sd","13:29:27",1373000
18500,-1000,200,"sd","13:29:27",1367800
18500,-1000,200,"sd","13:29:27",1367600
18500,-1000,10000,"sd","13:29:27",1367400
18500,-1000,10000,"sd","13:29:27",1357400
18500,-1000,100,"sd","13:29:27",1347400
18500,-1000,2000,"sd","13:29:27",1347300
18500,-1000,31300,"sd","13:29:27",1345300
18500,-1000,600,"sd","13:29:24",1314000
18500,-1000,100,"sd","13:29:21",1313400
18500,-1000,3000,"sd","13:29:20",1313300
18500,-1000,5000,"sd","13:29:20",1310300
18550,-950,700,"sd","13:29:20",1305300
18600,-900,1000,"unknown","13:29:20",1304600
18550,-950,800,"sd","13:29:20",1303600
18550,-950,300,"sd","13:29:20",1302800
18550,-950,400,"sd","13:29:20",1302500
18550,-950,100,"sd","13:29:20",1302100
18550,-950,100,"sd","13:29:20",1302000
18550,-950,100,"sd","13:29:20",1301900
18600,-900,1000,"sd","13:29:20",1301800
18600,-900,1000,"sd","13:29:20",1300800
18600,-900,500,"sd","13:29:20",1299800
18600,-900,1000,"sd","13:29:20",1299300
18600,-900,500,"sd","13:29:20",1298300
18600,-900,100,"sd","13:29:20",1297800
18600,-900,200,"sd","13:29:20",1297700
18600,-900,200,"sd","13:29:20",1297500
18600,-900,5000,"sd","13:29:20",1297300
18600,-900,500,"sd","13:29:20",1292300
18600,-900,500,"sd","13:29:20",1291800
18600,-900,500,"sd","13:29:20",1291300
18600,-900,49900,"sd","13:29:20",1290800
18600,-900,500,"sd","13:29:20",1240900
18600,-900,5000,"sd","13:29:20",1240400
18600,-900,1000,"sd","13:29:20",1235400
18600,-900,3000,"sd","13:29:20",1234400
18600,-900,200,"sd","13:29:20",1231400
18600,-900,200,"sd","13:29:20",1231200
18600,-900,100,"sd","13:29:20",1231000
18600,-900,1000,"sd","13:29:20",1230900
18600,-900,500,"sd","13:29:20",1229900
18600,-900,100,"sd","13:29:20",1229400
18600,-900,500,"sd","13:29:20",1229300
18600,-900,1000,"sd","13:29:20",1228800
18600,-900,600,"sd","13:29:20",1227800
18600,-900,100,"sd","13:29:20",1227200
18600,-900,600,"sd","13:29:20",1227100
18600,-900,300,"sd","13:29:20",1226500
18600,-900,500,"sd","13:29:20",1226200
18600,-900,100,"sd","13:29:20",1225700
18600,-900,6000,"sd","13:29:20",1225600
18600,-900,500,"sd","13:29:20",1219600
18600,-900,2000,"sd","13:29:20",1219100
18600,-900,1200,"sd","13:29:20",1217100
18600,-900,5000,"sd","13:29:20",1215900
18600,-900,200,"sd","13:29:20",1210900
18600,-900,1000,"sd","13:29:20",1210700
18600,-900,500,"sd","13:29:20",1209700
18600,-900,50000,"sd","13:29:20",1209200
18600,-900,7000,"sd","13:29:20",1159200
18650,-850,100,"sd","13:29:20",1152200
18650,-850,1000,"sd","13:29:20",1152100
18650,-850,500,"sd","13:29:20",1151100
18650,-850,300,"sd","13:29:20",1150600
18650,-850,300,"sd","13:29:20",1150300
18650,-850,5000,"sd","13:29:20",1150000
18650,-850,2000,"sd","13:29:20",1145000
18650,-850,100,"sd","13:29:20",1143000
18650,-850,2000,"sd","13:29:20",1142900
18650,-850,100,"sd","13:29:20",1140900
18650,-850,100,"sd","13:29:20",1140800
18650,-850,500,"sd","13:29:20",1140700
18650,-850,200,"sd","13:29:20",1140200
18650,-850,1600,"sd","13:29:20",1140000
18650,-850,100,"sd","13:29:20",1138400
18650,-850,3000,"sd","13:29:20",1138300
18650,-850,300,"sd","13:29:19",1135300
18650,-850,100,"sd","13:29:19",1135000
18650,-850,1000,"sd","13:29:19",1134900
18650,-850,1000,"sd","13:29:19",1133900
18700,-800,300,"sd","13:29:19",1132900
18700,-800,2000,"sd","13:29:19",1132600
18700,-800,200,"sd","13:29:19",1130600
18700,-800,400,"sd","13:29:19",1130400
18700,-800,100,"sd","13:29:19",1130000
18700,-800,300,"sd","13:29:19",1129900
18700,-800,100,"sd","13:29:19",1129600
18700,-800,500,"sd","13:29:19",1129500
18700,-800,2000,"sd","13:29:19",1129000
18700,-800,200,"sd","13:29:19",1127000
18700,-800,5000,"sd","13:29:19",1126800
18700,-800,200,"sd","13:29:19",1121800
18700,-800,3000,"sd","13:29:19",1121600
18700,-800,100,"sd","13:29:19",1118600
18700,-800,500,"sd","13:29:19",1118500
18700,-800,100,"sd","13:29:19",1118000
18700,-800,100,"sd","13:29:19",1117900
18700,-800,200,"sd","13:29:19",1117800
18700,-800,10000,"sd","13:29:19",1117600
18700,-800,500,"sd","13:29:19",1107600
18700,-800,1000,"sd","13:29:19",1107100
18700,-800,100,"sd","13:29:19",1106100
18700,-800,1500,"sd","13:29:19",1106000
18700,-800,100,"sd","13:29:19",1104500
18700,-800,100,"sd","13:29:19",1104400
18700,-800,500,"sd","13:29:19",1104300
18700,-800,100,"sd","13:29:19",1103800
18700,-800,100,"sd","13:29:19",1103700
18750,-750,100,"sd","13:29:10",1103600
18750,-750,1000,"sd","13:29:10",1103500
18750,-750,100,"sd","13:29:10",1102500
18750,-750,700,"sd","13:29:10",1102400
18750,-750,200,"sd","13:29:10",1101700
18750,-750,800,"sd","13:29:10",1101500
18750,-750,100,"sd","13:29:10",1100700
18750,-750,1000,"sd","13:29:10",1100600
18750,-750,1000,"sd","13:29:10",1099600
18750,-750,300,"sd","13:29:10",1098600
18800,-700,5000,"sd","13:29:06",1098300
18800,-700,400,"sd","13:29:06",1093300
18800,-700,200,"sd","13:29:05",1092900
18800,-700,100,"sd","13:29:05",1092700
18800,-700,500,"sd","13:29:05",1092600
18800,-700,5800,"sd","13:29:05",1092100
18800,-700,600,"sd","13:28:52",1086300
18850,-650,100,"bu","13:28:01",1085700
18850,-650,100,"bu","13:28:01",1085600
18800,-700,1800,"sd","13:27:44",1085500
18800,-700,100,"sd","13:26:42",1083700
18800,-700,100,"sd","13:26:34",1083600
18800,-700,2000,"sd","13:26:28",1083500
18850,-650,100,"bu","13:26:20",1081500
18800,-700,400,"sd","13:26:07",1081400
18800,-700,1600,"sd","13:25:57",1081000
18850,-650,100,"bu","13:24:35",1079400
18800,-700,8600,"sd","13:24:34",1079300
18800,-700,100,"sd","13:24:34",1070700
18800,-700,100,"sd","13:24:34",1070600
18800,-700,3000,"sd","13:24:34",1070500
18800,-700,200,"sd","13:24:34",1067500
18850,-650,200,"sd","13:23:52",1067300
18850,-650,100,"sd","13:23:52",1067100
18900,-600,3700,"bu","13:23:20",1067000
18900,-600,1000,"bu","13:23:20",1063300
18850,-650,100,"bu","13:22:54",1062300
18850,-650,1900,"bu","13:22:36",1062200
18850,-650,400,"bu","13:22:36",1060300
18800,-700,300,"sd","13:22:36",1059900
18850,-650,100,"sd","13:21:41",1059600
18850,-650,100,"sd","13:18:30",1059500
18850,-650,200,"bu","13:17:55",1059400
18800,-700,100,"sd","13:17:20",1059200
18850,-650,1700,"bu","13:17:07",1059100
18800,-700,200,"sd","13:16:53",1057400
18800,-700,200,"sd","13:16:25",1057200
18800,-700,200,"sd","13:16:04",1057000
18800,-700,200,"sd","13:15:35",1056800
18850,-650,100,"bu","13:13:13",1056600
18800,-700,400,"bu","13:13:02",1056500
18800,-700,400,"bu","13:13:02",1056100
18800,-700,1000,"bu","13:13:01",1055700
18800,-700,1000,"bu","13:12:23",1054700
18750,-750,100,"sd","13:11:54",1053700
18800,-700,100,"bu","13:11:45",1053600
18750,-750,100,"sd","13:11:41",1053500
18750,-750,1300,"sd","13:09:58",1053400
18750,-750,700,"sd","13:09:58",1052100
18750,-750,300,"sd","13:09:57",1051400
18750,-750,300,"bu","13:08:04",1051100
18750,-750,100,"bu","13:07:31",1050800
18750,-750,100,"bu","13:07:17",1050700
18750,-750,1000,"bu","13:07:05",1050600
18750,-750,5000,"sd","13:06:39",1049600
18750,-750,500,"sd","13:06:39",1044600
18750,-750,500,"sd","13:06:39",1044100
18750,-750,200,"sd","13:06:39",1043600
18750,-750,100,"sd","13:06:39",1043400
18750,-750,500,"sd","13:06:39",1043300
18750,-750,1000,"sd","13:06:39",1042800
18750,-750,100,"sd","13:06:39",1041800
18750,-750,200,"sd","13:06:39",1041700
18750,-750,100,"sd","13:06:39",1041500
18750,-750,100,"sd","13:06:39",1041400
18750,-750,200,"sd","13:06:39",1041300
18800,-700,100,"bu","13:06:21",1041100
18800,-700,2000,"sd","13:06:18",1041000
18800,-700,500,"sd","13:06:18",1039000
18800,-700,200,"sd","13:06:18",1038500
18800,-700,300,"sd","13:06:18",1038300
18800,-700,1000,"sd","13:06:18",1038000
18800,-700,100,"sd","13:06:18",1037000
18800,-700,100,"sd","13:06:18",1036900
18800,-700,5000,"sd","13:06:18",1036800
18800,-700,100,"sd","13:06:18",1031800
18800,-700,200,"sd","13:06:18",1031700
18800,-700,100,"sd","13:06:18",1031500
18800,-700,200,"sd","13:06:18",1031400
18800,-700,500,"sd","13:06:18",1031200
18800,-700,500,"sd","13:06:18",1030700
18800,-700,500,"sd","13:06:18",1030200
18800,-700,100,"sd","13:06:18",1029700
18800,-700,500,"sd","13:06:18",1029600
18800,-700,100,"sd","13:06:18",1029100
18800,-700,7400,"sd","13:06:18",1029000
18800,-700,600,"sd","13:06:12",1021600
18800,-700,1500,"sd","13:06:12",1021000
18800,-700,1200,"sd","13:06:12",1019500
18850,-650,1000,"sd","13:06:12",1018300
18850,-650,2200,"sd","13:06:12",1017300
18850,-650,500,"sd","13:06:12",1015100
18850,-650,100,"sd","13:06:12",1014600
18900,-600,700,"sd","13:06:12",1014500
18900,-600,600,"sd","13:05:58",1013800
18900,-600,500,"sd","13:05:58",1013200
18900,-600,900,"sd","13:05:58",1012700
18900,-600,100,"sd","13:05:30",1011800
18900,-600,100,"bu","13:03:23",1011700
18900,-600,300,"sd","13:03:22",1011600
18900,-600,400,"sd","13:01:20",1011300
18900,-600,600,"sd","13:00:23",1010900
18900,-600,200,"sd","13:00:23",1010300
18900,-600,100,"sd","13:00:23",1010100
18900,-600,1000,"sd","13:00:23",1010000
18800,-700,200,"sd","13:00:04",1009000
18850,-650,5000,"sd","13:00:03",1008800
18950,-550,1000,"bu","13:00:03",1003800
18900,-600,200,"bu","13:00:02",1002800
18900,-600,1000,"sd","13:00:02",1002600
18900,-600,1800,"sd","13:00:02",1001600
18900,-600,900,"sd","13:00:01",999800
18900,-600,100,"sd","13:00:01",998900
18900,-600,100,"sd","13:00:01",998800
18800,-700,1000,"sd","13:00:01",998700
18800,-700,3600,"sd","13:00:01",997700
18800,-700,100,"sd","13:00:01",994100
18800,-700,100,"sd","13:00:01",994000
18800,-700,1000,"sd","13:00:01",993900
18800,-700,100,"sd","13:00:01",992900
18800,-700,100,"sd","13:00:01",992800
18800,-700,1000,"sd","13:00:01",992700
18800,-700,100,"sd","13:00:01",991700
18900,-600,100,"sd","13:00:01",991600
18900,-600,3800,"sd","13:00:01",991500
18900,-600,500,"sd","11:29:52",987700
18900,-600,500,"bu","11:28:35",987200
18900,-600,500,"bu","11:28:35",986700
18900,-600,200,"bu","11:28:35",986200
18850,-650,4500,"bu","11:28:35",986000
18850,-650,500,"sd","11:27:46",981500
18850,-650,200,"sd","11:27:46",981000
18850,-650,1000,"sd","11:27:46",980800
18850,-650,800,"sd","11:27:46",979800
18900,-600,100,"bu","11:25:42",979000
18900,-600,2200,"bu","11:25:29",978900
18900,-600,500,"bu","11:24:55",976700
18850,-650,300,"sd","11:24:51",976200
18800,-700,400,"sd","11:24:39",975900
18800,-700,100,"sd","11:24:39",975500
18800,-700,100,"sd","11:24:39",975400
18800,-700,100,"sd","11:24:39",975300
18850,-650,100,"sd","11:24:35",975200
18800,-700,900,"sd","11:21:38",975100
18800,-700,100,"sd","11:21:38",974200
18800,-700,400,"sd","11:20:20",974100
18800,-700,4500,"sd","11:18:21",973700
18800,-700,10000,"sd","11:18:21",969200
18800,-700,200,"sd","11:18:21",959200
18850,-650,1000,"sd","11:18:21",959000
18850,-650,100,"sd","11:18:21",958000
18850,-650,1000,"sd","11:18:21",957900
18850,-650,3000,"sd","11:18:21",956900
18850,-650,800,"sd","11:18:21",953900
18850,-650,2000,"sd","11:18:21",953100
18900,-600,200,"sd","11:18:21",951100
18900,-600,13400,"sd","11:18:21",950900
18900,-600,4300,"sd","11:18:13",937500
18900,-600,13100,"sd","11:17:59",933200
18900,-600,200,"sd","11:17:59",920100
18900,-600,1300,"sd","11:17:59",919900
18900,-600,1700,"sd","11:17:59",918600
18900,-600,300,"sd","11:17:11",916900
18900,-600,300,"sd","11:17:11",916600
18900,-600,500,"sd","11:17:11",916300
18900,-600,900,"sd","11:17:11",915800
18900,-600,100,"sd","11:16:33",914900
18900,-600,500,"sd","11:16:33",914800
18900,-600,100,"sd","11:16:33",914300
18950,-550,500,"bu","11:16:14",914200
19000,-500,6000,"bu","11:15:01",913700
19000,-500,100,"bu","11:14:21",907700
19000,-500,1600,"sd","11:13:38",907600
19000,-500,200,"sd","11:13:38",906000
19000,-500,4200,"sd","11:13:38",905800
19000,-500,1900,"sd","11:13:38",901600
19000,-500,1000,"sd","11:13:38",899700
19000,-500,1700,"sd","11:13:38",898700
19000,-500,3000,"sd","11:13:18",897000
19000,-500,200,"sd","11:13:07",894000
19000,-500,200,"sd","11:11:28",893800
19000,-500,8900,"sd","11:11:06",893600
19000,-500,1100,"sd","11:11:06",884700
19000,-500,3800,"sd","11:10:03",883600
19000,-500,1200,"sd","11:10:03",879800
19000,-500,800,"bu","11:09:45",878600
19000,-500,5500,"bu","11:09:41",877800
19000,-500,500,"bu","11:09:19",872300
19000,-500,500,"bu","11:09:05",871800
19000,-500,100,"bu","11:08:53",871300
19000,-500,3000,"bu","11:08:49",871200
19000,-500,200,"bu","11:08:24",868200
19000,-500,1000,"bu","11:07:44",868000
19000,-500,1000,"bu","11:07:34",867000
19000,-500,100,"sd","11:07:31",866000
19000,-500,400,"sd","11:07:31",865900
19000,-500,8000,"sd","11:07:31",865500
19000,-500,100,"bu","11:07:16",857500
19000,-500,800,"bu","11:07:16",857400
19000,-500,1700,"bu","11:07:16",856600
19000,-500,200,"bu","11:07:16",854900
19000,-500,9200,"bu","11:07:16",854700
19000,-500,10800,"bu","11:07:06",845500
19000,-500,14400,"bu","11:07:06",834700
18950,-550,4800,"bu","11:07:06",820300
18950,-550,1600,"bu","11:07:01",815500
18950,-550,200,"bu","11:06:53",813900
18950,-550,3000,"bu","11:06:49",813700
18950,-550,400,"bu","11:05:38",810700
18950,-550,1000,"bu","11:05:38",810300
18950,-550,100,"bu","11:05:38",809300
18950,-550,9000,"bu","11:05:31",809200
18900,-600,100,"bu","11:04:50",800200
18900,-600,4100,"bu","11:04:50",800100
18850,-650,900,"bu","11:04:50",796000
18850,-650,100,"sd","11:04:45",795100
18850,-650,100,"sd","11:04:32",795000
18850,-650,200,"sd","11:04:32",794900
18850,-650,200,"sd","11:04:32",794700
18850,-650,200,"sd","11:04:32",794500
18850,-650,800,"sd","11:04:32",794300
18850,-650,3000,"sd","11:04:32",793500
18850,-650,100,"sd","11:04:32",790500
18850,-650,100,"sd","11:04:32",790400
18850,-650,2300,"sd","11:04:32",790300
18900,-600,500,"bu","11:03:14",788000
18900,-600,200,"bu","11:02:04",787500
18900,-600,200,"bu","11:02:01",787300
18900,-600,400,"bu","11:01:42",787100
18900,-600,200,"bu","11:01:14",786700
18850,-650,700,"bu","11:00:57",786500
18850,-650,100,"bu","11:00:24",785800
18850,-650,1000,"sd","11:00:05",785700
18850,-650,1000,"sd","11:00:05",784700
18850,-650,200,"sd","11:00:05",783700
18850,-650,2000,"sd","11:00:05",783500
18900,-600,2000,"sd","10:59:43",781500
18900,-600,4000,"sd","10:59:43",779500
18900,-600,500,"sd","10:59:20",775500
18900,-600,100,"sd","10:59:20",775000
18900,-600,900,"bu","10:58:38",774900
18900,-600,100,"bu","10:58:05",774000
18900,-600,200,"sd","10:58:04",773900
18900,-600,500,"sd","10:58:04",773700
18900,-600,200,"sd","10:58:04",773200
18900,-600,300,"sd","10:58:04",773000
18950,-550,1000,"bu","10:57:15",772700
18900,-600,200,"bu","10:55:27",771700
18800,-700,1300,"sd","10:54:34",771500
18800,-700,1000,"sd","10:54:33",770200
18800,-700,2000,"sd","10:54:33",769200
18800,-700,100,"sd","10:54:33",767200
18800,-700,300,"sd","10:54:33",767100
18800,-700,300,"sd","10:54:33",766800
18850,-650,300,"bu","10:53:18",766500
18850,-650,400,"bu","10:52:42",766200
18800,-700,100,"sd","10:51:45",765800
18800,-700,100,"sd","10:51:45",765700
18850,-650,100,"sd","10:51:04",765600
18850,-650,500,"sd","10:51:04",765500
18850,-650,200,"sd","10:51:04",765000
18850,-650,1400,"sd","10:50:12",764800
18850,-650,8600,"sd","10:50:00",763400
18850,-650,500,"sd","10:50:00",754800
18850,-650,1000,"sd","10:50:00",754300
18850,-650,500,"sd","10:50:00",753300
18850,-650,6000,"sd","10:50:00",752800
18850,-650,200,"sd","10:50:00",746800
18850,-650,5000,"sd","10:50:00",746600
18850,-650,2000,"sd","10:50:00",741600
18850,-650,500,"sd","10:50:00",739600
18850,-650,2000,"sd","10:50:00",739100
18850,-650,2000,"sd","10:50:00",737100
18850,-650,500,"sd","10:50:00",735100
18900,-600,200,"sd","10:50:00",734600
18900,-600,1000,"sd","10:50:00",734400
18900,-600,3500,"sd","10:50:00",733400
18900,-600,100,"sd","10:50:00",729900
18900,-600,6400,"sd","10:50:00",729800
18950,-550,1000,"sd","10:50:00",723400
18950,-550,100,"sd","10:50:00",722400
18950,-550,100,"sd","10:50:00",722300
18950,-550,5000,"sd","10:50:00",722200
18950,-550,3800,"sd","10:50:00",717200
18950,-550,500,"sd","10:49:31",713400
19000,-500,600,"bu","10:49:23",712900
19000,-500,100,"bu","10:49:23",712300
19000,-500,500,"bu","10:49:14",712200
19000,-500,300,"bu","10:49:12",711700
18950,-550,500,"sd","10:48:57",711400
18950,-550,200,"sd","10:48:43",710900
18950,-550,2000,"sd","10:48:20",710700
18950,-550,100,"sd","10:45:51",708700
18950,-550,200,"sd","10:43:53",708600
18950,-550,200,"sd","10:43:10",708400
18950,-550,2500,"bu","10:41:30",708200
18950,-550,100,"bu","10:41:13",705700
18950,-550,4500,"bu","10:41:03",705600
18900,-600,700,"bu","10:40:30",701100
18900,-600,2300,"bu","10:40:26",700400
18900,-600,300,"sd","10:40:17",698100
18900,-600,5000,"sd","10:40:17",697800
18900,-600,1100,"sd","10:40:17",692800
18900,-600,300,"sd","10:40:17",691700
18900,-600,300,"sd","10:40:17",691400
18950,-550,1900,"bu","10:39:40",691100
18950,-550,300,"bu","10:39:28",689200
18950,-550,1400,"sd","10:38:40",688900
18950,-550,1200,"sd","10:38:40",687500
18950,-550,200,"sd","10:38:28",686300
18950,-550,1900,"bu","10:37:57",686100
18950,-550,3000,"bu","10:37:57",684200
18950,-550,100,"bu","10:37:57",681200
18950,-550,100,"bu","10:37:44",681100
18950,-550,200,"bu","10:37:44",681000
18900,-600,100,"sd","10:37:05",680800
18900,-600,100,"bu","10:36:13",680700
18900,-600,300,"bu","10:36:09",680600
18900,-600,200,"bu","10:36:02",680300
18900,-600,200,"bu","10:35:48",680100
18900,-600,300,"bu","10:35:00",679900
18900,-600,300,"bu","10:34:40",679600
18850,-650,500,"sd","10:34:07",679300
18850,-650,2100,"sd","10:33:57",678800
18850,-650,1100,"sd","10:33:57",676700
18850,-650,100,"sd","10:33:57",675600
18850,-650,1000,"sd","10:33:57",675500
18850,-650,400,"sd","10:33:57",674500
18850,-650,900,"sd","10:33:57",674100
18900,-600,2100,"bu","10:33:46",673200
18900,-600,500,"bu","10:33:36",671100
18900,-600,500,"bu","10:33:06",670600
18900,-600,100,"bu","10:32:40",670100
18900,-600,500,"bu","10:31:49",670000
18900,-600,100,"bu","10:31:04",669500
18900,-600,300,"bu","10:31:01",669400
18900,-600,600,"bu","10:30:36",669100
18900,-600,1000,"bu","10:30:21",668500
18900,-600,200,"bu","10:29:59",667500
18900,-600,300,"bu","10:29:31",667300
18850,-650,100,"sd","10:28:45",667000
18850,-650,400,"sd","10:28:45",666900
18900,-600,300,"bu","10:28:29",666500
18900,-600,400,"bu","10:28:16",666200
18900,-600,100,"bu","10:28:16",665800
18850,-650,100,"bu","10:28:05",665700
18850,-650,100,"sd","10:27:11",665600
18850,-650,100,"sd","10:26:53",665500
18850,-650,300,"sd","10:26:53",665400
18850,-650,100,"sd","10:26:53",665100
18900,-600,200,"bu","10:26:41",665000
18900,-600,300,"bu","10:25:50",664800
18900,-600,100,"sd","10:25:45",664500
18900,-600,100,"sd","10:25:45",664400
18900,-600,100,"sd","10:25:45",664300
18950,-550,100,"bu","10:25:40",664200
18950,-550,500,"bu","10:25:33",664100
18900,-600,200,"sd","10:24:22",663600
18900,-600,2000,"sd","10:22:59",663400
18850,-650,700,"bu","10:21:49",661400
18850,-650,100,"bu","10:21:04",660700
18850,-650,100,"sd","10:20:49",660600
18900,-600,100,"sd","10:20:49",660500
18950,-550,300,"bu","10:19:59",660400
18950,-550,1800,"bu","10:15:08",660100
18950,-550,500,"bu","10:15:08",658300
18950,-550,2700,"bu","10:15:08",657800
18950,-550,1000,"bu","10:14:37",655100
18950,-550,500,"bu","10:14:12",654100
18950,-550,10800,"bu","10:12:46",653600
18950,-550,100,"bu","10:12:46",642800
18950,-550,2500,"bu","10:12:46",642700
18950,-550,200,"bu","10:12:46",640200
18800,-700,600,"sd","10:12:46",640000
18850,-650,800,"sd","10:12:46",639400
18850,-650,100,"sd","10:12:46",638600
18850,-650,300,"sd","10:12:46",638500
18850,-650,1200,"sd","10:12:46",638200
18850,-650,200,"sd","10:12:36",637000
18950,-550,100,"bu","10:11:55",636800
18950,-550,300,"bu","10:11:22",636700
18950,-550,400,"bu","10:10:31",636400
18950,-550,2000,"bu","10:10:31",636000
18900,-600,600,"bu","10:10:31",634000
18900,-600,200,"bu","10:10:11",633400
18900,-600,1000,"bu","10:10:11",633200
18850,-650,100,"bu","10:09:40",632200
18800,-700,100,"bu","10:09:20",632100
18800,-700,300,"bu","10:09:20",632000
18800,-700,1700,"bu","10:09:20",631700
18800,-700,100,"bu","10:09:18",630000
18800,-700,100,"bu","10:09:17",629900
18800,-700,3000,"bu","10:09:17",629800
18800,-700,4500,"bu","10:09:17",626800
18800,-700,1000,"bu","10:09:17",622300
18800,-700,1500,"bu","10:09:17",621300
18800,-700,200,"bu","10:09:10",619800
18800,-700,100,"bu","10:08:57",619600
18800,-700,100,"bu","10:08:52",619500
18800,-700,100,"bu","10:08:47",619400
18800,-700,300,"bu","10:08:37",619300
18800,-700,200,"bu","10:08:33",619000
18800,-700,500,"bu","10:08:30",618800
18800,-700,100,"bu","10:08:30",618300
18800,-700,500,"bu","10:08:29",618200
18800,-700,100,"bu","10:08:28",617700
18800,-700,500,"bu","10:08:06",617600
18750,-750,800,"sd","10:07:54",617100
18750,-750,200,"sd","10:07:54",616300
18800,-700,100,"bu","10:07:53",616100
18800,-700,200,"bu","10:07:46",616000
18800,-700,1500,"bu","10:07:45",615800
18800,-700,100,"bu","10:07:33",614300
18800,-700,100,"bu","10:07:33",614200
18800,-700,100,"bu","10:07:33",614100
18750,-750,300,"sd","10:05:57",614000
18750,-750,100,"sd","10:05:57",613700
18750,-750,900,"sd","10:05:57",613600
18750,-750,100,"sd","10:05:57",612700
18750,-750,1100,"sd","10:05:57",612600
18750,-750,200,"sd","10:05:57",611500
18750,-750,100,"sd","10:05:57",611300
18750,-750,100,"sd","10:05:57",611200
18750,-750,100,"sd","10:05:57",611100
18800,-700,100,"bu","10:05:41",611000
18750,-750,100,"sd","10:05:31",610900
18800,-700,700,"bu","10:05:26",610800
18800,-700,300,"bu","10:04:57",610100
18750,-750,100,"sd","10:04:18",609800
18750,-750,500,"bu","10:04:01",609700
18750,-750,200,"bu","10:04:01",609200
18750,-750,300,"bu","10:03:33",609000
18750,-750,200,"sd","10:03:17",608700
18750,-750,300,"sd","10:03:17",608500
18750,-750,500,"sd","10:03:17",608200
18800,-700,200,"bu","10:02:33",607700
18700,-800,600,"sd","10:02:20",607500
18800,-700,100,"bu","10:02:01",606900
18700,-800,100,"bu","10:01:36",606800
18650,-850,100,"bu","10:01:31",606700
18650,-850,100,"bu","10:01:31",606600
18650,-850,100,"bu","10:01:28",606500
18650,-850,100,"bu","10:01:26",606400
18650,-850,100,"bu","10:01:25",606300
18650,-850,100,"bu","10:01:24",606200
18650,-850,100,"bu","10:01:24",606100
18650,-850,100,"bu","10:01:23",606000
18650,-850,200,"bu","10:01:21",605900
18650,-850,500,"bu","10:01:18",605700
18650,-850,1000,"bu","10:01:13",605200
18600,-900,3000,"sd","10:01:05",604200
18650,-850,300,"bu","10:01:04",601200
18650,-850,300,"bu","10:01:02",600900
18650,-850,300,"bu","10:00:58",600600
18650,-850,2500,"bu","10:00:47",600300
18650,-850,100,"bu","10:00:45",597800
18650,-850,100,"sd","10:00:36",597700
18650,-850,1000,"sd","10:00:36",597600
18650,-850,100,"sd","10:00:36",596600
18650,-850,100,"sd","10:00:36",596500
18650,-850,1000,"sd","10:00:36",596400
18650,-850,100,"sd","10:00:36",595400
18650,-850,1500,"sd","10:00:36",595300
18700,-800,100,"sd","10:00:36",593800
18700,-800,100,"sd","10:00:36",593700
18700,-800,500,"sd","10:00:36",593600
18650,-850,48500,"sd","09:59:59",593100
18650,-850,100,"sd","09:59:59",544600
18650,-850,100,"sd","09:59:59",544500
18650,-850,100,"sd","09:59:59",544400
18650,-850,50000,"sd","09:59:59",544300
18700,-800,100,"sd","09:59:59",494300
18700,-800,2000,"sd","09:59:59",494200
18700,-800,500,"sd","09:59:59",492200
18700,-800,2000,"sd","09:59:59",491700
18700,-800,12000,"sd","09:59:59",489700
18700,-800,300,"sd","09:59:59",477700
18700,-800,100,"sd","09:59:59",477400
18700,-800,500,"sd","09:59:59",477300
18700,-800,1000,"sd","09:59:59",476800
18700,-800,100,"sd","09:59:59",475800
18750,-750,2000,"sd","09:59:59",475700
18750,-750,100,"sd","09:59:59",473700
18750,-750,100,"sd","09:59:59",473600
18750,-750,100,"sd","09:59:59",473500
18750,-750,300,"sd","09:59:59",473400
18800,-700,2000,"bu","09:59:54",473100
18800,-700,200,"sd","09:59:53",471100
18800,-700,10000,"sd","09:59:53",470900
18800,-700,300,"sd","09:59:53",460900
18800,-700,100,"sd","09:59:53",460600
18800,-700,300,"sd","09:59:53",460500
18800,-700,500,"sd","09:59:53",460200
18800,-700,1000,"sd","09:59:53",459700
18800,-700,100,"sd","09:59:53",458700
18800,-700,200,"sd","09:59:53",458600
18800,-700,500,"sd","09:59:53",458400
18800,-700,2000,"sd","09:59:53",457900
18800,-700,1000,"sd","09:59:53",455900
18800,-700,300,"sd","09:59:53",454900
18850,-650,700,"bu","09:59:43",454600
18850,-650,800,"bu","09:59:43",453900
18850,-650,2000,"bu","09:59:37",453100
18850,-650,200,"bu","09:59:35",451100
18800,-700,200,"sd","09:59:33",450900
18800,-700,100,"sd","09:59:33",450700
18800,-700,100,"sd","09:59:33",450600
18800,-700,300,"sd","09:59:33",450500
18800,-700,300,"sd","09:59:33",450200
18850,-650,3000,"bu","09:59:31",449900
18800,-700,700,"sd","09:59:30",446900
18800,-700,3000,"sd","09:59:30",446200
18800,-700,4300,"sd","09:59:30",443200
18800,-700,15700,"sd","09:59:28",438900
18800,-700,300,"sd","09:59:28",423200
18800,-700,1000,"sd","09:59:28",422900
18800,-700,1000,"sd","09:59:28",421900
18850,-650,5000,"bu","09:59:28",420900
18850,-650,1000,"bu","09:59:14",415900
18850,-650,200,"bu","09:58:52",414900
18850,-650,200,"sd","09:58:44",414700
18850,-650,200,"sd","09:58:44",414500
18850,-650,300,"sd","09:58:44",414300
18850,-650,1000,"sd","09:58:44",414000
18850,-650,100,"sd","09:58:44",413000
18850,-650,100,"sd","09:58:44",412900
18850,-650,2000,"sd","09:58:44",412800
18850,-650,100,"sd","09:58:44",410800
18850,-650,4000,"sd","09:58:44",410700
18850,-650,100,"sd","09:58:44",406700
18850,-650,200,"sd","09:58:44",406600
18850,-650,1500,"sd","09:58:44",406400
18850,-650,100,"sd","09:58:44",404900
18850,-650,3000,"sd","09:58:44",404800
18850,-650,500,"sd","09:58:44",401800
18850,-650,300,"sd","09:58:44",401300
18850,-650,100,"sd","09:58:44",401000
18900,-600,700,"sd","09:58:29",400900
18900,-600,200,"sd","09:58:26",400200
18900,-600,100,"sd","09:58:26",400000
18900,-600,1700,"sd","09:58:26",399900
18900,-600,300,"sd","09:57:55",398200
18900,-600,5000,"sd","09:57:55",397900
18900,-600,100,"sd","09:57:55",392900
18900,-600,100,"sd","09:57:55",392800
18900,-600,500,"sd","09:57:55",392700
18900,-600,100,"sd","09:57:55",392200
18900,-600,2700,"sd","09:57:55",392100
18900,-600,1000,"sd","09:57:55",389400
18900,-600,100,"sd","09:57:55",388400
18900,-600,100,"sd","09:57:55",388300
18900,-600,100,"sd","09:57:55",388200
18900,-600,100,"sd","09:57:55",388100
18900,-600,100,"sd","09:57:55",388000
18900,-600,100,"sd","09:57:55",387900
18900,-600,200,"sd","09:57:55",387800
18900,-600,100,"sd","09:57:55",387600
18900,-600,200,"sd","09:57:55",387500
18900,-600,1000,"sd","09:57:55",387300
18900,-600,100,"sd","09:57:55",386300
18900,-600,5000,"sd","09:57:55",386200
18900,-600,500,"sd","09:57:55",381200
18900,-600,3000,"sd","09:57:55",380700
18900,-600,100,"sd","09:57:55",377700
18900,-600,300,"sd","09:57:55",377600
18900,-600,2000,"sd","09:57:55",377300
18900,-600,500,"sd","09:57:55",375300
18900,-600,2000,"sd","09:57:55",374800
18900,-600,300,"sd","09:57:55",372800
18900,-600,500,"sd","09:57:55",372500
18900,-600,300,"sd","09:57:55",372000
18900,-600,100,"sd","09:57:55",371700
18900,-600,200,"sd","09:57:55",371600
18900,-600,100,"sd","09:57:55",371400
18900,-600,100,"sd","09:57:55",371300
18900,-600,100,"sd","09:57:55",371200
18900,-600,100,"sd","09:57:55",371100
18900,-600,100,"sd","09:57:55",371000
18900,-600,100,"sd","09:57:55",370900
18900,-600,200,"sd","09:57:55",370800
18900,-600,1000,"sd","09:57:55",370600
18900,-600,100,"sd","09:57:55",369600
18950,-550,1000,"sd","09:57:55",369500
18950,-550,100,"sd","09:57:55",368500
18950,-550,200,"sd","09:57:55",368400
18950,-550,300,"sd","09:56:55",368200
18950,-550,700,"sd","09:56:55",367900
18950,-550,2900,"bu","09:56:18",367200
18950,-550,100,"bu","09:55:58",364300
18950,-550,5000,"sd","09:55:49",364200
18950,-550,1000,"sd","09:55:49",359200
18950,-550,1000,"sd","09:55:49",358200
18950,-550,300,"sd","09:55:49",357200
18950,-550,100,"sd","09:55:49",356900
18950,-550,2500,"sd","09:55:49",356800
18950,-550,1000,"sd","09:55:49",354300
18950,-550,1000,"sd","09:55:49",353300
18950,-550,100,"sd","09:55:49",352300
19000,-500,100,"bu","09:55:41",352200
19000,-500,1900,"bu","09:55:41",352100
19000,-500,100,"bu","09:54:56",350200
18950,-550,100,"sd","09:54:20",350100
18950,-550,100,"sd","09:54:20",350000
18950,-550,100,"sd","09:54:20",349900
18950,-550,1000,"sd","09:54:20",349800
18950,-550,1000,"sd","09:54:20",348800
18950,-550,100,"sd","09:54:20",347800
18950,-550,500,"sd","09:54:20",347700
18950,-550,200,"sd","09:54:20",347200
18950,-550,1300,"sd","09:54:20",347000
19000,-500,200,"bu","09:53:25",345700
19000,-500,100,"bu","09:53:20",345500
19000,-500,3000,"bu","09:53:15",345400
19000,-500,200,"bu","09:52:52",342400
19000,-500,100,"bu","09:52:27",342200
19000,-500,100,"bu","09:51:55",342100
19000,-500,100,"bu","09:51:44",342000
19000,-500,500,"bu","09:51:28",341900
19000,-500,200,"bu","09:50:47",341400
19000,-500,200,"sd","09:50:23",341200
19000,-500,300,"sd","09:50:23",341000
19000,-500,2700,"sd","09:50:13",340700
19000,-500,1500,"sd","09:50:13",338000
19000,-500,100,"sd","09:50:13",336500
19000,-500,100,"sd","09:50:13",336400
19000,-500,200,"sd","09:50:13",336300
19000,-500,400,"sd","09:50:13",336100
19000,-500,300,"sd","09:49:40",335700
19000,-500,300,"sd","09:49:40",335400
19000,-500,100,"sd","09:49:40",335100
19000,-500,5000,"sd","09:48:46",335000
19000,-500,5000,"sd","09:48:42",330000
19000,-500,500,"sd","09:48:42",325000
19000,-500,500,"sd","09:48:34",324500
19000,-500,100,"sd","09:48:34",324000
19000,-500,300,"sd","09:48:34",323900
19000,-500,300,"sd","09:48:34",323600
19000,-500,100,"sd","09:48:34",323300
19000,-500,1000,"sd","09:48:34",323200
19000,-500,400,"sd","09:48:34",322200
19000,-500,500,"sd","09:48:34",321800
19000,-500,2100,"sd","09:48:34",321300
19000,-500,1000,"sd","09:48:10",319200
19000,-500,5000,"sd","09:48:03",318200
19000,-500,1900,"sd","09:47:33",313200
19000,-500,900,"sd","09:47:33",311300
19000,-500,1000,"sd","09:46:08",310400
19050,-450,100,"bu","09:46:04",309400
19050,-450,700,"bu","09:44:29",309300
19050,-450,1700,"bu","09:43:44",308600
19000,-500,200,"sd","09:43:42",306900
19050,-450,500,"bu","09:43:15",306700
19000,-500,300,"sd","09:43:13",306200
19000,-500,400,"sd","09:42:39",305900
19000,-500,200,"sd","09:42:26",305500
19000,-500,800,"sd","09:42:26",305300
19050,-450,500,"bu","09:42:23",304500
19050,-450,200,"bu","09:42:19",304000
19050,-450,800,"bu","09:41:50",303800
19050,-450,100,"bu","09:40:56",303000
19000,-500,200,"sd","09:39:57",302900
19000,-500,100,"sd","09:39:57",302700
19000,-500,200,"sd","09:39:57",302600
19000,-500,100,"sd","09:39:57",302400
19000,-500,400,"sd","09:39:57",302300
19050,-450,100,"bu","09:39:17",301900
19050,-450,500,"bu","09:39:02",301800
19050,-450,100,"bu","09:38:50",301300
19050,-450,1000,"bu","09:38:04",301200
19000,-500,500,"sd","09:37:07",300200
19000,-500,1000,"sd","09:36:48",299700
19000,-500,400,"sd","09:36:40",298700
19000,-500,1600,"sd","09:36:40",298300
19000,-500,10000,"sd","09:36:20",296700
19050,-450,100,"bu","09:35:24",286700
19000,-500,900,"sd","09:35:10",286600
19050,-450,200,"bu","09:35:10",285700
19050,-450,1100,"bu","09:34:55",285500
19000,-500,400,"bu","09:34:19",284400
19000,-500,400,"bu","09:34:19",284000
19000,-500,6700,"bu","09:34:19",283600
19000,-500,300,"bu","09:34:00",276900
19000,-500,100,"bu","09:33:43",276600
19000,-500,1000,"bu","09:32:53",276500
18950,-550,200,"sd","09:32:34",275500
18950,-550,3000,"sd","09:32:30",275300
18950,-550,100,"sd","09:32:30",272300
18950,-550,200,"sd","09:32:30",272200
18950,-550,400,"sd","09:32:30",272000
18950,-550,100,"sd","09:32:30",271600
18950,-550,200,"sd","09:32:30",271500
18950,-550,500,"sd","09:32:30",271300
18950,-550,500,"sd","09:32:30",270800
18950,-550,400,"sd","09:32:30",270300
18950,-550,100,"sd","09:32:30",269900
18950,-550,1000,"sd","09:32:30",269800
18950,-550,300,"sd","09:32:30",268800
18950,-550,1500,"sd","09:32:30",268500
19000,-500,400,"bu","09:32:22",267000
19000,-500,1500,"bu","09:31:54",266600
18950,-550,300,"sd","09:31:43",265100
18950,-550,200,"sd","09:30:46",264800
18950,-550,100,"sd","09:30:46",264600
18950,-550,800,"sd","09:30:46",264500
19000,-500,100,"sd","09:30:46",263700
19000,-500,100,"sd","09:30:46",263600
19000,-500,1000,"sd","09:30:46",263500
19000,-500,100,"sd","09:30:46",262500
19000,-500,500,"sd","09:30:46",262400
19000,-500,1100,"sd","09:30:46",261900
19000,-500,1600,"sd","09:30:34",260800
19050,-450,4000,"bu","09:30:18",259200
19000,-500,300,"sd","09:29:18",255200
19000,-500,1500,"sd","09:29:00",254900
19000,-500,500,"bu","09:28:56",253400
19000,-500,300,"bu","09:28:50",252900
19000,-500,3000,"bu","09:28:46",252600
19000,-500,2000,"bu","09:28:09",249600
19000,-500,100,"bu","09:28:08",247600
19000,-500,1500,"bu","09:28:06",247500
19000,-500,6500,"bu","09:28:01",246000
19000,-500,1100,"bu","09:27:58",239500
19000,-500,1900,"bu","09:27:58",238400
19000,-500,100,"sd","09:27:50",236500
19000,-500,500,"sd","09:27:50",236400
19000,-500,1000,"sd","09:27:50",235900
19000,-500,6500,"sd","09:27:50",234900
19000,-500,900,"sd","09:27:47",228400
19000,-500,1000,"bu","09:27:33",227500
19000,-500,10000,"bu","09:27:33",226500
19000,-500,1000,"bu","09:27:33",216500
19000,-500,600,"bu","09:27:33",215500
18950,-550,500,"sd","09:27:20",214900
18950,-550,600,"sd","09:26:45",214400
18950,-550,100,"sd","09:26:45",213800
18950,-550,100,"sd","09:26:45",213700
18950,-550,100,"sd","09:26:45",213600
18950,-550,100,"sd","09:26:45",213500
19000,-500,4000,"bu","09:26:43",213400
19000,-500,3000,"bu","09:26:37",209400
19000,-500,100,"bu","09:26:35",206400
19000,-500,100,"sd","09:26:28",206300
19000,-500,500,"sd","09:26:28",206200
19000,-500,500,"sd","09:26:28",205700
19000,-500,1000,"sd","09:26:28",205200
19000,-500,100,"sd","09:26:28",204200
19000,-500,400,"sd","09:26:28",204100
19000,-500,5000,"sd","09:26:28",203700
19000,-500,2000,"sd","09:26:28",198700
19000,-500,2700,"sd","09:26:28",196700
19050,-450,2400,"bu","09:26:24",194000
19050,-450,2600,"bu","09:26:24",191600
19000,-500,3200,"sd","09:26:19",189000
19000,-500,4100,"sd","09:26:18",185800
19000,-500,300,"sd","09:26:18",181700
19000,-500,100,"sd","09:26:18",181400
19000,-500,200,"sd","09:26:18",181300
19000,-500,500,"sd","09:26:18",181100
19000,-500,5200,"sd","09:26:18",180600
19000,-500,1000,"sd","09:26:12",175400
19000,-500,3200,"sd","09:26:06",174400
19050,-450,300,"bu","09:25:56",171200
19050,-450,100,"bu","09:25:51",170900
19000,-500,4000,"sd","09:25:48",170800
19000,-500,2100,"sd","09:25:48",166800
19050,-450,1100,"bu","09:25:31",164700
19050,-450,100,"bu","09:25:22",163600
19050,-450,1000,"bu","09:25:14",163500
19000,-500,2000,"sd","09:25:11",162500
19050,-450,300,"bu","09:25:02",160500
19050,-450,100,"sd","09:24:55",160200
19050,-450,400,"sd","09:24:55",160100
19050,-450,1600,"sd","09:23:51",159700
19050,-450,1000,"sd","09:23:19",158100
19100,-400,1000,"bu","09:21:56",157100
19100,-400,100,"bu","09:21:23",156100
19000,-500,2500,"bu","09:20:18",156000
19000,-500,100,"bu","09:20:13",153500
19000,-500,100,"bu","09:20:11",153400
19000,-500,900,"sd","09:20:02",153300
19000,-500,100,"sd","09:20:02",152400
19000,-500,500,"sd","09:20:02",152300
19000,-500,100,"sd","09:20:02",151800
19000,-500,100,"sd","09:20:02",151700
19000,-500,600,"sd","09:20:02",151600
19000,-500,400,"bu","09:19:37",151000
19000,-500,5000,"bu","09:19:34",150600
19000,-500,100,"bu","09:19:28",145600
19000,-500,1000,"bu","09:19:15",145500
19000,-500,200,"bu","09:19:13",144500
19000,-500,100,"bu","09:19:10",144300
19000,-500,1000,"bu","09:19:03",144200
19000,-500,100,"bu","09:18:55",143200
19000,-500,100,"bu","09:18:51",143100
19000,-500,100,"bu","09:18:45",143000
19000,-500,100,"sd","09:18:43",142900
19000,-500,200,"sd","09:18:43",142800
19000,-500,700,"sd","09:18:43",142600
19000,-500,200,"sd","09:18:43",141900
19000,-500,700,"sd","09:18:43",141700
19000,-500,300,"sd","09:18:39",141000
19100,-400,200,"sd","09:18:39",140700
19100,-400,5700,"bu","09:18:36",140500
19100,-400,9600,"bu","09:18:36",134800
19100,-400,200,"bu","09:18:36",125200
19100,-400,1200,"bu","09:18:26",125000
19050,-450,100,"bu","09:18:20",123800
19050,-450,100,"bu","09:18:20",123700
19000,-500,100,"bu","09:17:46",123600
19000,-500,600,"bu","09:17:44",123500
19000,-500,100,"bu","09:17:42",122900
19000,-500,300,"bu","09:17:38",122800
19000,-500,200,"bu","09:17:34",122500
19000,-500,500,"bu","09:17:32",122300
19000,-500,100,"bu","09:17:31",121800
19000,-500,100,"bu","09:17:27",121700
19000,-500,2600,"bu","09:17:26",121600
19000,-500,100,"bu","09:17:18",119000
19000,-500,500,"bu","09:17:15",118900
19000,-500,100,"bu","09:17:14",118400
19000,-500,2000,"bu","09:17:09",118300
19000,-500,2000,"bu","09:16:53",116300
19000,-500,300,"bu","09:16:48",114300
18900,-600,700,"sd","09:16:46",114000
18900,-600,200,"sd","09:16:45",113300
18900,-600,300,"sd","09:16:45",113100
19000,-500,300,"bu","09:16:45",112800
19000,-500,200,"bu","09:16:41",112500
19000,-500,1000,"sd","09:16:33",112300
19000,-500,100,"sd","09:16:33",111300
19000,-500,100,"sd","09:16:33",111200
19000,-500,500,"sd","09:16:33",111100
19000,-500,300,"sd","09:16:33",110600
19000,-500,40000,"sd","09:16:33",110300
19000,-500,100,"sd","09:16:33",70300
19000,-500,500,"sd","09:16:33",70200
19000,-500,800,"sd","09:16:33",69700
19000,-500,1500,"sd","09:16:33",68900
19000,-500,2000,"sd","09:16:33",67400
19000,-500,5000,"sd","09:16:33",65400
19100,-400,100,"bu","09:16:32",60400
19100,-400,100,"bu","09:16:27",60300
19100,-400,15000,"sd","09:16:27",60200
19100,-400,600,"sd","09:16:27",45200
19100,-400,100,"sd","09:16:27",44600
19100,-400,3000,"sd","09:16:27",44500
19100,-400,100,"sd","09:16:27",41500
19150,-350,100,"bu","09:16:23",41400
19150,-350,200,"bu","09:16:19",41300
19150,-350,100,"bu","09:16:16",41100
19150,-350,100,"sd","09:16:14",41000
19200,-300,1000,"sd","09:16:04",40900
19250,-250,500,"sd","09:15:47",39900
19300,-200,400,"sd","09:15:38",39400
19300,-200,1000,"sd","09:15:38",39000
19300,-200,1000,"sd","09:15:38",38000
19300,-200,4200,"sd","09:15:38",37000
19350,-150,200,"bu","09:15:31",32800
19300,-200,200,"sd","09:15:20",31800
19300,-200,800,"sd","09:15:20",32600
19350,-150,31600,"bu","09:15:01",31600
