"price","change","match_qtty","side","time","total_vol"
63000,0,13200,"bu","14:45:02",839500
62300,-700,1000,"sd","14:28:28",826300
62700,-300,600,"bu","14:25:42",825300
62700,-300,6200,"bu","14:25:32",824700
62700,-300,100,"bu","14:25:32",818500
62700,-300,4600,"bu","14:24:57",818400
62700,-300,900,"bu","14:24:57",813800
62300,-700,1000,"sd","14:24:30",812900
62700,-300,800,"bu","14:24:15",811900
62700,-300,3500,"bu","14:24:10",811100
62700,-300,5000,"bu","14:24:10",807600
62700,-300,1500,"bu","14:24:10",802600
62700,-300,5600,"bu","14:23:44",801100
62700,-300,800,"bu","14:23:44",795500
62600,-400,600,"bu","14:23:44",794700
62700,-300,3700,"bu","14:22:10",794100
62700,-300,500,"bu","14:22:10",790400
62700,-300,3900,"bu","14:22:03",789900
62700,-300,1000,"bu","14:22:03",786000
62700,-300,100,"bu","14:22:03",785000
62700,-300,3500,"bu","14:21:34",784900
62700,-300,3500,"bu","14:21:34",781400
62800,-200,100,"bu","14:21:04",777900
62700,-300,5600,"bu","14:21:04",777800
62700,-300,500,"bu","14:21:04",772200
62700,-300,5000,"bu","14:20:57",771700
62700,-300,2000,"bu","14:20:57",766700
62300,-700,1100,"sd","14:20:33",764700
62700,-300,2000,"bu","14:20:12",763600
62700,-300,4000,"bu","14:20:12",761600
62600,-400,4000,"bu","14:20:12",757600
62700,-300,1100,"bu","14:19:48",753600
62600,-400,2900,"bu","14:19:48",752500
62600,-400,2200,"bu","14:19:36",749600
62600,-400,700,"bu","14:19:36",747400
62600,-400,100,"bu","14:19:36",746700
62500,-500,5000,"bu","14:19:36",746600
62500,-500,100,"bu","14:19:36",741600
62500,-500,100,"bu","14:19:36",741500
62500,-500,100,"bu","14:19:36",741400
62500,-500,100,"bu","14:19:36",741300
62500,-500,100,"bu","14:19:36",741200
62500,-500,100,"bu","14:19:36",741100
62500,-500,100,"bu","14:19:36",741000
62500,-500,100,"bu","14:19:36",740900
62500,-500,100,"bu","14:19:36",740800
62500,-500,100,"bu","14:19:36",740700
62500,-500,700,"bu","14:19:36",740600
62500,-500,100,"bu","14:19:36",739900
62500,-500,100,"bu","14:19:36",739800
62500,-500,100,"bu","14:19:36",739700
62400,-600,200,"bu","14:18:13",739600
62400,-600,5800,"bu","14:17:57",739400
62400,-600,700,"bu","14:17:57",733600
62400,-600,3300,"bu","14:17:38",732900
62400,-600,1200,"bu","14:17:38",729600
62400,-600,3800,"bu","14:17:20",728400
62400,-600,200,"bu","14:17:20",724600
62400,-600,1000,"bu","14:16:52",724400
62400,-600,2300,"bu","14:16:46",723400
62400,-600,3400,"bu","14:16:46",721100
62400,-600,3300,"bu","14:16:46",717700
62300,-700,100,"sd","14:16:35",714400
62500,-500,100,"bu","14:15:47",714300
62400,-600,2100,"bu","14:15:47",714200
62400,-600,3900,"bu","14:15:33",712100
62400,-600,400,"bu","14:15:33",708200
62400,-600,100,"bu","14:15:33",707800
62400,-600,600,"bu","14:15:33",707700
62400,-600,100,"sd","14:13:17",707100
62400,-600,600,"bu","14:13:15",707000
62400,-600,2000,"sd","14:13:00",706400
62400,-600,2400,"sd","14:13:00",704400
62400,-600,600,"sd","14:12:12",702000
62500,-500,200,"bu","14:02:05",701400
62500,-500,100,"bu","14:01:31",701200
62500,-500,100,"bu","13:54:25",701100
62500,-500,4800,"bu","13:54:25",701000
62500,-500,200,"bu","13:54:25",696200
62500,-500,2200,"bu","13:53:45",696000
62500,-500,1100,"bu","13:53:45",693800
62500,-500,1000,"bu","13:53:36",692700
62500,-500,2000,"bu","13:53:36",691700
62600,-400,100,"bu","13:52:39",689700
62500,-500,9900,"bu","13:52:39",689600
62500,-500,100,"bu","13:52:01",679700
62500,-500,1400,"bu","13:51:39",679600
62500,-500,2000,"bu","13:51:31",678200
62500,-500,3100,"bu","13:51:23",676200
62500,-500,100,"bu","13:51:23",673100
62500,-500,300,"bu","13:51:23",673000
62500,-500,4400,"bu","13:51:01",672700
62500,-500,100,"bu","13:51:01",668300
62500,-500,600,"bu","13:51:01",668200
62500,-500,5800,"bu","13:50:29",667600
62500,-500,100,"bu","13:50:29",661800
62500,-500,4500,"bu","13:50:07",661700
62500,-500,400,"sd","13:49:53",657200
62600,-400,200,"bu","13:47:57",656800
62600,-400,800,"bu","13:46:47",656600
62600,-400,1000,"bu","13:43:41",655800
62600,-400,2200,"bu","13:43:33",654800
62600,-400,2100,"bu","13:43:33",652600
62600,-400,100,"bu","13:43:33",650500
62600,-400,100,"bu","13:43:33",650400
62600,-400,1900,"bu","13:43:33",650300
62600,-400,700,"bu","13:41:54",648400
62600,-400,1500,"bu","13:41:47",647700
62600,-400,4000,"bu","13:41:47",646200
62600,-400,100,"bu","13:41:47",642200
62600,-400,1400,"bu","13:41:47",642100
62600,-400,300,"bu","13:40:21",640700
62600,-400,4900,"bu","13:40:15",640400
62600,-400,100,"bu","13:40:15",635500
62600,-400,100,"bu","13:40:15",635400
62600,-400,900,"bu","13:40:15",635300
62600,-400,1000,"bu","13:39:37",634400
62500,-500,6800,"bu","13:39:37",633400
62500,-500,500,"sd","13:39:24",626600
62500,-500,200,"sd","13:39:24",626100
62500,-500,200,"sd","13:39:24",625900
62600,-400,1000,"bu","13:38:22",625700
62600,-400,2000,"bu","13:38:12",624700
62600,-400,3700,"bu","13:38:06",622700
62600,-400,100,"bu","13:38:06",619000
62600,-400,100,"bu","13:38:06",618900
62600,-400,1000,"bu","13:38:06",618800
62600,-400,100,"bu","13:38:06",617800
62600,-400,100,"bu","13:38:06",617700
62600,-400,400,"bu","13:38:06",617600
62600,-400,500,"bu","13:37:37",617200
62600,-400,1500,"bu","13:35:08",616700
62600,-400,1500,"bu","13:34:59",615200
62600,-400,300,"bu","13:34:53",613700
62600,-400,4100,"bu","13:34:53",613400
62600,-400,100,"bu","13:34:53",609300
62600,-400,100,"bu","13:34:53",609200
62600,-400,100,"bu","13:34:53",609100
62600,-400,100,"bu","13:34:53",609000
62600,-400,200,"bu","13:34:53",608900
62600,-400,400,"bu","13:32:46",608700
62600,-400,3000,"bu","13:31:45",608300
62600,-400,3200,"bu","13:31:37",605300
62600,-400,100,"bu","13:31:37",602100
62600,-400,200,"bu","13:31:37",602000
62600,-400,3600,"bu","13:30:24",601800
62600,-400,400,"bu","13:30:24",598200
62600,-400,100,"sd","13:29:41",597800
62600,-400,9000,"bu","13:29:39",597700
62600,-400,900,"bu","13:29:39",588700
62500,-500,100,"sd","13:29:29",587800
62500,-500,100,"sd","13:29:19",587700
62500,-500,600,"sd","13:28:51",587600
62500,-500,500,"sd","13:28:51",587000
62500,-500,300,"sd","13:28:51",586500
62600,-400,300,"bu","13:28:04",586200
62600,-400,700,"bu","13:27:58",585900
62600,-400,100,"bu","13:27:58",585200
62600,-400,1800,"bu","13:27:58",585100
62600,-400,1700,"bu","13:27:58",583300
62600,-400,100,"bu","13:27:58",581600
62600,-400,800,"bu","13:27:58",581500
62600,-400,800,"bu","13:27:58",580700
62600,-400,1700,"bu","13:26:30",579900
62600,-400,100,"bu","13:26:30",578200
62600,-400,2300,"bu","13:26:30",578100
62600,-400,1000,"bu","13:26:06",575800
62600,-400,3300,"bu","13:26:00",574800
62600,-400,2200,"bu","13:25:52",571500
62600,-400,1200,"bu","13:25:45",569300
62600,-400,800,"bu","13:25:45",568100
62600,-400,200,"bu","13:24:54",567300
62600,-400,2700,"bu","13:24:44",567100
62600,-400,1400,"bu","13:24:44",564400
62600,-400,2100,"bu","13:24:36",563000
62600,-400,100,"bu","13:24:36",560900
62600,-400,1000,"bu","13:24:36",560800
62600,-400,100,"bu","13:24:36",559800
62600,-400,100,"bu","13:24:36",559700
62600,-400,600,"bu","13:24:36",559600
62600,-400,700,"bu","13:22:18",559000
62600,-400,500,"bu","13:21:56",558300
62600,-400,2600,"bu","13:21:50",557800
62600,-400,1200,"bu","13:21:50",555200
62600,-400,1200,"bu","13:21:50",554000
62600,-400,1400,"bu","13:21:26",552800
62600,-400,2500,"bu","13:21:26",551400
62600,-400,100,"bu","13:21:26",548900
62600,-400,2400,"bu","13:21:26",548800
62600,-400,100,"bu","13:21:26",546400
62600,-400,100,"bu","13:21:26",546300
62600,-400,100,"bu","13:21:26",546200
62600,-400,300,"bu","13:21:26",546100
62600,-400,4400,"bu","13:19:06",545800
62600,-400,100,"bu","13:19:06",541400
62600,-400,200,"bu","13:19:06",541300
62600,-400,1000,"bu","13:18:26",541100
62600,-400,2800,"bu","13:17:16",540100
62600,-400,1500,"bu","13:17:06",537300
62600,-400,100,"bu","13:17:06",535800
62600,-400,1600,"bu","13:17:05",535700
62600,-400,300,"bu","13:17:05",534100
62600,-400,1000,"bu","13:16:42",533800
62600,-400,300,"bu","13:16:34",532800
62600,-400,100,"bu","13:16:34",532500
62600,-400,1600,"bu","13:16:34",532400
62600,-400,1700,"bu","13:16:08",530800
62600,-400,800,"bu","13:16:08",529100
62600,-400,1600,"bu","13:16:02",528300
62600,-400,900,"bu","13:16:02",526700
62600,-400,1600,"bu","13:15:30",525800
62600,-400,700,"bu","13:15:30",524200
62600,-400,3200,"bu","13:15:22",523500
62600,-400,100,"sd","13:15:07",520300
62600,-400,100,"bu","13:15:00",520200
62600,-400,100,"bu","13:15:00",520100
62600,-400,600,"bu","13:15:00",520000
62600,-400,4100,"bu","13:13:51",519400
62600,-400,900,"bu","13:13:51",515300
62600,-400,1000,"bu","13:13:26",514400
62500,-500,300,"sd","13:13:18",513400
62600,-400,400,"bu","13:13:15",513100
62600,-400,1800,"bu","13:13:15",512700
62600,-400,300,"bu","13:13:08",510900
62600,-400,100,"bu","13:13:08",510600
62600,-400,1400,"bu","13:13:08",510500
62600,-400,600,"bu","13:13:00",509100
62600,-400,100,"bu","13:13:00",508500
62600,-400,800,"bu","13:13:00",508400
62600,-400,500,"bu","13:11:33",507600
62600,-400,2500,"bu","13:11:21",507100
62600,-400,4900,"bu","13:11:14",504600
62600,-400,100,"bu","13:11:14",499700
62600,-400,2700,"bu","13:10:49",499600
62600,-400,100,"bu","13:10:49",496900
62600,-400,400,"bu","13:10:49",496800
62600,-400,2100,"bu","13:10:44",496400
62600,-400,100,"bu","13:10:44",494300
62600,-400,800,"bu","13:10:44",494200
62600,-400,2000,"bu","13:09:02",493400
62600,-400,1400,"bu","13:09:02",491400
62600,-400,100,"bu","13:09:02",490000
62600,-400,100,"bu","13:09:02",489900
62600,-400,400,"bu","13:09:02",489800
62600,-400,900,"bu","13:07:50",489400
62600,-400,3200,"bu","13:07:44",488500
62600,-400,800,"bu","13:07:44",485300
62600,-400,3600,"bu","13:07:37",484500
62600,-400,400,"bu","13:07:37",480900
62600,-400,1100,"bu","13:07:15",480500
62600,-400,1800,"bu","13:07:09",479400
62600,-400,3300,"bu","13:07:09",477600
62600,-400,100,"bu","13:06:38",474300
62600,-400,100,"bu","13:06:38",474200
62600,-400,500,"bu","13:06:38",474100
62600,-400,100,"bu","13:06:38",473600
62600,-400,100,"bu","13:05:03",473500
62600,-400,1400,"bu","13:04:36",473400
62600,-400,2900,"bu","13:04:25",472000
62600,-400,100,"bu","13:04:25",469100
62600,-400,100,"sd","13:04:13",469000
62600,-400,1900,"bu","13:04:04",468900
62600,-400,2000,"bu","13:03:55",467000
62600,-400,100,"sd","13:03:41",465000
62600,-400,4600,"bu","13:03:17",464900
62600,-400,200,"sd","13:03:00",460300
62600,-400,200,"sd","13:03:00",460100
62700,-300,100,"bu","11:29:09",459900
62600,-400,100,"bu","11:29:09",459800
62600,-400,100,"bu","11:29:09",459700
62600,-400,100,"bu","11:26:47",459600
62600,-400,100,"bu","11:26:47",459500
62600,-400,300,"bu","11:25:06",459400
62600,-400,500,"bu","11:24:51",459100
62600,-400,1000,"bu","11:24:46",458600
62600,-400,6800,"bu","11:24:40",457600
62500,-500,200,"sd","11:24:29",450800
62600,-400,100,"bu","11:24:17",450600
62600,-400,5300,"bu","11:24:17",450500
62600,-400,200,"sd","11:24:11",445200
62600,-400,6800,"bu","11:24:02",445000
62700,-300,100,"bu","11:22:13",438200
62600,-400,4500,"bu","11:22:13",438100
62600,-400,400,"bu","11:22:13",433600
62600,-400,300,"bu","11:21:46",433200
62600,-400,5100,"bu","11:21:39",432900
62700,-300,100,"bu","11:20:41",427800
62600,-400,4700,"bu","11:20:41",427700
62600,-400,100,"bu","11:20:41",423000
62600,-400,100,"bu","11:20:41",422900
62600,-400,3300,"bu","11:18:32",422800
62600,-400,100,"bu","11:18:32",419500
62600,-400,100,"bu","11:18:32",419400
62600,-400,100,"bu","11:16:52",419300
62600,-400,100,"bu","11:16:52",419200
62600,-400,500,"bu","11:15:02",419100
62600,-400,3000,"bu","11:14:55",418600
62600,-400,5000,"bu","11:14:47",415600
62600,-400,1400,"sd","11:14:37",410600
62600,-400,700,"sd","11:14:25",409200
62600,-400,100,"sd","11:14:11",408500
62600,-400,100,"bu","11:13:51",408400
62600,-400,100,"bu","11:12:35",408300
62600,-400,800,"bu","11:12:35",408200
62600,-400,5000,"bu","11:12:26",407400
62600,-400,100,"bu","11:12:18",402400
62600,-400,200,"bu","11:11:55",402300
62600,-400,500,"bu","11:11:41",402100
62600,-400,100,"bu","11:11:34",401600
62600,-400,7900,"bu","11:11:31",401500
62600,-400,100,"bu","11:11:31",393600
62600,-400,100,"sd","11:10:50",393500
62600,-400,4200,"bu","11:10:40",393400
62600,-400,300,"sd","11:10:31",389200
62600,-400,200,"sd","11:10:31",388900
62600,-400,100,"bu","11:09:11",388700
62600,-400,900,"bu","11:09:11",388600
62600,-400,1000,"bu","11:09:05",387700
62600,-400,4000,"bu","11:08:59",386700
62600,-400,100,"sd","11:08:49",382700
62600,-400,5400,"bu","11:08:41",382600
62600,-400,2000,"bu","11:08:41",377200
62700,-300,100,"bu","11:07:17",375200
62600,-400,3900,"bu","11:07:17",375100
62600,-400,5900,"bu","11:07:11",371200
62600,-400,100,"bu","11:07:11",365300
62600,-400,100,"bu","11:05:52",365200
62600,-400,1800,"bu","11:05:52",365100
62600,-400,2900,"bu","11:05:44",363300
62600,-400,2300,"bu","11:05:44",360400
62600,-400,1700,"bu","11:05:27",358100
62600,-400,100,"bu","11:05:27",356400
62600,-400,100,"bu","11:05:27",356300
62600,-400,1100,"bu","11:05:27",356200
62600,-400,200,"bu","11:04:04",355100
62600,-400,4700,"bu","11:03:59",354900
62600,-400,2300,"bu","11:03:59",350200
62600,-400,2700,"bu","11:03:44",347900
62600,-400,100,"bu","11:03:44",345200
62600,-400,100,"bu","11:03:44",345100
62600,-400,100,"bu","11:03:44",345000
62600,-400,100,"bu","11:03:44",344900
62600,-400,100,"bu","11:03:44",344800
62600,-400,100,"bu","11:03:44",344700
62600,-400,400,"bu","11:03:44",344600
62600,-400,300,"bu","11:03:44",344200
62600,-400,200,"bu","11:01:55",343900
62600,-400,200,"bu","10:58:18",343700
62600,-400,2000,"bu","10:57:59",343500
62600,-400,4300,"bu","10:57:54",341500
62600,-400,100,"bu","10:57:54",337200
62600,-400,600,"bu","10:57:54",337100
62600,-400,100,"bu","10:57:37",336500
62600,-400,1900,"bu","10:57:28",336400
62600,-400,500,"bu","10:57:28",334500
62600,-400,2600,"bu","10:57:28",334000
62600,-400,400,"sd","10:57:17",331400
62700,-300,100,"bu","10:55:37",331000
62600,-400,4600,"bu","10:55:37",330900
62600,-400,300,"bu","10:55:37",326300
62600,-400,1000,"bu","10:55:03",326000
62600,-400,1500,"bu","10:54:56",325000
62600,-400,500,"bu","10:54:50",323500
62600,-400,3500,"bu","10:54:50",323000
62700,-300,100,"bu","10:50:32",319500
62600,-400,100,"bu","10:50:32",319400
62600,-400,300,"bu","10:50:32",319300
62600,-400,1900,"bu","10:50:21",319000
62600,-400,2000,"bu","10:50:12",317100
62600,-400,1700,"bu","10:50:02",315100
62600,-400,100,"bu","10:50:02",313400
62600,-400,100,"bu","10:50:02",313300
62600,-400,100,"bu","10:50:02",313200
62600,-400,1700,"bu","10:47:40",313100
62600,-400,1000,"bu","10:47:32",311400
62600,-400,2000,"bu","10:47:32",310400
62700,-300,100,"bu","10:43:19",308400
62600,-400,300,"bu","10:43:19",308300
62600,-400,1500,"bu","10:43:04",308000
62600,-400,800,"bu","10:42:51",306500
62600,-400,1200,"bu","10:42:51",305700
62600,-400,1300,"bu","10:42:42",304500
62600,-400,700,"bu","10:42:42",303200
62700,-300,100,"bu","10:41:43",302500
62600,-400,6700,"bu","10:41:43",302400
62600,-400,100,"bu","10:41:43",295700
62600,-400,100,"bu","10:41:43",295600
62600,-400,300,"bu","10:39:56",295500
62600,-400,300,"bu","10:39:47",295200
62600,-400,2100,"bu","10:39:39",294900
62500,-500,100,"sd","10:39:27",292800
62500,-500,100,"sd","10:39:04",292700
62500,-500,1000,"sd","10:38:08",292600
62500,-500,500,"sd","10:37:58",291600
62700,-300,100,"bu","10:37:54",291100
62600,-400,1400,"bu","10:37:54",291000
62600,-400,100,"bu","10:37:54",289600
62600,-400,400,"bu","10:37:54",289500
62600,-400,200,"bu","10:37:23",289100
62600,-400,1000,"bu","10:37:15",288900
62600,-400,1100,"bu","10:37:06",287900
62600,-400,500,"bu","10:37:06",286800
62600,-400,2100,"bu","10:36:57",286300
62600,-400,900,"bu","10:36:57",284200
62600,-400,1700,"bu","10:36:49",283300
62600,-400,300,"bu","10:36:49",281600
62600,-400,200,"bu","10:36:35",281300
62600,-400,300,"bu","10:36:28",281100
62700,-300,100,"bu","10:34:54",280800
62600,-400,2500,"bu","10:34:54",280700
62600,-400,1000,"bu","10:34:54",278200
62600,-400,100,"bu","10:34:54",277200
62600,-400,100,"bu","10:34:54",277100
62600,-400,200,"bu","10:34:54",277000
62600,-400,1600,"bu","10:33:15",276800
62600,-400,700,"bu","10:32:59",275200
62600,-400,800,"bu","10:32:59",274500
62600,-400,2000,"bu","10:32:54",273700
62600,-400,200,"sd","10:32:41",271700
62700,-300,100,"bu","10:30:18",271500
62600,-400,400,"bu","10:30:18",271400
62600,-400,300,"bu","10:30:07",271000
62600,-400,1100,"bu","10:29:59",270700
62600,-400,1000,"bu","10:29:52",269600
62600,-400,4000,"bu","10:29:46",268600
62700,-300,100,"bu","10:26:42",264600
62600,-400,2400,"bu","10:26:42",264500
62600,-400,2000,"bu","10:26:36",262100
62700,-300,100,"bu","10:21:59",260100
62600,-400,3900,"bu","10:21:59",260000
62500,-500,200,"sd","10:21:33",256100
62500,-500,300,"sd","10:21:33",255900
62700,-300,100,"bu","10:21:32",255600
62600,-400,2900,"bu","10:21:32",255500
62600,-400,3000,"bu","10:21:32",252600
62600,-400,400,"bu","10:21:32",249600
62600,-400,100,"sd","10:20:51",249200
62700,-300,100,"bu","10:19:27",249100
62500,-500,100,"sd","10:19:01",249000
62500,-500,600,"sd","10:18:52",248900
62500,-500,400,"sd","10:18:52",248300
62800,-200,100,"bu","10:17:17",247900
62700,-300,1200,"bu","10:17:17",247800
62700,-300,700,"bu","10:17:08",246600
62700,-300,300,"bu","10:17:08",245900
62700,-300,1400,"bu","10:17:01",245600
62700,-300,1600,"bu","10:17:01",244200
62700,-300,100,"bu","10:16:24",242600
62700,-300,100,"sd","10:15:40",242500
62700,-300,4300,"bu","10:15:19",242400
62700,-300,200,"sd","10:15:06",238100
62800,-200,100,"bu","10:09:42",237900
62700,-300,1500,"bu","10:09:42",237800
62700,-300,300,"bu","10:09:42",236300
62700,-300,1000,"bu","10:09:33",236000
62700,-300,2300,"bu","10:09:23",235000
62700,-300,100,"bu","10:09:23",232700
62700,-300,100,"bu","10:09:23",232600
62700,-300,500,"bu","10:09:22",232500
62700,-300,400,"bu","10:08:11",232000
62700,-300,1400,"bu","10:07:58",231600
62700,-300,1000,"bu","10:07:49",230200
62800,-200,100,"bu","10:06:26",229200
62700,-300,2500,"bu","10:06:26",229100
62700,-300,2400,"bu","10:06:26",226600
62800,-200,100,"bu","10:04:31",224200
62700,-300,1800,"bu","10:04:31",224100
62700,-300,4000,"bu","10:04:10",222300
62800,-200,100,"bu","10:03:39",218300
62500,-500,100,"sd","10:03:37",218200
62500,-500,100,"sd","10:02:28",218100
62800,-200,100,"bu","10:00:10",218000
62700,-300,2900,"bu","10:00:10",217900
62800,-200,100,"bu","09:59:03",215000
62700,-300,1800,"bu","09:59:03",214900
62800,-200,100,"bu","09:58:20",213100
62500,-500,1800,"sd","09:57:50",213000
62600,-400,200,"sd","09:57:50",211200
62800,-200,2200,"bu","09:56:46",211000
62800,-200,1100,"bu","09:56:32",208800
62800,-200,100,"bu","09:56:32",207700
62800,-200,700,"bu","09:56:32",207600
62800,-200,100,"bu","09:56:32",206900
62800,-200,1500,"bu","09:55:11",206800
62800,-200,1500,"bu","09:55:11",205300
62900,-100,100,"bu","09:53:34",203800
62800,-200,700,"bu","09:53:34",203700
62800,-200,2400,"bu","09:53:34",203000
62800,-200,2000,"bu","09:53:34",200600
62800,-200,400,"bu","09:53:34",198600
62900,-100,100,"bu","09:52:10",198200
62800,-200,200,"bu","09:52:10",198100
62800,-200,2600,"bu","09:52:10",197900
62800,-200,800,"bu","09:52:01",195300
62800,-200,3500,"bu","09:52:01",194500
62800,-200,700,"bu","09:52:01",191000
62800,-200,1400,"bu","09:51:24",190300
62800,-200,2100,"bu","09:51:24",188900
62800,-200,100,"bu","09:51:24",186800
62800,-200,100,"bu","09:51:24",186700
62800,-200,300,"bu","09:51:24",186600
62800,-200,2800,"bu","09:50:51",186300
62800,-200,2700,"bu","09:50:42",183500
62800,-200,300,"bu","09:50:42",180800
62800,-200,3300,"bu","09:50:17",180500
62800,-200,700,"bu","09:50:17",177200
62800,-200,100,"bu","09:49:53",176500
62800,-200,500,"bu","09:49:03",176400
62800,-200,1200,"bu","09:49:03",175900
62700,-300,100,"bu","09:49:03",174700
62700,-300,100,"bu","09:49:03",174600
62700,-300,100,"bu","09:49:03",174500
62700,-300,100,"bu","09:49:03",174400
62700,-300,100,"bu","09:49:03",174300
62700,-300,200,"bu","09:46:35",174200
62700,-300,800,"bu","09:45:59",174000
62700,-300,2000,"bu","09:45:49",173200
62700,-300,2000,"bu","09:45:49",171200
62700,-300,1000,"bu","09:45:49",169200
62800,-200,1800,"bu","09:44:59",168200
62800,-200,3500,"bu","09:44:59",166400
62800,-200,100,"bu","09:44:59",162900
62800,-200,4500,"bu","09:44:59",162800
62800,-200,100,"bu","09:44:59",158300
62800,-200,100,"bu","09:44:42",158200
62700,-300,4700,"bu","09:44:42",158100
62800,-200,3200,"bu","09:43:13",153400
62800,-200,3200,"bu","09:43:13",150200
62800,-200,100,"bu","09:43:13",147000
62800,-200,200,"bu","09:43:13",146900
62800,-200,2000,"bu","09:42:14",146700
62800,-200,2000,"bu","09:42:14",144700
62900,-100,100,"bu","09:41:38",142700
62800,-200,3500,"bu","09:41:38",142600
62800,-200,100,"sd","09:41:26",139100
62800,-200,100,"bu","09:41:11",139000
62800,-200,100,"bu","09:41:11",138900
62800,-200,100,"bu","09:41:11",138800
62800,-200,100,"bu","09:41:11",138700
62700,-300,4000,"bu","09:41:11",138600
62700,-300,1500,"bu","09:40:42",134600
62700,-300,3500,"bu","09:40:42",133100
62800,-200,400,"bu","09:39:20",129600
62700,-300,4400,"bu","09:39:20",129200
62800,-200,2000,"bu","09:38:40",124800
62900,-100,2500,"bu","09:38:13",122800
62800,-200,700,"bu","09:38:13",120300
62800,-200,100,"bu","09:38:13",119600
62800,-200,100,"bu","09:38:13",119500
62800,-200,1600,"bu","09:38:13",119400
62800,-200,1000,"bu","09:37:57",117800
62800,-200,100,"bu","09:37:46",116800
62700,-300,100,"bu","09:37:46",116700
62700,-300,100,"bu","09:37:46",116600
62700,-300,100,"bu","09:37:46",116500
62700,-300,100,"bu","09:37:46",116400
62700,-300,100,"bu","09:37:46",116300
62600,-400,4300,"bu","09:37:46",116200
62700,-300,100,"bu","09:36:34",111900
62600,-400,3400,"bu","09:36:34",111800
62500,-500,100,"sd","09:36:14",108400
62500,-500,100,"sd","09:36:13",108300
62700,-300,100,"bu","09:36:05",108200
62600,-400,2800,"bu","09:36:05",108100
62700,-300,100,"bu","09:35:04",105300
62700,-300,100,"bu","09:35:01",105200
62700,-300,2000,"bu","09:34:32",105100
62700,-300,2000,"bu","09:33:42",103100
62700,-300,3000,"bu","09:33:42",101100
62800,-200,100,"bu","09:33:18",98100
62700,-300,300,"bu","09:33:18",98000
62700,-300,3000,"bu","09:33:06",97700
62800,-200,2700,"bu","09:31:20",94700
62800,-200,2800,"bu","09:31:20",92000
62900,-100,1600,"bu","09:30:03",89200
62900,-100,4500,"bu","09:30:03",87600
62900,-100,100,"bu","09:30:03",83100
62900,-100,100,"bu","09:30:03",83000
62900,-100,100,"bu","09:30:03",82900
62900,-100,100,"bu","09:30:03",82800
62900,-100,1000,"bu","09:30:03",82700
62900,-100,100,"bu","09:30:03",81700
62900,-100,300,"bu","09:30:03",81600
62800,-200,200,"bu","09:30:03",81300
62800,-200,1000,"bu","09:30:03",81100
62800,-200,200,"bu","09:30:03",80100
62700,-300,100,"bu","09:30:03",79900
62700,-300,100,"bu","09:30:03",79800
62700,-300,100,"bu","09:30:03",79700
62700,-300,400,"bu","09:30:03",79600
62700,-300,100,"bu","09:29:50",79200
62700,-300,100,"bu","09:28:01",79100
62600,-400,100,"bu","09:28:01",79000
62600,-400,100,"bu","09:28:01",78900
62600,-400,100,"bu","09:27:42",78800
62600,-400,200,"bu","09:27:42",78700
62600,-400,1000,"sd","09:27:31",78500
62600,-400,1800,"sd","09:27:31",77500
62700,-300,3400,"bu","09:26:42",75700
62700,-300,1600,"bu","09:26:42",72300
62700,-300,1400,"bu","09:26:18",70700
62700,-300,3000,"bu","09:26:18",69300
62700,-300,600,"bu","09:26:18",66300
62700,-300,1400,"sd","09:25:44",65700
62900,-100,3800,"bu","09:22:02",64300
62900,-100,1300,"bu","09:21:36",60500
62800,-200,4200,"bu","09:21:36",59200
62800,-200,100,"bu","09:21:36",55000
62800,-200,100,"sd","09:21:27",54900
63000,0,500,"bu","09:21:07",54800
63000,0,200,"sd","09:20:34",54300
63100,100,100,"bu","09:20:20",54100
63000,0,4900,"bu","09:20:20",54000
63100,100,100,"bu","09:20:04",49100
63000,0,4400,"bu","09:20:04",49000
63100,100,4800,"bu","09:19:36",44600
62900,-100,200,"bu","09:19:36",39800
62900,-100,4500,"bu","09:19:22",39600
63200,200,200,"sd","09:18:51",35100
63200,200,100,"sd","09:18:50",34900
63200,200,3100,"bu","09:18:45",34800
63000,0,3100,"bu","09:18:45",31700
62900,-100,700,"bu","09:18:45",28600
62900,-100,800,"bu","09:18:45",27900
62900,-100,4000,"bu","09:18:10",27100
63000,0,100,"bu","09:17:38",23100
64000,1000,5200,"bu","09:15:12",23000
64000,1000,100,"bu","09:15:12",17800
63900,900,14700,"bu","09:15:12",17700
63900,900,3000,"bu","09:15:01",3000
