"price","change","match_qtty","side","time","total_vol"
3700,-100,65200,"sd","14:45:01",628800
3800,0,500,"bu","14:29:39",563600
3800,0,100,"bu","14:27:08",563100
3700,-100,2000,"sd","14:26:52",563000
3800,0,4800,"bu","14:26:50",561000
3800,0,100,"bu","14:26:09",556200
3800,0,100,"bu","14:23:31",556100
3700,-100,200,"sd","14:22:30",556000
3700,-100,8000,"sd","14:22:13",555800
3700,-100,30000,"sd","14:22:00",547800
3700,-100,2200,"sd","14:19:49",517800
3700,-100,5000,"sd","14:18:47",515600
3700,-100,12500,"sd","14:18:10",510600
3700,-100,70000,"sd","14:18:02",498100
3700,-100,300,"sd","14:16:43",428100
3800,0,100,"bu","14:12:28",427800
3700,-100,1500,"sd","14:11:21",427700
3800,0,100,"bu","14:05:16",426200
3800,0,10000,"bu","14:05:04",426100
3800,0,20000,"bu","14:04:06",416100
3800,0,500,"bu","13:59:02",396100
3800,0,1000,"bu","13:54:56",395600
3800,0,400,"bu","13:53:31",394600
3800,0,400,"bu","13:51:02",394200
3800,0,3000,"bu","13:50:23",393800
3800,0,7800,"bu","13:50:15",390800
3800,0,100,"bu","13:46:27",383000
3800,0,1000,"bu","13:46:15",382900
3800,0,1000,"bu","13:45:05",381900
3800,0,10900,"bu","13:43:50",380900
3800,0,30000,"bu","13:43:46",370000
3800,0,2000,"bu","13:38:43",340000
3800,0,100,"bu","13:35:35",338000
3800,0,100,"bu","13:31:13",337900
3800,0,100,"bu","13:23:08",337800
3800,0,1200,"bu","13:14:11",337700
3800,0,100,"bu","13:13:24",336500
3700,-100,2000,"sd","13:11:11",336400
3700,-100,300,"sd","13:09:42",334400
3700,-100,700,"sd","13:00:07",334100
3800,0,100,"bu","11:28:06",333400
3700,-100,6300,"sd","11:27:03",333300
3800,0,300,"bu","11:20:04",327000
3800,0,1500,"bu","11:19:56",326700
3800,0,1900,"bu","11:19:03",325200
3800,0,2700,"sd","11:14:43",323300
3800,0,400,"sd","11:13:31",320600
3800,0,8100,"unknown","11:11:49",320200
3800,0,15000,"sd","11:11:04",312100
3800,0,1000,"sd","11:10:59",297100
3800,0,2400,"sd","11:09:52",296100
3800,0,100,"bu","11:07:15",293700
3700,-100,4900,"sd","11:06:59",293600
3800,0,100,"bu","11:04:48",288700
3700,-100,500,"sd","11:04:36",288600
3800,0,700,"unknown","11:01:00",288100
3800,0,100,"bu","11:00:19",287400
3800,0,200,"sd","11:00:01",287300
3800,0,100,"sd","10:59:26",287100
3800,0,700,"bu","10:59:04",287000
3800,0,5000,"bu","10:57:56",286300
3800,0,3000,"bu","10:56:52",281300
3800,0,900,"bu","10:53:33",278300
3800,0,2000,"bu","10:53:23",277400
3800,0,2200,"bu","10:52:34",275400
3800,0,300,"bu","10:51:23",273200
3800,0,6000,"bu","10:48:44",272900
3800,0,3000,"bu","10:48:14",266900
3800,0,100,"bu","10:45:18",263900
3800,0,13800,"bu","10:44:28",263800
3800,0,20000,"bu","10:42:07",250000
3800,0,100,"bu","10:39:14",230000
3800,0,300,"bu","10:36:29",229900
3800,0,30000,"bu","10:36:09",229600
3800,0,300,"bu","10:35:38",199600
3800,0,6300,"bu","10:34:10",199300
3800,0,600,"bu","10:31:26",193000
3800,0,1000,"bu","10:24:32",192400
3800,0,500,"bu","10:23:58",191400
3800,0,100,"bu","10:20:26",190900
3700,-100,3000,"sd","10:19:30",190800
3800,0,1000,"bu","10:18:45",187800
3800,0,500,"bu","10:17:53",186800
3800,0,200,"bu","10:07:30",186300
3800,0,1000,"bu","10:05:51",186100
3800,0,1200,"bu","10:05:33",185100
3800,0,35400,"unknown","10:04:45",183900
3800,0,17300,"sd","10:03:51",148500
3800,0,33000,"sd","10:01:40",131200
3800,0,200,"sd","10:00:56",98200
3800,0,3000,"sd","09:59:03",98000
3800,0,300,"sd","09:59:02",95000
3800,0,600,"sd","09:58:44",94700
3800,0,300,"sd","09:58:14",94100
3800,0,500,"sd","09:58:08",93800
3800,0,400,"sd","09:57:51",93300
3800,0,200,"sd","09:57:47",92900
3800,0,1000,"sd","09:57:26",92700
3800,0,1300,"sd","09:56:07",91700
3800,0,500,"sd","09:54:43",90400
3900,100,100,"bu","09:51:41",89900
3900,100,10000,"bu","09:51:24",89800
3900,100,3000,"bu","09:49:19",79800
3900,100,200,"bu","09:45:37",76800
3800,0,200,"sd","09:43:41",76600
3800,0,1000,"sd","09:43:07",76400
3900,100,100,"bu","09:39:07",75400
3800,0,12700,"sd","09:38:31",75300
3800,0,4000,"sd","09:36:59",62600
3800,0,100,"sd","09:35:50",58600
3800,0,100,"sd","09:35:22",58500
3800,0,200,"sd","09:35:10",58400
3800,0,20000,"sd","09:34:37",58200
3800,0,700,"sd","09:34:28",38200
3800,0,5000,"sd","09:34:10",37500
3800,0,300,"sd","09:33:49",32500
3800,0,500,"sd","09:33:40",32200
3800,0,500,"sd","09:33:26",31700
3800,0,500,"sd","09:33:12",31200
3800,0,10000,"sd","09:31:41",30700
3900,100,300,"bu","09:31:05",20700
3800,0,200,"sd","09:30:32",20400
3900,100,7000,"bu","09:28:22",20200
3900,100,5000,"bu","09:26:52",13200
3900,100,500,"bu","09:22:54",8200
3900,100,1000,"bu","09:21:16",7700
3900,100,100,"bu","09:19:41",6700
3900,100,200,"bu","09:17:32",6600
3900,100,100,"bu","09:17:13",6400
3800,0,200,"sd","09:13:19",6300
3800,0,1100,"sd","09:08:16",6100
3900,100,700,"bu","09:04:41",5000
3900,100,3000,"bu","09:03:17",4300
3900,100,100,"bu","09:00:51",1300
3800,0,100,"sd","09:00:13",1200
3800,0,1100,"sd","09:00:09",1100
