"price","change","match_qtty","side","time","total_vol"
14800,-300,155700,"bu","14:45:02",1819600
14900,-200,1000,"sd","14:29:54",1663900
14900,-200,2700,"sd","14:29:27",1662900
14800,-300,100,"sd","14:29:18",1660200
14800,-300,1500,"sd","14:29:11",1660100
14900,-200,15000,"bu","14:29:10",1658600
14900,-200,400,"bu","14:29:03",1643600
14900,-200,1000,"bu","14:28:22",1643200
14900,-200,1000,"bu","14:28:13",1642200
14900,-200,1000,"bu","14:27:36",1641200
14900,-200,300,"bu","14:27:15",1640200
14900,-200,100,"bu","14:27:06",1639900
14900,-200,100,"bu","14:26:48",1639800
14900,-200,1000,"bu","14:26:43",1639700
14900,-200,900,"bu","14:26:32",1638700
14900,-200,100,"sd","14:26:01",1637800
14900,-200,200,"bu","14:26:00",1637700
14900,-200,1700,"sd","14:25:59",1637500
14900,-200,1000,"sd","14:25:32",1635800
14900,-200,300,"sd","14:25:24",1634800
14900,-200,3100,"sd","14:24:58",1634500
14900,-200,1000,"bu","14:24:53",1631400
14900,-200,3000,"bu","14:24:43",1630400
14900,-200,100,"bu","14:24:15",1627400
14900,-200,100,"bu","14:24:14",1627300
14900,-200,300,"bu","14:24:09",1627200
14900,-200,300,"bu","14:24:07",1626900
14900,-200,4000,"bu","14:23:59",1626600
14900,-200,3100,"sd","14:23:53",1622600
14900,-200,100,"sd","14:23:39",1619500
14900,-200,4300,"bu","14:23:37",1619400
14900,-200,100,"bu","14:23:34",1615100
14800,-300,2000,"sd","14:23:30",1615000
14900,-200,5000,"bu","14:23:26",1613000
14900,-200,500,"bu","14:23:23",1608000
14900,-200,3600,"bu","14:23:21",1607500
14900,-200,100,"bu","14:23:18",1603900
14900,-200,1000,"bu","14:23:13",1603800
14900,-200,5000,"bu","14:23:08",1602800
14900,-200,1000,"bu","14:22:53",1597800
14900,-200,1800,"bu","14:22:32",1596800
14900,-200,100,"bu","14:22:30",1595000
14900,-200,3900,"bu","14:22:25",1594900
14900,-200,700,"bu","14:22:08",1591000
14800,-300,300,"sd","14:22:07",1590300
14900,-200,200,"bu","14:22:03",1590000
14900,-200,300,"bu","14:22:01",1589800
14900,-200,200,"bu","14:21:11",1589500
14900,-200,2600,"bu","14:20:39",1589300
14900,-200,800,"bu","14:20:25",1586700
14800,-300,100,"sd","14:20:09",1585900
14900,-200,500,"bu","14:19:54",1585800
14800,-300,1000,"sd","14:19:36",1585300
14900,-200,5000,"bu","14:19:14",1584300
14900,-200,2000,"bu","14:18:44",1579300
14900,-200,1000,"sd","14:18:42",1577300
14900,-200,4400,"sd","14:18:36",1576300
14900,-200,1000,"sd","14:18:32",1571900
14900,-200,3000,"sd","14:18:18",1570900
14900,-200,3000,"sd","14:18:17",1567900
14900,-200,200,"sd","14:18:10",1564900
14900,-200,1000,"sd","14:18:06",1564700
14900,-200,600,"sd","14:18:03",1563700
14900,-200,40000,"sd","14:17:57",1563100
14900,-200,3000,"sd","14:17:53",1523100
14900,-200,10000,"sd","14:17:47",1520100
14900,-200,1000,"sd","14:17:05",1510100
14900,-200,1000,"sd","14:16:36",1509100
15000,-100,100,"bu","14:16:22",1508100
15000,-100,3300,"bu","14:14:49",1508000
14900,-200,2000,"sd","14:14:47",1504700
15000,-100,2600,"bu","14:14:23",1502700
15000,-100,600,"sd","14:14:16",1500100
15000,-100,50000,"sd","14:14:01",1499500
15000,-100,4000,"sd","14:13:37",1449500
15000,-100,100,"sd","14:13:24",1445500
15100,0,600,"bu","14:13:12",1445400
15100,0,200,"bu","14:13:05",1444800
15000,-100,300,"sd","14:13:00",1444600
15100,0,2000,"bu","14:12:35",1444300
15100,0,600,"bu","14:11:42",1442300
15100,0,500,"bu","14:11:33",1441700
15100,0,200,"bu","14:11:31",1441200
15100,0,500,"bu","14:11:25",1441000
15100,0,800,"bu","14:11:12",1440500
15000,-100,5000,"sd","14:09:54",1439700
15000,-100,1300,"sd","14:08:47",1434700
15000,-100,1100,"sd","14:08:46",1433400
15000,-100,300,"sd","14:06:37",1432300
15000,-100,1000,"sd","14:06:07",1432000
15000,-100,1000,"sd","14:05:35",1431000
15000,-100,500,"sd","14:04:30",1430000
15100,0,500,"bu","14:03:22",1429500
15000,-100,5000,"sd","14:01:42",1429000
15000,-100,5000,"sd","14:01:03",1424000
15000,-100,1000,"sd","14:00:38",1419000
15000,-100,1000,"sd","14:00:21",1418000
15000,-100,1000,"sd","13:59:58",1417000
15000,-100,3000,"sd","13:58:41",1416000
15000,-100,5000,"sd","13:58:08",1413000
15000,-100,900,"sd","13:57:03",1408000
15000,-100,1000,"sd","13:56:56",1407100
15000,-100,1000,"sd","13:55:44",1406100
15000,-100,2000,"sd","13:54:43",1405100
15000,-100,100,"sd","13:53:37",1403100
15000,-100,2000,"sd","13:52:42",1403000
15100,0,100,"bu","13:52:41",1401000
15100,0,200,"bu","13:50:47",1400900
15100,0,200,"bu","13:49:54",1400700
15100,0,6100,"bu","13:49:38",1400500
15100,0,200,"sd","13:49:10",1394400
15200,100,500,"bu","13:49:03",1394200
15100,0,2000,"sd","06:49:01",1393700
15100,0,100,"sd","13:48:31",1391700
15100,0,2900,"sd","13:48:04",1391600
15200,100,200,"bu","13:48:01",1388700
15100,0,200,"sd","13:47:47",1388500
15200,100,100,"bu","13:47:42",1388300
15100,0,1000,"sd","13:47:38",1388200
15200,100,500,"bu","13:47:32",1387200
15100,0,500,"sd","13:47:21",1386700
15100,0,200,"sd","13:46:42",1386200
15100,0,1000,"sd","13:46:39",1386000
15100,0,100,"sd","13:46:36",1385000
15100,0,6000,"sd","13:46:09",1384900
15100,0,300,"sd","13:45:33",1378900
15100,0,2500,"sd","13:45:27",1378600
15100,0,200,"sd","13:45:02",1376100
15100,0,12200,"sd","13:44:52",1375900
15100,0,2000,"bu","13:44:50",1363700
15100,0,3000,"bu","13:44:49",1361700
15100,0,6500,"bu","13:44:38",1358700
15100,0,10000,"bu","13:44:31",1352200
15100,0,17300,"bu","13:44:18",1342200
15100,0,100,"sd","13:43:34",1324900
15100,0,200,"sd","13:43:13",1324800
15100,0,500,"bu","13:42:19",1324600
15100,0,2000,"bu","13:42:17",1324100
15100,0,10000,"bu","13:42:15",1322100
15100,0,20000,"bu","13:42:11",1312100
15100,0,200,"bu","13:42:06",1292100
15100,0,4000,"bu","13:41:59",1291900
15100,0,2000,"bu","13:41:58",1287900
15100,0,2000,"bu","13:41:55",1285900
15100,0,14000,"bu","13:41:37",1283900
15100,0,2000,"bu","13:41:30",1269900
15000,-100,300,"sd","13:40:44",1267900
15000,-100,3000,"sd","13:40:26",1267600
15000,-100,500,"bu","13:39:16",1264600
15000,-100,8000,"bu","13:39:08",1264100
15000,-100,9900,"bu","13:38:59",1256100
15000,-100,5000,"bu","13:38:47",1246200
15000,-100,500,"bu","13:38:33",1241200
15000,-100,400,"bu","13:38:26",1240700
15000,-100,100,"bu","13:38:25",1240300
15000,-100,5000,"bu","13:38:14",1240200
15000,-100,6400,"bu","13:38:10",1235200
15000,-100,5000,"bu","13:37:56",1228800
15000,-100,500,"bu","13:37:18",1223800
15000,-100,200,"bu","13:37:09",1223300
15000,-100,500,"bu","13:36:52",1223100
15000,-100,500,"bu","13:36:31",1222600
15000,-100,300,"bu","13:36:28",1222100
15000,-100,1000,"bu","13:36:26",1221800
15000,-100,100,"bu","13:35:58",1220800
15000,-100,200,"bu","13:35:55",1220700
14900,-200,600,"sd","13:34:35",1220500
14900,-200,1000,"bu","13:34:34",1219900
14900,-200,3400,"bu","13:34:33",1218900
14900,-200,2000,"bu","13:34:28",1215500
14900,-200,600,"bu","13:34:16",1213500
14900,-200,10000,"bu","13:34:12",1212900
14900,-200,100,"bu","13:34:06",1202900
14900,-200,1100,"bu","13:34:02",1202800
14900,-200,8000,"bu","13:33:21",1201700
14900,-200,3900,"bu","13:33:16",1193700
14900,-200,500,"bu","13:32:45",1189800
14800,-300,500,"sd","13:32:13",1189300
14900,-200,1000,"bu","13:31:41",1188800
14800,-300,500,"sd","13:30:37",1187800
14900,-200,500,"bu","13:30:28",1187300
14900,-200,200,"bu","13:29:57",1186800
14900,-200,200,"bu","13:28:58",1186600
14900,-200,10900,"bu","13:28:01",1186400
14900,-200,200,"sd","13:27:54",1175500
14900,-200,100,"sd","13:26:40",1175300
14900,-200,1500,"sd","13:26:38",1175200
14900,-200,1000,"sd","13:25:42",1173700
14900,-200,2500,"sd","13:24:23",1172700
14900,-200,5000,"sd","13:24:10",1170200
14900,-200,500,"sd","13:24:09",1165200
14900,-200,2500,"sd","13:24:03",1164700
14900,-200,700,"sd","13:23:33",1162200
15000,-100,100,"bu","13:23:25",1161500
15000,-100,300,"bu","13:23:10",1161400
15000,-100,500,"bu","13:22:31",1161100
15000,-100,100,"bu","13:22:23",1160600
15000,-100,1800,"bu","13:21:42",1160500
15000,-100,400,"sd","13:21:40",1158700
15000,-100,2000,"sd","13:21:11",1158300
15000,-100,4000,"sd","13:21:08",1156300
15000,-100,100,"sd","13:20:37",1152300
15000,-100,1000,"sd","13:20:20",1152200
15000,-100,1000,"sd","13:20:19",1151200
15000,-100,100,"sd","13:20:01",1150200
15000,-100,100,"sd","13:19:13",1150100
15000,-100,100,"sd","13:19:09",1150000
15000,-100,500,"sd","13:19:03",1149900
15000,-100,4000,"sd","13:18:48",1149400
15000,-100,100,"sd","13:18:46",1145400
15000,-100,1000,"sd","13:17:56",1145300
15000,-100,100,"sd","13:17:22",1144300
15000,-100,1400,"sd","13:17:11",1144200
15000,-100,1000,"sd","13:16:47",1142800
15000,-100,400,"bu","13:16:32",1141800
15000,-100,100,"bu","13:16:29",1141400
15000,-100,5000,"bu","13:16:26",1141300
15000,-100,1000,"bu","13:16:23",1136300
15000,-100,1000,"bu","13:16:07",1135300
15000,-100,20000,"bu","13:16:05",1134300
15000,-100,1000,"bu","13:15:59",1114300
15000,-100,1500,"bu","13:15:50",1113300
15000,-100,3600,"bu","13:15:22",1111800
15000,-100,10000,"bu","13:15:04",1108200
15000,-100,7700,"sd","13:14:33",1098200
15000,-100,200,"bu","13:14:09",1090500
15000,-100,4000,"bu","13:14:08",1090300
15000,-100,700,"bu","13:13:54",1086300
15000,-100,300,"bu","13:13:43",1085600
15000,-100,30200,"bu","13:13:34",1085300
15000,-100,1000,"bu","13:13:10",1055100
15000,-100,100,"bu","13:12:36",1054100
15000,-100,100,"bu","13:11:00",1054000
15000,-100,100,"bu","13:10:52",1053900
15000,-100,100,"bu","13:10:47",1053800
15000,-100,1500,"bu","13:09:44",1053700
14900,-200,200,"sd","13:09:01",1052200
14900,-200,100,"sd","13:07:44",1052000
14900,-200,6200,"bu","13:07:37",1051900
14900,-200,10000,"bu","13:07:30",1045700
14900,-200,8100,"bu","13:07:29",1035700
14900,-200,200,"bu","13:07:18",1027600
14900,-200,200,"bu","13:06:03",1027400
14900,-200,4000,"bu","13:05:32",1027200
14800,-300,100,"sd","13:04:29",1023200
14800,-300,2000,"sd","13:04:06",1023100
14800,-300,200,"sd","13:03:49",1021100
14800,-300,3000,"sd","13:03:40",1020900
14800,-300,500,"sd","13:03:37",1017900
14800,-300,1500,"sd","13:02:54",1017400
14900,-200,100,"bu","13:01:55",1015900
14900,-200,200,"bu","13:01:52",1015800
14900,-200,1900,"bu","13:00:16",1015600
14800,-300,2000,"sd","13:00:08",1013700
14800,-300,2000,"sd","13:00:06",1011700
14800,-300,1000,"sd","13:00:04",1009700
14900,-200,600,"sd","11:29:59",1008700
14900,-200,4400,"bu","11:29:58",1008100
14900,-200,20000,"sd","11:29:09",1003700
14900,-200,100,"sd","11:28:42",983700
14900,-200,100,"sd","11:27:52",983600
14900,-200,200,"sd","11:27:07",983500
14900,-200,600,"sd","11:26:04",983300
14900,-200,300,"sd","11:26:02",982700
14900,-200,2000,"sd","11:25:38",982400
14900,-200,200,"sd","11:23:00",980400
14900,-200,100,"sd","11:20:46",980200
14900,-200,100,"sd","11:20:34",980100
14900,-200,500,"bu","11:18:25",980000
14900,-200,3000,"bu","11:18:15",979500
14900,-200,100,"bu","11:15:47",976500
14900,-200,1000,"bu","11:14:31",976400
14800,-300,20000,"sd","11:13:32",975400
14900,-200,100,"bu","11:12:49",955400
14900,-200,100,"bu","11:12:29",955300
14900,-200,200,"bu","11:12:17",955200
14900,-200,400,"sd","11:12:04",955000
14900,-200,400,"bu","11:11:25",954600
14900,-200,600,"sd","11:10:19",954200
14900,-200,3400,"bu","11:10:01",953600
14900,-200,500,"bu","11:09:07",950200
14900,-200,2000,"bu","11:09:05",949700
14800,-300,200,"sd","11:08:54",947700
14900,-200,400,"bu","11:08:04",947500
14900,-200,1000,"bu","11:06:51",947100
14700,-400,179800,"sd","11:06:41",946100
14900,-200,2000,"bu","11:06:39",766300
14800,-300,1200,"sd","11:06:21",764300
14900,-200,500,"bu","11:05:38",763100
14900,-200,200,"bu","11:05:33",762600
14900,-200,8700,"bu","11:05:16",762400
14900,-200,200,"bu","11:04:18",753700
14900,-200,28600,"bu","11:03:57",753500
14900,-200,1000,"sd","11:03:50",724900
14900,-200,2000,"sd","11:03:20",723900
14900,-200,2500,"sd","11:03:02",721900
14900,-200,1000,"sd","11:02:48",719400
14900,-200,5800,"sd","11:02:42",718400
14900,-200,4000,"sd","11:02:28",712600
14900,-200,5600,"sd","11:02:10",708600
14900,-200,4000,"sd","11:01:14",703000
15000,-100,100,"bu","11:00:32",699000
15000,-100,600,"bu","10:59:04",698900
15000,-100,10000,"bu","10:57:40",698300
15000,-100,900,"bu","10:57:24",688300
15000,-100,1000,"bu","10:55:47",687400
15000,-100,3200,"bu","10:55:00",686400
14900,-200,400,"sd","10:54:47",683200
15000,-100,100,"bu","10:54:20",682800
15000,-100,100,"bu","10:54:05",682700
15000,-100,1000,"bu","10:53:37",682600
15000,-100,1100,"bu","10:52:38",681600
15000,-100,100,"bu","10:50:54",680500
15000,-100,500,"bu","10:50:47",680400
15000,-100,10000,"bu","10:50:29",679900
15000,-100,3900,"bu","10:50:26",669900
15000,-100,400,"bu","10:48:04",666000
14900,-200,300,"sd","10:47:29",665600
14900,-200,1500,"sd","10:47:28",665300
14900,-200,1000,"sd","10:45:31",663800
14900,-200,2600,"sd","10:45:10",662800
15000,-100,100,"bu","10:44:13",660200
15000,-100,500,"bu","10:42:49",660100
15000,-100,500,"bu","10:41:58",659600
15000,-100,300,"bu","10:41:13",659100
15000,-100,800,"bu","10:41:01",658800
15000,-100,200,"bu","10:40:43",658000
15000,-100,10000,"bu","10:40:27",657800
15000,-100,200,"bu","10:40:16",647800
15000,-100,100,"bu","10:39:05",647600
15000,-100,300,"bu","10:38:52",647500
14900,-200,100,"sd","10:38:47",647200
15000,-100,100,"bu","10:38:06",647100
15000,-100,100,"bu","10:37:52",647000
14900,-200,100,"sd","10:36:35",646900
15000,-100,3200,"bu","10:36:07",646800
15000,-100,10000,"bu","10:36:06",643600
14900,-200,100,"sd","10:34:10",633600
15000,-100,1000,"bu","10:32:44",633500
15000,-100,100,"bu","10:32:26",632500
14900,-200,500,"sd","10:31:52",632400
14900,-200,2000,"sd","10:31:24",631900
14900,-200,1000,"sd","10:30:06",629900
14900,-200,600,"sd","10:29:05",628900
15000,-100,700,"bu","10:29:00",628300
15000,-100,100,"bu","10:28:55",627600
15000,-100,8000,"bu","10:28:54",627500
15000,-100,100,"bu","10:28:31",619500
14900,-200,900,"sd","10:27:37",619400
14900,-200,1200,"bu","10:27:34",618500
14900,-200,400,"bu","10:27:31",617300
14900,-200,18400,"sd","10:27:11",616900
14900,-200,200,"sd","10:27:08",598500
14900,-200,10800,"sd","10:26:20",598300
14900,-200,100,"sd","10:24:39",587500
14900,-200,500,"bu","10:24:28",587400
14900,-200,200,"bu","10:24:22",586900
14900,-200,1000,"bu","10:24:17",586700
14900,-200,100,"bu","10:24:13",585700
14900,-200,500,"bu","10:24:04",585600
14900,-200,200,"bu","10:23:59",585100
14900,-200,200,"bu","10:23:55",584900
14900,-200,500,"bu","10:23:48",584700
14900,-200,1000,"bu","10:23:34",584200
14900,-200,200,"bu","10:23:33",583200
14900,-200,5000,"bu","10:23:29",583000
14900,-200,300,"bu","10:23:27",578000
14900,-200,500,"bu","10:23:09",577700
14900,-200,100,"bu","10:23:07",577200
14900,-200,500,"bu","10:23:05",577100
14900,-200,1000,"bu","10:22:47",576600
14900,-200,600,"bu","10:22:44",575600
14900,-200,6000,"bu","10:22:30",575000
14900,-200,300,"bu","10:22:19",569000
14900,-200,500,"bu","10:22:15",568700
14900,-200,5000,"bu","10:22:13",568200
14900,-200,500,"bu","10:21:57",563200
14900,-200,1000,"bu","10:21:44",562700
14900,-200,600,"bu","10:21:05",561700
14800,-300,1000,"sd","10:20:46",561100
14800,-300,10000,"sd","10:18:34",560100
14800,-300,400,"sd","10:18:16",550100
14800,-300,1700,"sd","10:17:54",549700
14800,-300,2000,"sd","10:17:11",548000
14800,-300,4000,"sd","10:15:59",546000
14800,-300,200,"sd","10:15:54",542000
14800,-300,1000,"sd","10:15:39",541800
14800,-300,1700,"sd","10:15:37",540800
14800,-300,1000,"sd","10:14:49",539100
14800,-300,300,"sd","10:14:32",538100
14800,-300,400,"sd","10:14:10",537800
14900,-200,100,"bu","10:13:47",537400
14900,-200,200,"bu","10:13:33",537300
14900,-200,800,"bu","10:13:06",537100
14800,-300,20000,"sd","10:13:03",536300
14900,-200,100,"bu","10:12:53",516300
14900,-200,100,"bu","10:12:09",516200
14900,-200,200,"bu","10:11:35",516100
14900,-200,7000,"bu","10:11:29",515900
14900,-200,1000,"bu","10:11:23",508900
14900,-200,200,"bu","10:10:58",507900
14900,-200,300,"bu","10:10:39",507700
14900,-200,1400,"sd","10:10:26",507400
14900,-200,200,"sd","10:10:13",506000
14900,-200,3000,"sd","10:09:54",505800
14900,-200,300,"sd","10:09:50",502800
14900,-200,100,"sd","10:09:15",502500
14900,-200,2000,"sd","10:08:22",502400
14900,-200,200,"sd","10:08:19",500400
15000,-100,1000,"bu","10:08:10",500200
14900,-200,4000,"sd","10:07:45",499200
14900,-200,1000,"sd","10:07:22",495200
14900,-200,100,"sd","10:07:21",494200
14900,-200,2000,"bu","10:06:46",494100
14900,-200,1000,"unknown","10:06:37",492100
14900,-200,500,"bu","10:06:36",491100
14900,-200,100,"bu","10:06:31",490600
14900,-200,1200,"bu","10:06:27",490500
14900,-200,800,"bu","10:06:23",489300
14900,-200,1700,"bu","10:06:22",488500
14900,-200,10000,"bu","10:06:05",486800
14900,-200,200,"bu","10:05:53",476800
14900,-200,300,"bu","10:05:47",476600
14900,-200,2000,"bu","10:05:29",476300
14900,-200,200,"bu","10:05:13",474300
14900,-200,200,"bu","10:04:57",474100
14900,-200,16400,"bu","10:04:54",473900
14900,-200,2500,"sd","10:04:42",457500
14900,-200,300,"sd","10:04:01",455000
14900,-200,200,"bu","10:03:59",454700
14900,-200,20000,"bu","10:03:58",454500
14900,-200,300,"bu","10:03:53",434500
14900,-200,1100,"bu","10:03:47",434200
14900,-200,2000,"bu","10:03:44",433100
14900,-200,1000,"bu","10:03:39",431100
14900,-200,100,"bu","10:03:20",430100
14900,-200,200,"bu","10:03:16",430000
14900,-200,500,"bu","10:03:07",429800
14900,-200,200,"bu","10:03:02",429300
14900,-200,200,"bu","10:03:00",429100
14900,-200,2000,"bu","10:02:55",428900
14900,-200,200,"bu","10:02:44",426900
14900,-200,100,"bu","10:02:42",426700
14900,-200,10000,"bu","10:02:34",426600
14900,-200,100,"bu","10:02:32",416600
14800,-300,2000,"sd","10:02:05",416500
14800,-300,700,"sd","10:02:01",414500
14800,-300,5000,"sd","10:01:38",413800
14900,-200,200,"bu","10:00:58",408800
14900,-200,17100,"sd","10:00:47",408600
14900,-200,5000,"sd","10:00:41",391500
14900,-200,1000,"sd","10:00:40",386500
14900,-200,5000,"sd","10:00:32",385500
14900,-200,300,"sd","10:00:05",380500
14900,-200,20000,"sd","10:00:04",380200
15000,-100,49800,"bu","09:58:58",360200
15000,-100,100,"sd","09:58:13",310400
15000,-100,500,"sd","09:57:42",310300
15000,-100,3000,"sd","09:57:39",309800
15000,-100,1000,"sd","09:57:31",306800
15000,-100,1000,"sd","09:57:03",305800
15000,-100,100,"sd","09:57:02",304800
15000,-100,16400,"sd","09:56:54",304700
15100,0,100,"bu","09:56:03",288300
15100,0,10000,"bu","09:55:01",288200
15100,0,700,"bu","09:54:15",278200
15100,0,100,"bu","09:53:54",277500
15100,0,2000,"bu","09:52:31",277400
15100,0,500,"bu","09:52:16",275400
15100,0,100,"bu","09:50:26",274900
15100,0,100,"bu","09:50:24",274800
15100,0,1200,"bu","09:49:37",274700
15100,0,3000,"sd","09:49:27",273500
15100,0,500,"sd","09:48:50",270500
15100,0,200,"sd","09:48:36",270000
15100,0,2000,"sd","09:48:13",269800
15100,0,200,"sd","09:48:11",267800
15100,0,1000,"sd","09:47:54",267600
15100,0,1000,"sd","09:47:42",266600
15100,0,2000,"sd","09:47:22",265600
15100,0,200,"sd","09:47:07",263600
15100,0,300,"sd","09:46:44",263400
15100,0,1000,"sd","09:46:39",263100
15100,0,400,"sd","09:46:28",262100
15100,0,500,"sd","09:46:06",261700
15100,0,400,"sd","09:45:44",261200
15100,0,2000,"sd","09:45:25",260800
15100,0,2000,"sd","09:44:56",258800
15100,0,300,"sd","09:44:15",256800
15100,0,500,"sd","09:44:09",256500
15100,0,2000,"unknown","09:42:04",256000
15100,0,1000,"sd","09:41:59",254000
15100,0,2000,"unknown","09:41:53",253000
15100,0,2000,"bu","09:41:48",251000
15100,0,500,"bu","09:41:42",249000
15100,0,100,"bu","09:41:33",248500
15100,0,100,"bu","09:41:26",248400
15100,0,500,"bu","09:41:20",248300
15100,0,100,"bu","09:41:10",247800
15100,0,5000,"bu","09:41:09",247700
15100,0,100,"bu","09:41:04",242700
15100,0,100,"bu","09:41:03",242600
15100,0,2000,"bu","09:40:55",242500
15100,0,200,"bu","09:40:47",240500
15100,0,1300,"bu","09:40:33",240300
15100,0,100,"bu","09:40:13",239000
15000,-100,8000,"sd","09:39:23",238900
15100,0,4000,"bu","09:39:16",230900
15000,-100,1000,"sd","09:39:09",226900
15100,0,500,"bu","09:39:02",225900
15100,0,200,"bu","09:38:54",225400
15100,0,1000,"bu","09:38:50",225200
15100,0,300,"bu","09:38:23",224200
15100,0,1000,"bu","09:38:04",223900
15100,0,2300,"sd","09:38:02",222900
15100,0,1000,"sd","09:37:37",220600
15100,0,2500,"bu","09:37:35",219600
15100,0,100,"bu","09:37:31",217100
15100,0,2400,"sd","09:37:22",217000
15100,0,7500,"bu","09:37:15",214600
15100,0,3000,"bu","09:36:22",207100
15100,0,600,"bu","09:36:02",204100
15100,0,300,"sd","09:36:01",203500
15100,0,2000,"sd","09:35:54",203200
15100,0,4000,"sd","09:35:45",201200
15100,0,1000,"sd","09:35:34",197200
15100,0,100,"sd","09:35:31",196200
15100,0,2000,"sd","09:35:24",196100
15100,0,500,"sd","09:35:12",194100
15100,0,200,"sd","09:34:52",193600
15100,0,1000,"sd","09:34:46",193400
15100,0,6100,"sd","09:34:39",192400
15100,0,3000,"sd","09:34:09",186300
15100,0,200,"sd","09:33:55",183300
15100,0,2000,"sd","09:33:50",183100
15100,0,10000,"sd","09:33:43",181100
15100,0,1000,"sd","09:33:40",171100
15100,0,2000,"sd","09:33:31",170100
15100,0,3500,"sd","09:33:25",168100
15100,0,1000,"sd","09:33:07",164600
15100,0,6000,"sd","09:32:47",163600
15100,0,500,"sd","09:32:23",157600
15100,0,500,"sd","09:32:13",157100
15100,0,200,"sd","09:31:58",156600
15100,0,200,"sd","09:30:34",156400
15100,0,10000,"sd","09:29:46",156200
15200,100,4000,"bu","09:28:51",146200
15200,100,5000,"bu","09:27:47",142200
15200,100,5400,"bu","09:27:40",137200
15200,100,1000,"sd","09:27:33",131800
15200,100,300,"sd","09:27:29",130800
15200,100,5000,"sd","09:27:18",130500
15200,100,1400,"sd","09:26:50",125500
15300,200,1000,"bu","09:26:44",124100
15200,100,5000,"sd","09:26:33",123100
15300,200,300,"bu","09:26:12",118100
15300,200,100,"bu","09:25:35",117800
15300,200,3000,"bu","09:25:31",117700
15300,200,300,"bu","09:25:28",114700
15300,200,1900,"bu","09:24:46",114400
15300,200,500,"bu","09:24:33",112500
15300,200,200,"bu","09:24:26",112000
15300,200,3000,"bu","09:23:57",111800
15300,200,7200,"bu","09:23:10",108800
15300,200,500,"bu","09:22:17",101600
15300,200,2000,"bu","09:21:53",101100
15300,200,200,"bu","09:21:42",99100
15300,200,200,"bu","09:21:37",98900
15300,200,2000,"bu","09:21:27",98700
15300,200,300,"bu","09:20:47",96700
15200,100,200,"sd","09:20:45",96400
15300,200,1400,"bu","09:20:44",96200
15200,100,500,"sd","09:20:14",94800
15200,100,200,"sd","09:18:46",94300
15200,100,100,"sd","09:18:04",94100
15200,100,300,"sd","09:17:20",94000
15300,200,400,"bu","09:16:24",93700
15300,200,3000,"bu","09:16:14",93300
15300,200,500,"bu","09:15:50",90300
15300,200,1000,"bu","09:15:20",89800
15200,100,2300,"sd","09:15:08",88800
15300,200,400,"bu","09:14:42",86500
15300,200,1000,"bu","09:13:57",86100
15300,200,500,"bu","09:13:26",85100
15300,200,300,"bu","09:11:46",84600
15300,200,3800,"bu","09:11:38",84300
15300,200,1000,"sd","09:11:22",80500
15300,200,5000,"sd","09:11:20",79500
15300,200,2000,"sd","09:11:08",74500
15300,200,200,"sd","09:10:58",72500
15300,200,5000,"sd","09:10:51",72300
15400,300,3000,"bu","09:10:14",67300
15300,200,21500,"sd","09:09:53",64300
15400,300,1000,"bu","09:09:45",42800
15400,300,200,"bu","09:09:20",41800
15400,300,500,"bu","09:08:59",41600
15400,300,200,"bu","09:08:55",41100
15400,300,200,"bu","09:08:33",40900
15400,300,1000,"bu","09:08:13",40700
15400,300,1000,"bu","09:08:06",39700
15400,300,5000,"bu","09:07:31",38700
15400,300,1000,"bu","09:07:07",33700
15300,200,100,"sd","09:06:28",32700
15300,200,2000,"sd","09:06:11",32600
15300,200,500,"sd","09:05:56",30600
15300,200,6000,"sd","09:05:47",30100
15300,200,3500,"sd","09:05:27",24100
15300,200,1100,"sd","09:04:19",20600
15300,200,100,"sd","09:04:11",19500
15300,200,800,"bu","09:04:03",19400
15300,200,900,"sd","09:03:54",18600
15300,200,200,"sd","09:03:50",17700
15300,200,1000,"sd","09:03:42",17500
15300,200,3000,"sd","09:03:23",16500
15300,200,1000,"sd","09:01:49",13500
15300,200,1000,"sd","09:01:27",12500
15300,200,3000,"bu","09:01:16",11500
15100,0,2500,"sd","09:00:11",8500
15300,200,5000,"bu","09:00:10",6000
15100,0,1000,"sd","09:00:03",1000
