"price","change","match_qtty","side","time","total_vol"
4500,0,19500,"unknown","14:45:02",1014600
4500,0,500,"bu","14:29:46",995100
4500,0,100,"bu","14:27:53",994600
4400,-100,2000,"sd","14:23:43",994500
4400,-100,400,"sd","14:23:42",992500
4400,-100,100,"sd","14:20:16",992100
4500,0,2400,"bu","14:13:52",992000
4500,0,400,"bu","14:13:43",989600
4500,0,100,"bu","14:13:24",989200
4500,0,13700,"sd","14:12:37",989100
4500,0,100,"sd","14:12:02",975400
4500,0,9000,"sd","14:09:15",975300
4500,0,2000,"sd","14:08:43",966300
4500,0,6000,"sd","14:08:23",964300
4500,0,500,"sd","14:07:58",958300
4500,0,1000,"sd","14:07:52",957800
4500,0,500,"sd","14:07:13",956800
4500,0,300,"sd","14:05:55",956300
4500,0,400,"sd","14:05:44",956000
4500,0,16700,"sd","14:05:07",955600
4500,0,100,"bu","14:04:17",938900
4500,0,400,"bu","14:04:06",938800
4500,0,8300,"sd","13:59:28",938400
4500,0,7000,"sd","13:58:58",930100
4500,0,6000,"sd","13:58:26",923100
4500,0,800,"sd","13:57:17",917100
4500,0,1000,"sd","13:57:02",916300
4500,0,10000,"sd","13:56:33",915300
4500,0,2000,"sd","13:56:10",905300
4500,0,1000,"sd","13:56:08",903300
4500,0,1000,"sd","13:55:50",902300
4500,0,3000,"sd","13:54:27",901300
4500,0,40200,"sd","13:53:58",898300
4500,0,4000,"bu","13:53:26",858100
4500,0,5000,"bu","13:52:22",854100
4500,0,100,"bu","13:52:03",849100
4500,0,4700,"bu","13:50:33",849000
4500,0,100,"bu","13:49:59",844300
4500,0,3000,"bu","13:49:48",844200
4500,0,100,"bu","13:49:34",841200
4500,0,100,"bu","13:48:25",841100
4500,0,300,"bu","13:48:19",841000
4500,0,5000,"bu","13:48:18",840700
4500,0,5000,"bu","13:45:47",835700
4400,-100,5000,"sd","13:43:40",830700
4500,0,5000,"bu","13:43:32",825700
4500,0,3600,"bu","13:42:50",820700
4500,0,100,"bu","13:41:59",817100
4400,-100,8000,"sd","13:41:52",817000
4400,-100,700,"sd","13:40:34",809000
4500,0,100,"bu","13:39:13",808300
4500,0,1000,"bu","13:36:27",808200
4500,0,100,"bu","13:34:12",807200
4400,-100,100,"sd","13:33:47",807100
4400,-100,1000,"sd","13:29:08",807000
4400,-100,100,"sd","13:27:38",806000
4400,-100,4000,"sd","13:24:55",805900
4500,0,300,"bu","13:24:50",801900
4400,-100,69300,"sd","13:23:25",801600
4500,0,100,"bu","13:21:41",732300
4500,0,3000,"bu","13:20:24",732200
4500,0,4000,"bu","13:19:57",729200
4500,0,1300,"bu","13:16:18",725200
4500,0,100,"bu","13:14:48",723900
4500,0,200,"bu","13:14:27",723800
4500,0,4000,"bu","13:12:12",723600
4500,0,5000,"bu","13:09:15",719600
4400,-100,10000,"sd","13:08:12",714600
4400,-100,5000,"sd","13:07:20",704600
4400,-100,500,"sd","13:04:24",699600
4400,-100,5000,"bu","13:04:17",699100
4400,-100,1000,"bu","13:04:09",694100
4300,-200,100,"sd","13:04:07",693100
4400,-100,3500,"bu","13:04:05",693000
4400,-100,10000,"bu","13:03:55",689500
4300,-200,200,"sd","13:03:53",679500
4300,-200,25000,"sd","13:03:52",679300
4400,-100,500,"bu","13:03:38",654300
4400,-100,42100,"bu","13:03:31",653800
4400,-100,30000,"sd","13:03:11",611700
4400,-100,3900,"sd","13:02:52",581700
4400,-100,6000,"sd","13:02:48",577800
4400,-100,100,"sd","13:02:31",571800
4400,-100,200,"sd","13:02:29",571700
4400,-100,20000,"sd","13:02:24",571500
4400,-100,1000,"sd","13:02:23",551500
4400,-100,11500,"sd","13:02:17",550500
4400,-100,5000,"sd","13:01:31",539000
4400,-100,50000,"sd","13:01:13",534000
4400,-100,29000,"sd","13:00:17",484000
4500,0,3800,"bu","13:00:08",455000
4500,0,3000,"bu","13:00:06",451200
4500,0,28200,"bu","13:00:04",448200
4500,0,30000,"sd","11:27:59",420000
4500,0,11800,"sd","11:27:55",390000
4500,0,1000,"sd","11:26:35",378200
4600,100,2000,"bu","11:14:44",377200
4600,100,500,"bu","11:13:54",375200
4500,0,5000,"sd","11:13:52",374700
4500,0,15800,"bu","11:09:17",369700
4500,0,1000,"bu","11:09:05",353900
4500,0,20000,"bu","11:08:37",352900
4500,0,1200,"sd","11:06:06",332900
4500,0,2900,"sd","11:05:46",331700
4500,0,3000,"sd","11:05:41",328800
4500,0,5000,"sd","11:05:07",325800
4500,0,40000,"sd","11:04:43",320800
4600,100,100,"bu","10:59:45",280800
4500,0,600,"sd","10:58:41",280700
4500,0,600,"sd","10:57:02",280100
4500,0,7100,"sd","10:55:40",279500
4500,0,10000,"sd","10:55:03",272400
4500,0,3000,"sd","10:54:10",262400
4500,0,8000,"sd","10:52:31",259400
4500,0,1000,"sd","10:48:20",251400
4600,100,400,"bu","10:46:31",250400
4500,0,2000,"sd","10:36:36",250000
4500,0,100,"sd","10:35:54",248000
4500,0,6000,"sd","10:24:38",247900
4500,0,100,"sd","10:20:48",241900
4500,0,3000,"sd","10:15:53",241800
4500,0,3500,"sd","10:15:24",238800
4500,0,500,"sd","10:14:03",235300
4500,0,1000,"sd","10:13:19",234800
4500,0,1500,"sd","10:12:13",233800
4500,0,300,"sd","10:11:10",232300
4500,0,500,"sd","10:10:24",232000
4600,100,1000,"bu","10:10:05",231500
4600,100,1000,"bu","10:10:00",230500
4600,100,1000,"bu","10:09:55",229500
4600,100,1000,"bu","10:09:50",228500
4600,100,1000,"bu","10:09:45",227500
4600,100,100,"bu","10:05:56",226500
4500,0,1800,"sd","10:03:43",226400
4500,0,200,"sd","10:02:17",224600
4500,0,1300,"sd","10:01:48",224400
4500,0,100,"sd","10:01:30",223100
4600,100,100,"bu","09:55:32",223000
4600,100,200,"bu","09:52:05",222900
4600,100,200,"bu","09:51:23",222700
4600,100,500,"unknown","09:47:37",222500
4600,100,100,"bu","09:47:15",222000
4600,100,2000,"bu","09:47:13",221900
4600,100,100,"bu","09:47:04",219900
4600,100,3200,"bu","09:46:35",219800
4600,100,500,"bu","09:46:15",216600
4600,100,1000,"bu","09:45:57",216100
4600,100,5000,"bu","09:45:37",215100
4600,100,100,"bu","09:45:12",210100
4600,100,1000,"bu","09:44:35",210000
4600,100,2000,"bu","09:43:42",209000
4600,100,400,"bu","09:43:15",207000
4600,100,11200,"bu","09:42:30",206600
4600,100,1000,"bu","09:41:50",195400
4600,100,12000,"bu","09:41:22",194400
4600,100,10000,"bu","09:40:26",182400
4600,100,17200,"sd","09:36:11",172400
4600,100,4000,"sd","09:36:07",155200
4600,100,11000,"sd","09:36:05",151200
4600,100,3000,"sd","09:36:04",140200
4600,100,5000,"sd","09:35:58",137200
4600,100,800,"sd","09:35:55",132200
4600,100,100,"sd","09:35:47",131400
4600,100,500,"sd","09:35:28",131300
4600,100,100,"sd","09:35:17",130800
4600,100,2000,"sd","09:35:11",130700
4600,100,100,"sd","09:34:56",128700
4600,100,500,"sd","09:34:52",128600
4600,100,5000,"sd","09:34:49",128100
4600,100,1000,"sd","09:33:48",123100
4600,100,2000,"sd","09:33:47",122100
4600,100,200,"sd","09:33:41",120100
4600,100,100,"sd","09:33:20",119900
4600,100,2500,"sd","09:32:44",119800
4600,100,2000,"sd","09:32:26",117300
4600,100,2000,"sd","09:31:19",115300
4600,100,500,"sd","09:31:11",113300
4600,100,100,"sd","09:29:56",112800
4600,100,200,"sd","09:29:20",112700
4600,100,5000,"sd","09:29:19",112500
4600,100,200,"sd","09:29:07",107500
4600,100,5000,"sd","09:27:54",107300
4600,100,300,"sd","09:26:17",102300
4600,100,1000,"sd","09:26:16",102000
4600,100,200,"sd","09:25:45",101000
4600,100,3100,"sd","09:25:30",100800
4600,100,5000,"sd","09:25:03",97700
4700,200,800,"bu","09:24:52",92700
4700,200,2000,"bu","09:24:31",91900
4600,100,500,"sd","09:24:08",89900
4600,100,4200,"sd","09:23:14",89400
4700,200,1000,"bu","09:20:54",85200
4600,100,100,"sd","09:20:05",84200
4600,100,15800,"bu","09:18:53",84100
4600,100,300,"bu","09:18:50",68300
4600,100,100,"bu","09:17:54",68000
4600,100,200,"bu","09:17:39",67900
4600,100,6500,"sd","09:16:13",67700
4600,100,3000,"sd","09:16:09",61200
4600,100,3000,"sd","09:15:37",58200
4600,100,400,"sd","09:15:08",55200
4600,100,300,"sd","09:14:55",54800
4600,100,300,"sd","09:14:46",54500
4600,100,2300,"sd","09:14:17",54200
4600,100,10000,"sd","09:14:11",51900
4600,100,13000,"sd","09:13:49",41900
4600,100,10000,"bu","09:13:44",28900
4600,100,5000,"bu","09:13:28",18900
4600,100,10000,"bu","09:13:27",13900
4600,100,600,"bu","09:11:44",3900
4600,100,500,"bu","09:10:42",3300
4500,0,200,"sd","09:03:40",2800
4600,100,2000,"bu","09:01:57",2600
4500,0,100,"sd","09:01:21",600
4500,0,200,"sd","09:00:49",500
4600,100,100,"bu","09:00:38",300
4500,0,200,"sd","09:00:02",200
