"price","change","match_qtty","side","time","total_vol"
26400,-400,1200,"sd","14:55:46",8648100
26400,-400,5000,"sd","14:48:21",8646900
26400,-400,375400,"sd","14:45:02",8641900
26300,-500,10000,"sd","14:29:57",8266500
26400,-400,20000,"bu","14:29:56",8256500
26400,-400,1100,"bu","14:29:55",8236500
26400,-400,300,"bu","14:29:53",8235400
26400,-400,3000,"bu","14:29:51",8235100
26300,-500,400,"sd","14:29:50",8232100
26400,-400,500,"bu","14:29:48",8231700
26400,-400,700,"bu","14:29:44",8231200
26400,-400,200,"bu","14:29:43",8230500
26400,-400,11800,"bu","14:29:42",8230300
26400,-400,200,"bu","14:29:38",8218500
26400,-400,1000,"bu","14:29:37",8218300
26400,-400,2000,"bu","14:29:36",8217300
26300,-500,1500,"sd","14:29:35",8215300
26400,-400,600,"bu","14:29:33",8213800
26400,-400,200,"bu","14:29:32",8213200
26400,-400,100,"bu","14:29:30",8213000
26400,-400,1200,"bu","14:29:29",8212900
26400,-400,1500,"bu","14:29:28",8211700
26400,-400,2900,"bu","14:29:27",8210200
26400,-400,500,"bu","14:29:26",8207300
26400,-400,10000,"bu","14:29:25",8206800
26400,-400,5000,"bu","14:29:24",8196800
26400,-400,24000,"sd","14:29:23",8191800
26400,-400,9800,"sd","14:29:22",8167800
26400,-400,7300,"sd","14:29:21",8158000
26400,-400,50000,"sd","14:29:20",8150700
26400,-400,25000,"sd","14:29:19",8100700
26400,-400,18000,"sd","14:29:17",8075700
26500,-300,700,"bu","14:29:16",8057700
26400,-400,25000,"sd","14:29:13",8057000
26400,-400,3200,"sd","14:29:11",8032000
26400,-400,1900,"sd","14:29:09",8028800
26500,-300,9800,"bu","14:29:03",8026900
26400,-400,100,"sd","14:29:01",8017100
26400,-400,500,"sd","14:29:00",8017000
26400,-400,140000,"sd","14:28:59",8016500
26500,-300,1000,"bu","14:28:56",7876500
26400,-400,6000,"sd","14:28:55",7875500
26400,-400,15000,"sd","14:28:54",7869500
26400,-400,4000,"sd","14:28:49",7854500
26400,-400,5000,"sd","14:28:47",7850500
26400,-400,3000,"sd","14:28:45",7845500
26400,-400,5500,"sd","14:28:44",7842500
26400,-400,5100,"sd","14:28:43",7837000
26400,-400,100000,"sd","14:28:40",7831900
26500,-300,300,"bu","14:28:39",7731900
26500,-300,100,"bu","14:28:35",7731600
26400,-400,300,"sd","14:28:34",7731500
26500,-300,300,"bu","14:28:33",7731200
26500,-300,600,"bu","14:28:27",7730900
26500,-300,2000,"bu","14:28:24",7730300
26500,-300,1500,"bu","14:28:23",7728300
26500,-300,200,"bu","14:28:21",7726800
26500,-300,1000,"bu","14:28:18",7726600
26400,-400,200,"sd","14:28:17",7725600
26500,-300,1000,"bu","14:28:16",7725400
26500,-300,500,"bu","14:28:10",7724400
26500,-300,100,"bu","14:28:09",7723900
26400,-400,2000,"sd","14:28:07",7723800
26500,-300,1000,"bu","14:28:05",7721800
26400,-400,10000,"sd","14:28:04",7720800
26500,-300,500,"bu","14:28:02",7710800
26500,-300,600,"bu","14:28:00",7710300
26500,-300,4000,"bu","14:27:58",7709700
26500,-300,3000,"bu","14:27:57",7705700
26500,-300,100,"bu","14:27:49",7702700
26500,-300,1600,"bu","14:27:48",7702600
26500,-300,1200,"bu","14:27:37",7701000
26500,-300,35800,"sd","14:27:35",7699800
26500,-300,30000,"sd","14:27:28",7664000
26600,-200,2000,"bu","14:27:25",7634000
26500,-300,500,"sd","14:27:21",7632000
26600,-200,9000,"bu","14:27:06",7631500
26600,-200,100,"bu","14:27:04",7622500
26600,-200,500,"bu","14:26:46",7622400
26500,-300,3000,"sd","14:26:44",7621900
26600,-200,11000,"bu","14:26:43",7618900
26500,-300,300,"sd","14:26:30",7607900
26500,-300,1000,"sd","14:26:23",7607600
26500,-300,4000,"sd","14:26:17",7606600
26500,-300,3000,"sd","14:26:08",7602600
26500,-300,3000,"sd","14:25:58",7599600
26500,-300,2000,"sd","14:25:57",7596600
26500,-300,600,"sd","14:25:42",7594600
26500,-300,19100,"sd","14:25:25",7594000
26500,-300,9400,"bu","14:25:21",7574900
26500,-300,3000,"bu","14:25:17",7565500
26500,-300,400,"bu","14:25:13",7562500
26500,-300,90200,"sd","14:25:09",7562100
26600,-200,200,"bu","14:24:57",7471900
26500,-300,100,"sd","14:24:45",7471700
26600,-200,1000,"bu","14:24:24",7471600
26500,-300,200,"sd","14:24:19",7470600
26600,-200,200,"bu","14:24:12",7470400
26600,-200,6300,"sd","14:24:07",7470200
26600,-200,1000,"sd","14:23:58",7463900
26600,-200,800,"sd","14:23:56",7462900
26600,-200,4700,"bu","14:23:37",7462100
26600,-200,400,"bu","14:23:36",7457400
26600,-200,200,"bu","14:23:33",7457000
26600,-200,1000,"bu","14:23:29",7456800
26600,-200,100,"bu","14:23:28",7455800
26600,-200,3000,"bu","14:23:25",7455700
26600,-200,500,"bu","14:23:21",7452700
26600,-200,700,"bu","14:23:16",7452200
26600,-200,2600,"bu","14:23:14",7451500
26600,-200,100,"bu","14:23:13",7448900
26600,-200,200,"bu","14:23:11",7448800
26500,-300,900,"sd","14:23:09",7448600
26600,-200,200,"bu","14:23:08",7447700
26600,-200,200,"bu","14:23:07",7447500
26600,-200,5700,"bu","14:23:04",7447300
26600,-200,10000,"bu","14:23:00",7441600
26600,-200,100,"bu","14:22:53",7431600
26600,-200,2000,"bu","14:22:43",7431500
26600,-200,600,"bu","14:22:39",7429500
26600,-200,500,"bu","14:22:31",7428900
26600,-200,500,"bu","14:22:30",7428400
26600,-200,6400,"bu","14:22:26",7427900
26500,-300,1000,"sd","14:22:25",7421500
26500,-300,1600,"sd","14:22:21",7420500
26600,-200,800,"bu","14:22:19",7418900
26500,-300,100,"bu","14:22:06",7418100
26400,-400,100,"sd","14:22:05",7418000
26500,-300,1100,"bu","14:22:04",7417900
26500,-300,600,"bu","14:22:03",7416800
26500,-300,1100,"bu","14:22:01",7416200
26500,-300,200,"bu","14:21:58",7415100
26500,-300,1500,"bu","14:21:57",7414900
26500,-300,35900,"sd","14:21:55",7413400
26500,-300,1000,"bu","14:21:48",7377500
26500,-300,1900,"bu","14:21:46",7376500
26500,-300,200,"bu","14:21:45",7374600
26500,-300,3000,"bu","14:21:43",7374400
26500,-300,1000,"bu","14:21:42",7371400
26500,-300,2100,"bu","14:21:41",7370400
26500,-300,2000,"bu","14:21:40",7368300
26500,-300,500,"bu","14:21:38",7366300
26500,-300,10000,"bu","14:21:32",7365800
26500,-300,200,"bu","14:21:31",7355800
26400,-400,2000,"sd","14:21:29",7355600
26500,-300,1000,"bu","14:21:25",7353600
26500,-300,1500,"bu","14:21:23",7352600
26500,-300,94100,"sd","14:21:15",7351100
26600,-200,20000,"bu","14:21:13",7257000
26600,-200,100,"bu","14:21:11",7237000
26500,-300,4000,"sd","14:21:10",7236900
26500,-300,13500,"sd","14:21:07",7232900
26600,-200,1000,"bu","14:21:04",7219400
26500,-300,100,"sd","14:21:02",7218400
26500,-300,100,"sd","14:20:56",7218300
26600,-200,1000,"bu","14:20:55",7218200
26600,-200,2000,"bu","14:20:53",7217200
26500,-300,1400,"sd","14:20:43",7215200
26500,-300,1000,"sd","14:20:42",7213800
26500,-300,200,"sd","14:20:39",7212800
26600,-200,200,"bu","14:20:36",7212600
26500,-300,20000,"sd","14:20:19",7212400
26500,-300,123300,"sd","14:20:12",7192400
26500,-300,500,"sd","14:20:11",7069100
26500,-300,500,"sd","14:20:09",7068600
26600,-200,1300,"bu","14:20:02",7068100
26600,-200,2000,"bu","14:19:57",7066800
26600,-200,200,"bu","14:19:49",7064800
26500,-300,1500,"sd","14:19:45",7064600
26500,-300,1300,"sd","14:19:36",7063100
26600,-200,4000,"bu","14:19:35",7061800
26600,-200,1000,"bu","14:19:31",7057800
26600,-200,200,"bu","14:19:30",7056800
26500,-300,3600,"sd","14:19:26",7056600
26600,-200,100,"bu","14:19:23",7053000
26600,-200,100,"bu","14:19:21",7052900
26600,-200,1000,"sd","14:19:15",7052800
26600,-200,3000,"bu","14:19:01",7051800
26600,-200,10000,"bu","14:18:54",7048800
26600,-200,10100,"bu","14:18:49",7038800
26600,-200,100,"bu","14:18:27",7028700
26600,-200,3400,"bu","14:18:22",7028600
26500,-300,100,"sd","14:18:21",7025200
26600,-200,2000,"bu","14:18:17",7025100
26600,-200,400,"bu","14:18:11",7023100
26500,-300,700,"sd","14:18:09",7022700
26600,-200,10000,"bu","14:18:07",7022000
26500,-300,2300,"sd","14:18:04",7012000
26500,-300,1000,"sd","14:18:03",7009700
26500,-300,1000,"sd","14:18:00",7008700
26500,-300,100,"sd","14:17:54",7007700
26500,-300,1700,"sd","14:17:53",7007600
26500,-300,600,"sd","14:17:48",7005900
26500,-300,2600,"sd","14:17:44",7005300
26500,-300,1000,"sd","14:17:41",7002700
26500,-300,700,"sd","14:17:37",7001700
26600,-200,500,"bu","14:17:32",7001000
26600,-200,500,"bu","14:17:31",7000500
26500,-300,200,"sd","14:17:25",7000000
26600,-200,50000,"bu","14:17:23",6999800
26500,-300,4000,"sd","14:17:22",6949800
26500,-300,6700,"sd","14:17:21",6945800
26500,-300,100,"sd","14:17:16",6939100
26500,-300,2000,"sd","14:17:07",6939000
26500,-300,500,"sd","14:16:56",6937000
26600,-200,200,"bu","14:16:46",6936500
26500,-300,3800,"sd","14:16:41",6936300
26500,-300,2200,"sd","14:16:37",6932500
26600,-200,200,"bu","14:16:36",6930300
26600,-200,100,"bu","14:16:24",6930100
26600,-200,1000,"bu","14:16:19",6930000
26600,-200,2300,"bu","14:16:16",6929000
26600,-200,25000,"sd","14:16:13",6926700
26600,-200,1000,"sd","14:16:10",6901700
26600,-200,12400,"sd","14:16:06",6900700
26600,-200,5000,"sd","14:16:03",6888300
26600,-200,800,"sd","14:15:58",6883300
26600,-200,4500,"sd","14:15:56",6882500
26600,-200,1000,"sd","14:15:54",6878000
26600,-200,5000,"sd","14:15:53",6877000
26600,-200,2500,"sd","14:15:50",6872000
26600,-200,1000,"sd","14:15:47",6869500
26600,-200,600,"sd","14:15:46",6868500
26600,-200,500,"sd","14:15:42",6867900
26600,-200,20000,"sd","14:15:38",6867400
26600,-200,11700,"sd","14:15:37",6847400
26600,-200,10000,"sd","14:15:33",6835700
26600,-200,5000,"sd","14:15:32",6825700
26600,-200,5000,"sd","14:15:29",6820700
26600,-200,10000,"sd","14:15:26",6815700
26600,-200,500,"sd","14:15:18",6805700
26600,-200,2700,"sd","14:15:16",6805200
26600,-200,10000,"sd","14:15:15",6802500
26600,-200,5100,"sd","14:15:09",6792500
26600,-200,500,"sd","14:15:04",6787400
26700,-100,1000,"bu","14:14:57",6786900
26600,-200,100,"sd","14:14:54",6785900
26600,-200,10000,"sd","14:14:52",6785800
26600,-200,10000,"sd","14:14:50",6775800
26700,-100,1000,"bu","14:14:49",6765800
26600,-200,20000,"sd","14:14:44",6764800
26600,-200,1000,"sd","14:14:39",6744800
26700,-100,100,"bu","14:14:32",6743800
26700,-100,1000,"bu","14:14:26",6743700
26600,-200,2000,"sd","14:14:12",6742700
26600,-200,2000,"sd","14:14:09",6740700
26600,-200,5000,"sd","14:14:00",6738700
26700,-100,1200,"bu","14:13:53",6733700
26700,-100,500,"bu","14:13:47",6732500
26700,-100,900,"bu","14:13:31",6732000
26700,-100,500,"bu","14:13:22",6731100
26700,-100,3000,"bu","14:13:07",6730600
26700,-100,5000,"bu","14:13:02",6727600
26700,-100,100,"bu","14:13:01",6722600
26700,-100,8000,"bu","14:12:37",6722500
26700,-100,200,"bu","14:12:33",6714500
26700,-100,3000,"bu","14:12:10",6714300
26700,-100,3000,"bu","14:12:05",6711300
26700,-100,100,"bu","14:11:52",6708300
26700,-100,200,"bu","14:11:43",6708200
26700,-100,3800,"bu","14:11:38",6708000
26600,-200,3000,"sd","14:11:32",6704200
26700,-100,100,"bu","14:11:29",6701200
26700,-100,2000,"bu","14:11:21",6701100
26700,-100,1000,"bu","14:11:19",6699100
26700,-100,500,"bu","14:11:12",6698100
26700,-100,1000,"bu","14:11:09",6697600
26700,-100,100,"bu","14:11:02",6696600
26700,-100,15300,"sd","14:10:50",6696500
26700,-100,1000,"sd","14:10:49",6681200
26700,-100,10000,"sd","14:10:48",6680200
26700,-100,300,"sd","14:10:47",6670200
26700,-100,50000,"sd","14:10:41",6669900
26700,-100,6000,"sd","14:10:40",6619900
26800,0,100,"bu","14:10:37",6613900
26700,-100,700,"sd","14:10:35",6613800
26700,-100,1000,"sd","14:10:21",6613100
26700,-100,6700,"sd","14:10:10",6612100
26700,-100,17600,"sd","14:09:52",6605400
26800,0,1000,"bu","14:09:47",6587800
26800,0,500,"bu","14:09:41",6586800
26800,0,1000,"bu","14:09:31",6586300
26800,0,800,"bu","14:09:10",6585300
26800,0,4000,"bu","14:09:06",6584500
26800,0,200,"bu","14:08:44",6580500
26700,-100,1000,"sd","14:08:15",6580300
26800,0,4000,"bu","14:07:25",6579300
26700,-100,3000,"sd","14:07:11",6575300
26700,-100,500,"sd","14:07:06",6572300
26700,-100,3800,"sd","14:07:03",6571800
26700,-100,3000,"sd","14:06:01",6568000
26700,-100,100,"sd","14:05:58",6565000
26700,-100,2000,"sd","14:05:44",6564900
26700,-100,1000,"sd","14:05:27",6562900
26700,-100,8000,"sd","14:05:25",6561900
26800,0,500,"bu","14:05:19",6553900
26700,-100,100,"sd","14:04:54",6553400
26700,-100,3000,"sd","14:04:47",6553300
26700,-100,2000,"sd","14:04:29",6550300
26700,-100,200,"sd","14:04:14",6548300
26700,-100,400,"sd","14:04:12",6548100
26700,-100,5000,"sd","14:04:10",6547700
26700,-100,200,"sd","14:04:05",6542700
26700,-100,2000,"sd","14:03:57",6542500
26700,-100,3900,"sd","14:03:56",6540500
26700,-100,300,"sd","14:03:54",6536600
26700,-100,1200,"sd","14:03:46",6536300
26700,-100,2500,"sd","14:03:29",6535100
26700,-100,2000,"sd","14:03:11",6532600
26700,-100,800,"sd","14:03:04",6530600
26700,-100,1000,"sd","14:03:03",6529800
26700,-100,700,"sd","14:03:01",6528800
26700,-100,3400,"unknown","14:02:59",6528100
26700,-100,4500,"sd","14:02:58",6524700
26700,-100,2600,"sd","14:02:47",6520200
26700,-100,3000,"bu","14:02:43",6517600
26700,-100,100,"bu","14:02:41",6514600
26600,-200,5800,"sd","14:02:09",6514500
26700,-100,2000,"sd","14:02:07",6508700
26700,-100,1000,"sd","14:02:03",6506700
26700,-100,20000,"sd","14:02:01",6505700
26700,-100,2000,"sd","14:01:55",6485700
26700,-100,1000,"sd","14:01:40",6483700
26700,-100,500,"sd","14:01:18",6482700
26700,-100,6000,"sd","14:01:17",6482200
26700,-100,200,"bu","14:01:16",6476200
26700,-100,500,"bu","14:01:14",6476000
26700,-100,200,"bu","14:01:10",6475500
26700,-100,100,"bu","14:01:08",6475300
26700,-100,20000,"bu","14:01:00",6475200
26700,-100,500,"bu","14:00:53",6455200
26700,-100,100,"bu","14:00:47",6454700
26700,-100,1000,"bu","14:00:43",6454600
26700,-100,49400,"bu","14:00:35",6453600
26800,0,2400,"bu","14:00:33",6404200
26700,-100,35000,"sd","14:00:23",6401800
26800,0,200,"bu","14:00:21",6366800
26800,0,500,"bu","14:00:15",6366600
26700,-100,1300,"sd","14:00:12",6366100
26800,0,1000,"bu","14:00:11",6364800
26700,-100,500,"sd","14:00:09",6363800
26800,0,500,"bu","14:00:04",6363300
26700,-100,500,"sd","14:00:02",6362800
26800,0,17100,"sd","14:00:01",6362300
26800,0,300,"sd","14:00:00",6345200
26800,0,300,"sd","13:59:56",6344900
26800,0,3300,"sd","13:59:44",6344600
26800,0,9600,"bu","13:59:42",6341300
26800,0,500,"bu","13:59:32",6331700
26700,-100,100,"sd","13:59:20",6331200
26700,-100,100,"sd","13:58:59",6331100
26700,-100,100,"sd","13:58:48",6331000
26700,-100,600,"sd","13:58:31",6330900
26700,-100,1000,"sd","13:58:19",6330300
26800,0,300,"bu","13:58:07",6329300
26700,-100,56700,"sd","13:57:44",6329000
26800,0,2300,"bu","13:57:21",6272300
26800,0,2400,"sd","13:57:17",6270000
26800,0,1500,"sd","13:57:14",6267600
26800,0,2400,"sd","13:57:13",6266100
26800,0,2100,"sd","13:57:08",6263700
26800,0,1100,"sd","13:57:03",6261600
26800,0,1400,"sd","13:56:57",6260500
26800,0,500,"sd","13:56:44",6259100
26800,0,1500,"sd","13:56:41",6258600
26800,0,1500,"sd","13:56:31",6257100
26800,0,2700,"sd","13:56:27",6255600
26800,0,500,"sd","13:55:57",6252900
26800,0,1300,"sd","13:55:49",6252400
26800,0,6200,"sd","13:55:40",6251100
26800,0,2000,"sd","13:55:36",6244900
26800,0,1100,"sd","13:55:03",6242900
26800,0,700,"sd","13:54:28",6241800
26800,0,300,"sd","13:54:12",6241100
26800,0,200,"sd","13:54:07",6240800
26800,0,18800,"sd","13:53:59",6240600
26800,0,300,"sd","13:53:47",6221800
26800,0,100,"sd","13:53:41",6221500
26800,0,500,"sd","13:53:32",6221400
26800,0,500,"sd","13:53:27",6220900
26800,0,1000,"sd","13:52:45",6220400
26800,0,100,"sd","13:52:18",6219400
26800,0,300,"sd","13:52:15",6219300
26800,0,100,"sd","13:52:11",6219000
26800,0,100,"sd","13:51:36",6218900
26800,0,6000,"unknown","13:51:24",6218800
26800,0,3400,"sd","13:51:19",6212800
26800,0,100,"sd","13:51:18",6209400
26800,0,500,"bu","13:51:17",6209300
26800,0,20000,"bu","13:51:11",6208800
26800,0,200,"bu","13:51:05",6188800
26800,0,2000,"bu","13:50:57",6188600
26800,0,100,"bu","13:50:52",6186600
26800,0,100,"bu","13:50:46",6186500
26800,0,500,"bu","13:50:35",6186400
26800,0,500,"bu","13:50:31",6185900
26800,0,600,"bu","13:50:29",6185400
26800,0,100,"bu","13:50:27",6184800
26800,0,500,"bu","13:50:24",6184700
26800,0,2500,"bu","13:50:21",6184200
26800,0,200,"bu","13:50:15",6181700
26800,0,100,"bu","13:50:07",6181500
26800,0,107200,"bu","13:50:00",6181400
26900,100,6000,"sd","13:49:56",6074200
27000,200,1800,"bu","13:49:52",6068200
26900,100,500,"sd","13:49:44",6066400
26900,100,4000,"sd","13:49:40",6065900
26900,100,100,"sd","13:49:27",6061900
27000,200,500,"bu","13:49:25",6061800
26900,100,500,"sd","13:49:23",6061300
26900,100,3900,"sd","13:49:19",6060800
27000,200,1000,"bu","13:49:13",6056900
26900,100,1000,"sd","13:49:08",6055900
26900,100,400,"sd","13:48:58",6054900
27000,200,100,"bu","13:48:24",6054500
27000,200,100,"bu","13:48:22",6054400
26900,100,500,"sd","13:48:20",6054300
27000,200,52500,"bu","13:48:19",6053800
27000,200,2000,"sd","13:48:17",6001300
27000,200,3100,"sd","13:48:12",5999300
27000,200,14000,"sd","13:48:04",5996200
27000,200,400,"sd","13:47:54",5982200
27100,300,5000,"bu","13:47:53",5981800
27000,200,600,"sd","13:47:50",5976800
27000,200,300,"sd","13:47:47",5976200
27000,200,2000,"sd","13:47:31",5975900
27000,200,5000,"sd","13:47:22",5973900
27000,200,3000,"sd","13:47:16",5968900
27000,200,1000,"sd","13:47:11",5965900
27000,200,2000,"sd","13:47:10",5964900
27000,200,300,"sd","13:47:09",5962900
27000,200,5000,"sd","13:47:06",5962600
27000,200,1500,"sd","13:47:01",5957600
27000,200,2000,"sd","13:47:00",5956100
27000,200,1000,"sd","13:46:56",5954100
27000,200,500,"sd","13:46:54",5953100
27000,200,3000,"sd","13:46:49",5952600
27000,200,5000,"sd","13:46:44",5949600
27000,200,400,"sd","13:46:35",5944600
27000,200,3000,"sd","13:46:32",5944200
27000,200,2100,"sd","13:46:00",5941200
27000,200,10000,"sd","13:45:25",5939100
27000,200,2000,"sd","13:45:20",5929100
27100,300,100,"bu","13:44:55",5927100
27000,200,6000,"sd","13:44:53",5927000
27000,200,2000,"sd","13:44:43",5921000
27100,300,5000,"bu","13:44:37",5919000
27100,300,1000,"bu","13:44:35",5914000
27100,300,3000,"bu","13:44:30",5913000
27100,300,100,"bu","13:44:27",5910000
27100,300,10000,"bu","13:44:21",5909900
27100,300,11000,"bu","13:44:15",5899900
27100,300,100,"bu","13:44:07",5888900
27100,300,100,"bu","13:43:59",5888800
27100,300,600,"bu","13:43:52",5888700
27100,300,1000,"bu","13:43:47",5888100
27100,300,10000,"bu","13:43:27",5887100
27000,200,5000,"sd","13:43:20",5877100
27100,300,200,"bu","13:43:13",5872100
27100,300,40300,"bu","13:43:09",5871900
27100,300,1000,"bu","13:42:58",5831600
27000,200,6000,"sd","13:42:56",5830600
27100,300,4500,"bu","13:42:48",5824600
27000,200,1000,"sd","13:42:45",5820100
27000,200,2000,"sd","13:42:42",5819100
27000,200,900,"sd","13:42:40",5817100
27100,300,2000,"bu","13:42:32",5816200
27000,200,300,"sd","13:42:30",5814200
27100,300,5000,"bu","13:42:04",5813900
27100,300,2000,"bu","13:41:28",5808900
27000,200,900,"sd","13:41:08",5806900
27000,200,100,"sd","13:40:56",5806000
27100,300,400,"bu","13:40:42",5805900
27100,300,200,"bu","13:40:29",5805500
27000,200,1000,"sd","13:40:15",5805300
27000,200,2000,"sd","13:39:50",5804300
27100,300,3000,"bu","13:39:40",5802300
27000,200,1000,"sd","13:39:13",5799300
27100,300,700,"bu","13:39:07",5798300
27100,300,600,"bu","13:38:41",5797600
27000,200,2000,"sd","13:38:16",5797000
27000,200,400,"sd","13:37:46",5795000
27100,300,6400,"bu","13:37:32",5794600
27100,300,100,"bu","13:37:17",5788200
27100,300,1000,"bu","13:37:15",5788100
27000,200,1000,"sd","13:37:08",5787100
27100,300,500,"bu","13:37:07",5786100
27000,200,1900,"sd","13:36:55",5785600
27000,200,500,"sd","13:36:43",5783700
27000,200,9700,"bu","13:36:26",5783200
27000,200,1500,"bu","13:36:25",5773500
27000,200,5100,"bu","13:36:24",5772000
27000,200,3000,"bu","13:36:21",5766900
27000,200,5000,"bu","13:36:16",5763900
27000,200,1700,"bu","13:36:14",5758900
27000,200,10000,"bu","13:36:13",5757200
27000,200,10000,"bu","13:36:11",5747200
27000,200,1000,"bu","13:36:06",5737200
27000,200,10000,"bu","13:36:04",5736200
27000,200,5000,"bu","13:35:53",5726200
27000,200,3000,"bu","13:35:36",5721200
27000,200,1000,"bu","13:35:11",5718200
26900,100,200,"sd","13:35:04",5717200
27000,200,11400,"bu","13:34:58",5717000
26900,100,9500,"sd","13:34:55",5705600
27000,200,1800,"bu","13:34:44",5696100
27000,200,300,"bu","13:34:30",5694300
27000,200,500,"bu","13:34:14",5694000
26900,100,500,"sd","13:34:13",5693500
27000,200,3000,"bu","13:33:58",5693000
26900,100,100,"sd","13:33:29",5690000
26900,100,1000,"sd","13:33:21",5689900
26900,100,500,"sd","13:33:08",5688900
26900,100,200,"sd","13:33:02",5688400
26900,100,22000,"sd","13:32:55",5688200
26900,100,300,"bu","13:32:31",5666200
26900,100,10000,"bu","13:32:04",5665900
26900,100,700,"bu","13:32:02",5655900
26900,100,3000,"bu","13:31:50",5655200
26900,100,700,"bu","13:31:44",5652200
26800,0,500,"sd","13:31:43",5651500
26900,100,500,"bu","13:31:18",5651000
26900,100,2000,"bu","13:31:08",5650500
26900,100,1000,"bu","13:31:01",5648500
26900,100,1200,"bu","13:30:51",5647500
26900,100,200,"bu","13:30:42",5646300
26900,100,10000,"bu","13:30:34",5646100
26800,0,2000,"sd","13:30:27",5636100
26800,0,100,"sd","13:30:23",5634100
26800,0,4300,"sd","13:30:06",5634000
26900,100,10000,"bu","13:30:02",5629700
26900,100,1500,"bu","13:29:40",5619700
26800,0,100,"sd","13:29:15",5618200
26800,0,24400,"sd","13:29:03",5618100
26900,100,200,"bu","13:28:47",5593700
26900,100,700,"bu","13:28:31",5593500
26800,0,100,"sd","13:28:27",5592800
26900,100,4400,"bu","13:28:15",5592700
26900,100,7000,"bu","13:27:59",5588300
26800,0,100,"sd","13:27:00",5581300
26800,0,500,"sd","13:26:50",5581200
26800,0,2000,"sd","13:26:44",5580700
26900,100,10200,"sd","13:26:33",5578700
26900,100,500,"sd","13:26:24",5568500
26900,100,8000,"sd","13:26:22",5568000
26900,100,10000,"sd","13:26:21",5560000
27000,200,500,"bu","13:26:20",5550000
26900,100,100000,"sd","13:26:18",5549500
26900,100,10000,"sd","13:25:48",5449500
27000,200,200,"bu","13:25:37",5439500
27000,200,1100,"bu","13:25:23",5439300
26900,100,200,"sd","13:25:22",5438200
27000,200,400,"bu","13:24:50",5438000
26900,100,200,"sd","13:24:48",5437600
27000,200,200,"bu","13:24:47",5437400
26900,100,200,"sd","13:24:41",5437200
27000,200,200,"bu","13:24:34",5437000
27000,200,100,"bu","13:24:30",5436800
26900,100,100,"sd","13:24:28",5436700
26900,100,1000,"sd","13:23:46",5436600
26900,100,100,"sd","13:23:40",5435600
26900,100,100,"sd","13:23:33",5435500
26900,100,200,"sd","13:23:32",5435400
26900,100,1000,"sd","13:23:19",5435200
27000,200,200,"bu","13:23:17",5434200
26900,100,1000,"sd","13:23:11",5434000
26900,100,500,"sd","13:23:10",5433000
26900,100,500,"sd","13:23:03",5432500
26900,100,100,"sd","13:21:57",5432000
26900,100,200,"sd","13:21:30",5431900
27000,200,1400,"bu","13:21:06",5431700
27000,200,300,"bu","13:19:45",5430300
27000,200,900,"bu","13:19:01",5430000
26900,100,500,"sd","13:18:48",5429100
27000,200,300,"bu","13:18:40",5428600
27000,200,1800,"bu","13:18:38",5428300
27000,200,200,"bu","13:18:30",5426500
27000,200,900,"bu","13:18:25",5426300
27000,200,200,"bu","13:18:04",5425400
27000,200,5000,"bu","13:17:55",5425200
27000,200,100,"bu","13:17:43",5420200
27000,200,200,"bu","13:17:42",5420100
27000,200,500,"bu","13:17:37",5419900
27000,200,5600,"bu","13:17:20",5419400
27000,200,3500,"bu","13:17:15",5413800
27000,200,200,"bu","13:17:06",5410300
27000,200,2000,"bu","13:16:56",5410100
27000,200,500,"bu","13:16:34",5408100
27000,200,4000,"bu","13:16:29",5407600
27000,200,3000,"bu","13:15:45",5403600
27000,200,500,"bu","13:15:41",5400600
27000,200,3200,"bu","13:15:37",5400100
27000,200,1000,"bu","13:15:36",5396900
27000,200,5900,"bu","13:15:31",5395900
27000,200,500,"bu","13:15:25",5390000
27000,200,300,"bu","13:15:14",5389500
27000,200,1600,"bu","13:15:03",5389200
27000,200,5000,"bu","13:14:49",5387600
27000,200,11000,"bu","13:14:45",5382600
26900,100,1000,"sd","13:14:44",5371600
26900,100,100,"sd","13:14:42",5370600
26900,100,500,"sd","13:14:37",5370500
26900,100,64200,"bu","13:14:25",5370000
27000,200,300,"bu","13:14:22",5305800
26900,100,3200,"sd","13:14:17",5305500
26900,100,100,"sd","13:14:02",5302300
27000,200,1000,"bu","13:13:45",5302200
26900,100,100,"sd","13:13:39",5301200
27000,200,2000,"bu","13:13:21",5301100
26900,100,500,"sd","13:13:19",5299100
26900,100,100,"sd","13:13:02",5298600
26900,100,2000,"sd","13:12:34",5298500
26900,100,4000,"sd","13:12:25",5296500
26900,100,300,"sd","13:12:20",5292500
26900,100,100,"sd","13:12:15",5292200
26900,100,200,"sd","13:12:13",5292100
26900,100,15000,"sd","13:12:07",5291900
26900,100,100,"sd","13:12:04",5276900
26900,100,3900,"sd","13:12:01",5276800
26900,100,700,"sd","13:11:58",5272900
26900,100,100,"sd","13:11:56",5272200
26900,100,1000,"sd","13:11:55",5272100
26900,100,500,"sd","13:11:54",5271100
26900,100,400,"sd","13:11:43",5270600
26900,100,1000,"sd","13:11:39",5270200
26900,100,1000,"sd","13:11:29",5269200
26900,100,200,"sd","13:11:28",5268200
26900,100,200,"sd","13:11:09",5268000
26900,100,20000,"sd","13:11:08",5267800
27000,200,200,"bu","13:10:55",5247800
27000,200,5600,"bu","13:10:54",5247600
26900,100,100,"sd","13:10:50",5242000
27000,200,100,"bu","13:10:46",5241900
27000,200,500,"bu","13:10:40",5241800
27000,200,5400,"sd","13:10:15",5241300
27000,200,20000,"sd","13:10:12",5235900
27000,200,1000,"sd","13:10:07",5215900
27000,200,2500,"sd","13:10:05",5214900
27000,200,200,"sd","13:09:45",5212400
27000,200,22300,"sd","13:09:44",5212200
27000,200,100,"bu","13:09:43",5189900
27000,200,10000,"bu","13:09:25",5189800
27000,200,12000,"bu","13:09:21",5179800
27000,200,200,"bu","13:09:19",5167800
27000,200,30000,"bu","13:09:05",5167600
27000,200,5000,"bu","13:08:58",5137600
27000,200,3700,"bu","13:08:46",5132600
26900,100,500,"sd","13:08:37",5128900
26900,100,500,"sd","13:08:27",5128400
26900,100,200,"sd","13:08:18",5127900
27000,200,2500,"bu","13:08:16",5127700
27000,200,300,"bu","13:08:00",5125200
27000,200,5000,"bu","13:07:44",5124900
26900,100,500,"bu","13:07:40",5119900
27000,200,29500,"bu","13:07:31",5119400
26900,100,1000,"bu","13:07:17",5089900
26900,100,5700,"bu","13:07:01",5088900
26900,100,2000,"sd","13:06:59",5083200
26900,100,700,"sd","13:06:58",5081200
26900,100,20700,"sd","13:06:45",5080500
26800,0,400,"bu","13:06:42",5059800
26800,0,100,"sd","13:06:37",5059400
26700,-100,60000,"sd","13:06:15",5059300
26900,100,10000,"bu","13:06:11",4999300
26900,100,1000,"bu","13:06:10",4989300
26900,100,300,"bu","13:06:03",4988300
26900,100,10000,"bu","13:05:56",4988000
26900,100,5000,"bu","13:05:54",4978000
26900,100,5000,"bu","13:05:45",4973000
26900,100,400,"bu","13:05:39",4968000
26900,100,1500,"bu","13:05:28",4967600
26900,100,300,"bu","13:05:26",4966100
26900,100,500,"bu","13:05:16",4965800
26800,0,200,"sd","13:05:09",4965300
26800,0,100,"sd","13:04:57",4965100
26800,0,9000,"bu","13:04:40",4965000
26800,0,700,"bu","13:04:38",4956000
26800,0,3000,"bu","13:04:26",4955300
26800,0,3000,"bu","13:04:15",4952300
26800,0,400,"bu","13:04:08",4949300
26700,-100,100,"sd","13:03:29",4948900
26700,-100,500,"sd","13:02:47",4948800
26700,-100,1000,"bu","13:02:43",4948300
26700,-100,400,"bu","13:02:30",4947300
26700,-100,1000,"bu","13:02:27",4946900
26700,-100,7700,"bu","13:02:22",4945900
26700,-100,400,"sd","13:02:19",4938200
26700,-100,400,"bu","13:02:10",4937800
26700,-100,600,"bu","13:02:05",4937400
26600,-200,100000,"sd","13:02:04",4936800
26700,-100,22100,"bu","13:01:55",4836800
26800,0,400,"bu","13:01:54",4814700
26800,0,500,"bu","13:01:46",4814300
26800,0,3500,"bu","13:01:39",4813800
26700,-100,100,"sd","13:01:36",4810300
26700,-100,100,"sd","13:01:32",4810200
26800,0,3000,"bu","13:01:09",4810100
26800,0,3000,"bu","13:00:12",4807100
26700,-100,5000,"sd","13:00:07",4804100
26700,-100,2700,"sd","13:00:06",4799100
26700,-100,4000,"sd","13:00:05",4796400
26600,-200,21800,"sd","13:00:04",4792400
26700,-100,17300,"sd","11:30:00",4770600
26800,0,200,"bu","11:29:43",4753300
26800,0,1000,"bu","11:29:38",4753100
26700,-100,2000,"sd","11:29:21",4752100
26700,-100,5000,"sd","11:29:08",4750100
26700,-100,600,"sd","11:29:03",4745100
26700,-100,200,"sd","11:29:02",4744500
26800,0,1300,"bu","11:28:47",4744300
26800,0,1000,"bu","11:28:41",4743000
26800,0,600,"bu","11:28:34",4742000
26800,0,1000,"bu","11:28:22",4741400
26800,0,1000,"bu","11:28:17",4740400
26800,0,1000,"bu","11:28:12",4739400
26800,0,6600,"sd","11:28:02",4738400
26800,0,3000,"bu","11:27:52",4731800
26700,-100,20000,"sd","11:27:50",4728800
26700,-100,1000,"sd","11:27:40",4708800
26700,-100,100,"sd","11:27:39",4707800
26700,-100,1000,"sd","11:27:13",4707700
26700,-100,100,"sd","11:26:48",4706700
26700,-100,200,"sd","11:26:16",4706600
26700,-100,1000,"sd","11:26:13",4706400
26700,-100,25000,"sd","11:25:43",4705400
26800,0,29900,"bu","11:25:15",4680400
26800,0,1700,"sd","11:24:10",4650500
26800,0,2900,"sd","11:24:08",4648800
26800,0,50000,"sd","11:24:00",4645900
26800,0,9000,"sd","11:23:51",4595900
26800,0,2000,"sd","11:23:49",4586900
26800,0,50000,"sd","11:23:30",4584900
26900,100,100,"bu","11:22:58",4534900
26800,0,500,"sd","11:22:40",4534800
26800,0,300,"sd","11:22:38",4534300
26800,0,200,"sd","11:22:17",4534000
26900,100,200,"bu","11:21:57",4533800
26900,100,100,"bu","11:21:55",4533600
26900,100,3500,"bu","11:21:54",4533500
26900,100,100,"bu","11:21:47",4530000
26900,100,200,"bu","11:21:42",4529900
26900,100,1000,"bu","11:21:36",4529700
26900,100,100,"bu","11:21:07",4528700
26900,100,500,"bu","11:21:01",4528600
26900,100,7000,"sd","11:20:49",4528100
26900,100,10000,"sd","11:20:44",4521100
26900,100,100,"sd","11:20:39",4511100
26900,100,28000,"sd","11:20:38",4511000
26900,100,500,"sd","11:20:29",4483000
26900,100,18900,"sd","11:20:22",4482500
26900,100,700,"sd","11:20:14",4463600
26900,100,1000,"sd","11:19:58",4462900
26900,100,10000,"sd","11:19:56",4461900
27000,200,100,"bu","11:19:14",4451900
26900,100,1000,"sd","11:18:50",4451800
26900,100,600,"sd","11:18:48",4450800
27000,200,1000,"bu","11:17:29",4450200
26900,100,8000,"sd","11:16:12",4449200
27000,200,1000,"bu","11:16:07",4441200
27000,200,1900,"bu","11:15:39",4440200
26900,100,200,"sd","11:15:04",4438300
27000,200,300,"bu","11:14:33",4438100
27000,200,1000,"bu","11:14:22",4437800
26900,100,2000,"sd","11:13:17",4436800
27000,200,2000,"bu","11:12:26",4434800
27000,200,200,"bu","11:11:55",4432800
27000,200,1000,"bu","11:11:39",4432600
27000,200,1000,"bu","11:11:38",4431600
26900,100,100,"sd","11:11:36",4430600
27000,200,2000,"bu","11:11:18",4430500
27000,200,3500,"bu","11:11:14",4428500
27000,200,700,"sd","11:11:08",4425000
27100,300,100,"bu","11:10:57",4424300
27000,200,800,"sd","11:10:40",4424200
27000,200,300,"sd","11:09:51",4423400
27000,200,10000,"bu","11:09:50",4423100
27000,200,100,"bu","11:09:48",4413100
27000,200,700,"bu","11:09:46",4413000
27000,200,1000,"bu","11:09:45",4412300
27000,200,10300,"bu","11:09:44",4411300
27000,200,10000,"bu","11:09:31",4401000
27000,200,10000,"bu","11:09:29",4391000
27000,200,1000,"bu","11:09:28",4381000
27000,200,100,"bu","11:09:25",4380000
27000,200,5000,"bu","11:09:24",4379900
27000,200,1000,"bu","11:09:23",4374900
27000,200,6400,"bu","11:09:21",4373900
27000,200,800,"bu","11:09:13",4367500
27000,200,500,"bu","11:09:12",4366700
27000,200,1000,"bu","11:09:11",4366200
27000,200,3600,"bu","11:09:03",4365200
27000,200,5000,"bu","11:09:02",4361600
27000,200,10500,"bu","11:08:15",4356600
26900,100,5500,"sd","11:08:06",4346100
26900,100,2000,"sd","11:07:58",4340600
27000,200,100,"bu","11:07:51",4338600
27000,200,3000,"bu","11:07:49",4338500
26900,100,2600,"bu","11:07:48",4335500
26900,100,1200,"bu","11:07:46",4332900
26900,100,5000,"bu","11:07:45",4331700
26900,100,400,"bu","11:07:42",4326700
26900,100,5000,"bu","11:07:40",4326300
26900,100,2000,"bu","11:07:38",4321300
26900,100,100,"bu","11:07:34",4319300
26900,100,10000,"bu","11:07:28",4319200
26900,100,1300,"bu","11:07:18",4309200
26800,0,200,"sd","11:07:17",4307900
26800,0,2200,"sd","11:07:16",4307700
26800,0,4000,"sd","11:06:57",4305500
26900,100,300,"bu","11:06:56",4301500
26800,0,500,"sd","11:06:39",4301200
26800,0,100,"sd","11:06:00",4300700
26800,0,2000,"sd","11:05:57",4300600
26800,0,500,"sd","11:05:47",4298600
26800,0,200,"sd","11:05:46",4298100
26800,0,100,"sd","11:05:29",4297900
26800,0,1000,"sd","11:05:17",4297800
26800,0,100,"sd","11:05:13",4296800
26900,100,69600,"bu","11:04:47",4296700
26900,100,4000,"sd","11:04:43",4227100
26900,100,1000,"sd","11:04:42",4223100
26900,100,900,"sd","11:04:35",4222100
26900,100,200,"sd","11:04:34",4221200
26900,100,14700,"sd","11:04:29",4221000
26900,100,3500,"sd","11:04:20",4206300
26900,100,2000,"sd","11:04:06",4202800
26900,100,600,"sd","11:03:53",4200800
26900,100,500,"sd","11:03:09",4200200
26900,100,400,"sd","11:03:05",4199700
26900,100,1000,"sd","11:02:52",4199300
26900,100,10000,"sd","11:02:40",4198300
27000,200,3000,"bu","11:02:32",4188300
27000,200,400,"bu","11:02:19",4185300
27000,200,100,"bu","11:02:16",4184900
27000,200,10800,"bu","11:02:03",4184800
27000,200,200,"sd","11:02:02",4174000
27000,200,20000,"sd","11:02:01",4173800
27000,200,1000,"sd","11:01:54",4153800
27000,200,100,"sd","11:01:43",4152800
27000,200,700,"sd","11:01:39",4152700
27000,200,14000,"sd","11:01:38",4152000
27100,300,100,"bu","11:01:37",4138000
27000,200,25000,"sd","11:01:35",4137900
27000,200,2000,"sd","11:01:24",4112900
27000,200,100,"sd","11:01:12",4110900
27000,200,100,"sd","11:01:11",4110800
27000,200,100,"sd","11:01:06",4110700
27000,200,3000,"sd","11:01:03",4110600
27000,200,1000,"sd","11:01:00",4107600
27000,200,300,"sd","11:00:57",4106600
27000,200,500,"sd","11:00:48",4106300
27000,200,10000,"sd","11:00:47",4105800
27000,200,4000,"sd","11:00:25",4095800
27000,200,200,"sd","11:00:13",4091800
27000,200,100,"sd","11:00:01",4091600
27000,200,900,"sd","10:59:59",4091500
27000,200,100,"sd","10:59:41",4090600
27100,300,1000,"bu","10:59:33",4090500
27100,300,3000,"bu","10:59:24",4089500
27100,300,300,"bu","10:59:11",4086500
27100,300,1000,"bu","10:58:57",4086200
27100,300,100,"bu","10:58:53",4085200
27100,300,200,"bu","10:58:45",4085100
27100,300,1000,"bu","10:58:44",4084900
27100,300,10000,"bu","10:58:43",4083900
27100,300,500,"bu","10:58:33",4073900
27000,200,10000,"sd","10:58:31",4073400
27100,300,2000,"bu","10:58:10",4063400
27000,200,300,"sd","10:57:59",4061400
27100,300,100,"bu","10:57:50",4061100
27000,200,100,"sd","10:57:47",4061000
27100,300,20000,"bu","10:57:34",4060900
27000,200,100,"sd","10:57:23",4040900
27100,300,200,"bu","10:57:20",4040800
27100,300,5000,"bu","10:57:15",4040600
27000,200,100000,"sd","10:57:14",4035600
27100,300,5100,"bu","10:57:08",3935600
27000,200,200,"sd","10:56:57",3930500
27000,200,100,"sd","10:56:48",3930300
27100,300,1500,"bu","10:56:47",3930200
27000,200,200,"sd","10:56:32",3928700
27100,300,100,"bu","10:56:31",3928500
27100,300,300,"bu","10:56:24",3928400
27100,300,100,"bu","10:56:23",3928100
27000,200,500,"sd","10:56:01",3928000
27100,300,30000,"bu","10:55:51",3927500
27100,300,100,"bu","10:55:47",3897500
27100,300,500,"bu","10:55:45",3897400
27100,300,600,"bu","10:55:40",3896900
27100,300,3000,"bu","10:55:33",3896300
27100,300,200,"bu","10:55:03",3893300
27100,300,1900,"bu","10:54:54",3893100
27100,300,5000,"bu","10:54:37",3891200
27100,300,500,"bu","10:54:36",3886200
27100,300,800,"bu","10:54:35",3885700
27000,200,1000,"sd","10:54:31",3884900
27100,300,10000,"bu","10:54:23",3883900
27100,300,200,"bu","10:54:08",3873900
27100,300,200,"bu","10:53:49",3873700
27000,200,100,"sd","10:53:45",3873500
27100,300,1300,"bu","10:53:42",3873400
27100,300,500,"bu","10:53:40",3872100
27000,200,2000,"sd","10:53:05",3871600
27100,300,10000,"bu","10:53:02",3869600
27000,200,100,"sd","10:52:56",3859600
27100,300,100,"bu","10:52:54",3859500
27100,300,3000,"bu","10:52:45",3859400
27000,200,100,"sd","10:52:34",3856400
27100,300,200,"bu","10:52:33",3856300
27100,300,10000,"sd","10:52:32",3856100
27100,300,13000,"sd","10:52:29",3846100
27100,300,2000,"sd","10:52:26",3833100
27100,300,1000,"sd","10:52:24",3831100
27100,300,14700,"sd","10:52:23",3830100
27100,300,1000,"sd","10:52:20",3815400
27100,300,1000,"sd","10:52:16",3814400
27100,300,40000,"sd","10:52:15",3813400
27200,400,500,"bu","10:52:07",3773400
27200,400,2000,"bu","10:51:56",3772900
27200,400,600,"bu","10:51:51",3770900
27200,400,800,"bu","10:51:45",3770300
27200,400,55800,"bu","10:51:41",3769500
27200,400,1000,"sd","10:51:33",3713700
27300,500,300,"bu","10:51:32",3712700
27200,400,1000,"sd","10:51:28",3712400
27200,400,100,"sd","10:51:26",3711400
27200,400,600,"sd","10:51:13",3711300
27200,400,100,"sd","10:51:11",3710700
27200,400,4600,"bu","10:51:05",3710600
27200,400,1300,"bu","10:51:03",3706000
27200,400,400,"bu","10:50:58",3704700
27200,400,50000,"bu","10:50:51",3704300
27200,400,1000,"bu","10:50:42",3654300
27100,300,7800,"sd","10:50:27",3653300
27200,400,2000,"bu","10:50:24",3645500
27100,300,13100,"sd","10:50:20",3643500
27200,400,9400,"bu","10:50:19",3630400
27200,400,100,"bu","10:50:18",3621000
27200,400,8000,"bu","10:50:15",3620900
27200,400,900,"bu","10:50:13",3612900
27100,300,1500,"sd","10:50:12",3612000
27100,300,100,"sd","10:50:10",3610500
27100,300,300,"sd","10:50:04",3610400
27100,300,1400,"sd","10:50:02",3610100
27200,400,100,"bu","10:49:59",3608700
27200,400,2000,"bu","10:49:58",3608600
27100,300,200,"sd","10:49:50",3606600
27200,400,200,"bu","10:49:46",3606400
27200,400,1000,"bu","10:49:39",3606200
27200,400,4500,"bu","10:49:38",3605200
27200,400,100,"bu","10:49:36",3600700
27200,400,500,"bu","10:49:34",3600600
27200,400,100,"bu","10:49:30",3600100
27200,400,100,"bu","10:49:28",3600000
27200,400,500,"bu","10:49:17",3599900
27200,400,1000,"bu","10:49:14",3599400
27200,400,8800,"sd","10:49:13",3598400
27200,400,100,"sd","10:49:12",3589600
27200,400,5000,"sd","10:49:10",3589500
27200,400,500,"sd","10:49:06",3584500
27200,400,1000,"sd","10:49:05",3584000
27200,400,3000,"sd","10:49:01",3583000
27200,400,500,"sd","10:48:56",3580000
27200,400,2400,"sd","10:48:52",3579500
27300,500,500,"bu","10:48:49",3577100
27300,500,100,"bu","10:48:48",3576600
27300,500,62000,"bu","10:48:43",3576500
27300,500,26400,"sd","10:48:39",3514500
27300,500,5000,"sd","10:48:37",3488100
27400,600,200,"bu","10:48:36",3483100
27400,600,100,"bu","10:48:30",3482900
27300,500,1000,"sd","10:48:25",3482800
27300,500,1000,"sd","10:48:21",3481800
27300,500,500,"sd","10:48:19",3480800
27400,600,500,"bu","10:48:15",3480300
27300,500,2000,"sd","10:48:10",3479800
27400,600,1100,"bu","10:48:08",3477800
27400,600,7000,"bu","10:48:04",3476700
27300,500,200,"sd","10:48:01",3469700
27300,500,4300,"sd","10:47:59",3469500
27300,500,400,"bu","10:47:56",3465200
27300,500,10000,"bu","10:47:54",3464800
27300,500,3000,"bu","10:47:52",3454800
27300,500,5000,"bu","10:47:51",3451800
27300,500,29400,"bu","10:47:49",3446800
27300,500,9000,"bu","10:47:48",3417400
27300,500,5200,"bu","10:47:43",3408400
27300,500,100,"bu","10:47:42",3403200
27300,500,7000,"bu","10:47:41",3403100
27300,500,1500,"bu","10:47:39",3396100
27200,400,1000,"sd","10:47:38",3394600
27300,500,12000,"bu","10:47:37",3393600
27300,500,500,"bu","10:47:36",3381600
27200,400,1000,"sd","10:47:35",3381100
27300,500,30000,"bu","10:47:33",3380100
27200,400,100,"sd","10:47:32",3350100
27200,400,100,"sd","10:47:30",3350000
27300,500,100,"bu","10:47:26",3349900
27200,400,100,"sd","10:47:25",3349800
27300,500,400,"bu","10:47:23",3349700
27200,400,200,"sd","10:47:22",3349300
27200,400,2900,"sd","10:47:20",3349100
27200,400,2400,"bu","10:47:16",3346200
27300,500,200,"bu","10:47:14",3343800
27200,400,100,"sd","10:47:12",3343600
27200,400,200,"sd","10:47:09",3343500
27200,400,4800,"bu","10:47:08",3343300
27200,400,2000,"sd","10:47:07",3338500
27200,400,10000,"sd","10:47:06",3336500
27200,400,100,"sd","10:47:04",3326500
27200,400,500,"sd","10:47:03",3326400
27200,400,36700,"sd","10:46:57",3325900
27200,400,600,"bu","10:46:56",3289200
27200,400,8700,"bu","10:46:52",3288600
27200,400,10000,"bu","10:46:50",3279900
27200,400,10000,"bu","10:46:49",3269900
27200,400,400,"bu","10:46:47",3259900
27100,300,300,"sd","10:46:46",3259500
27200,400,20000,"bu","10:46:44",3259200
27200,400,20200,"bu","10:46:37",3239200
27100,300,10500,"bu","10:46:36",3219000
27100,300,200,"bu","10:46:35",3208500
27100,300,9900,"bu","10:46:34",3208300
27100,300,900,"bu","10:46:33",3198400
27100,300,1000,"bu","10:46:30",3197500
27100,300,26000,"bu","10:46:29",3196500
27100,300,5400,"bu","10:46:27",3170500
27100,300,1000,"bu","10:46:26",3165100
27100,300,300,"bu","10:46:23",3164100
27100,300,2000,"bu","10:46:22",3163800
27000,200,100000,"sd","10:46:19",3161800
27000,200,63500,"sd","10:46:14",3061800
27000,200,2700,"bu","10:46:13",2998300
27000,200,17300,"bu","10:46:12",2995600
27000,200,4000,"bu","10:46:11",2978300
27000,200,2000,"bu","10:46:10",2974300
27000,200,13300,"bu","10:46:09",2972300
27000,200,48000,"bu","10:46:08",2959000
27000,200,25000,"bu","10:46:06",2911000
27000,200,2000,"bu","10:46:04",2886000
27000,200,200,"bu","10:46:01",2884000
27000,200,500,"bu","10:45:58",2883800
27000,200,500,"bu","10:45:57",2883300
27000,200,1000,"bu","10:45:56",2882800
27000,200,10000,"bu","10:45:53",2881800
26900,100,2000,"sd","10:45:49",2871800
27000,200,500,"bu","10:45:46",2869800
27000,200,1000,"bu","10:45:42",2869300
27000,200,300,"bu","10:45:34",2868300
27000,200,700,"bu","10:45:31",2868000
27000,200,1800,"bu","10:45:29",2867300
26900,100,500,"sd","10:45:28",2865500
26900,100,2000,"sd","10:45:21",2865000
26900,100,5800,"bu","10:45:18",2863000
26900,100,500,"bu","10:45:16",2857200
26900,100,1500,"bu","10:45:15",2856700
26900,100,2000,"bu","10:45:13",2855200
26900,100,60000,"bu","10:45:12",2853200
26800,0,1200,"sd","10:45:11",2793200
26900,100,1000,"bu","10:45:10",2792000
26800,0,500,"sd","10:45:06",2791000
26900,100,1000,"bu","10:45:05",2790500
26900,100,100,"bu","10:45:01",2789500
26900,100,2600,"bu","10:45:00",2789400
26900,100,10000,"bu","10:44:59",2786800
26900,100,5200,"bu","10:44:57",2776800
26900,100,400,"bu","10:44:54",2771600
26900,100,55000,"bu","10:44:53",2771200
26800,0,300,"sd","10:44:52",2716200
26900,100,700,"bu","10:44:48",2715900
26900,100,2000,"bu","10:44:47",2715200
26900,100,1000,"bu","10:44:45",2713200
26900,100,15000,"bu","10:44:40",2712200
26900,100,100,"bu","10:44:34",2697200
26900,100,1000,"bu","10:44:31",2697100
26900,100,1000,"bu","10:44:28",2696100
26800,0,33000,"sd","10:44:16",2695100
26800,0,35400,"bu","10:44:14",2662100
26800,0,6500,"bu","10:44:12",2626700
26800,0,200,"bu","10:44:11",2620200
26800,0,500,"bu","10:44:09",2620000
26800,0,25000,"bu","10:44:05",2619500
26700,-100,400,"sd","10:44:00",2594500
26700,-100,2000,"sd","10:43:46",2594100
26700,-100,2400,"bu","10:43:45",2592100
26700,-100,6200,"bu","10:43:44",2589700
26700,-100,100,"bu","10:43:43",2583500
26700,-100,1000,"bu","10:43:40",2583400
26700,-100,100,"bu","10:43:39",2582400
26700,-100,30000,"bu","10:43:36",2582300
26700,-100,1100,"bu","10:43:34",2552300
26700,-100,2800,"bu","10:43:29",2551200
26700,-100,5000,"bu","10:43:27",2548400
26700,-100,2000,"bu","10:43:04",2543400
26600,-200,100,"sd","10:42:43",2541400
26600,-200,200,"sd","10:41:29",2541300
26600,-200,2000,"sd","10:40:48",2541100
26700,-100,300,"bu","10:40:32",2539100
26600,-200,4000,"sd","10:39:52",2538800
26600,-200,1000,"bu","10:39:44",2534800
26600,-200,500,"bu","10:39:42",2533800
26600,-200,20000,"bu","10:39:35",2533300
26600,-200,1000,"bu","10:39:33",2513300
26600,-200,100,"bu","10:39:23",2512300
26600,-200,600,"bu","10:39:21",2512200
26600,-200,100,"bu","10:39:08",2511600
26600,-200,1400,"bu","10:39:04",2511500
26600,-200,1500,"bu","10:39:01",2510100
26600,-200,5000,"bu","10:38:58",2508600
26600,-200,5000,"bu","10:38:53",2503600
26600,-200,2000,"bu","10:38:52",2498600
26600,-200,23000,"bu","10:38:34",2496600
26600,-200,700,"bu","10:38:29",2473600
26600,-200,2000,"bu","10:38:25",2472900
26600,-200,5000,"bu","10:38:24",2470900
26600,-200,500,"bu","10:38:21",2465900
26600,-200,8000,"bu","10:38:10",2465400
26600,-200,20000,"bu","10:38:05",2457400
26600,-200,300,"bu","10:37:42",2437400
26600,-200,5000,"bu","10:37:24",2437100
26600,-200,100,"bu","10:36:35",2432100
26600,-200,200,"bu","10:36:23",2432000
26600,-200,200,"bu","10:35:30",2431800
26600,-200,500,"bu","10:35:28",2431600
26600,-200,3000,"bu","10:35:22",2431100
26600,-200,100,"bu","10:35:15",2428100
26600,-200,700,"bu","10:34:18",2428000
26500,-300,100,"sd","10:33:56",2427300
26500,-300,15000,"sd","10:33:05",2427200
26500,-300,200,"sd","10:32:59",2412200
26600,-200,500,"bu","10:32:49",2412000
26500,-300,100,"sd","10:32:36",2411500
26500,-300,8100,"bu","10:32:05",2411400
26500,-300,11900,"sd","10:31:58",2403300
26500,-300,10000,"sd","10:31:42",2391400
26500,-300,21300,"bu","10:31:22",2381400
26500,-300,400,"bu","10:31:09",2360100
26500,-300,2000,"bu","10:31:04",2359700
26500,-300,76300,"sd","10:30:59",2357700
26500,-300,2000,"sd","10:30:37",2281400
26500,-300,200,"sd","10:29:56",2279400
26500,-300,10000,"sd","10:29:28",2279200
26600,-200,500,"bu","10:29:24",2269200
26500,-300,200,"sd","10:28:55",2268700
26500,-300,200,"sd","10:27:26",2268500
26500,-300,500,"sd","10:27:04",2268300
26500,-300,200,"sd","10:26:44",2267800
26500,-300,1000,"sd","10:26:25",2267600
26500,-300,500,"sd","10:26:07",2266600
26500,-300,87500,"bu","10:26:02",2266100
26500,-300,100,"bu","10:25:57",2178600
26500,-300,1100,"bu","10:25:55",2178500
26500,-300,100,"bu","10:25:51",2177400
26500,-300,1000,"bu","10:25:49",2177300
26500,-300,6000,"bu","10:25:47",2176300
26500,-300,200,"bu","03:25:46",2170300
26500,-300,5000,"bu","10:25:39",2170100
26500,-300,500,"bu","10:25:35",2165100
26500,-300,13500,"sd","10:25:33",2164600
26500,-300,10000,"sd","10:25:20",2151100
26500,-300,500,"sd","10:25:13",2141100
26500,-300,100,"bu","10:25:12",2140600
26500,-300,500,"bu","10:25:10",2140500
26500,-300,100,"bu","10:25:09",2140000
26500,-300,200,"bu","10:25:07",2139900
26500,-300,5000,"bu","10:25:06",2139700
26500,-300,1100,"bu","10:25:02",2134700
26500,-300,2000,"bu","10:24:55",2133600
26500,-300,2000,"bu","10:24:53",2131600
26500,-300,500,"bu","10:24:42",2129600
26500,-300,200,"bu","10:24:41",2129100
26500,-300,3600,"bu","10:24:36",2128900
26500,-300,400,"bu","10:24:34",2125300
26500,-300,1000,"bu","10:24:33",2124900
26500,-300,30000,"bu","10:24:31",2123900
26500,-300,1300,"bu","10:24:24",2093900
26500,-300,3000,"bu","10:24:21",2092600
26500,-300,1200,"bu","10:24:20",2089600
26500,-300,20500,"bu","10:24:18",2088400
26500,-300,200,"bu","10:24:16",2067900
26500,-300,2000,"bu","10:24:04",2067700
26500,-300,100,"bu","10:24:00",2065700
26500,-300,5000,"bu","10:23:59",2065600
26500,-300,500,"bu","10:23:56",2060600
26500,-300,32200,"sd","10:23:54",2060100
26500,-300,10000,"sd","10:22:59",2027900
26500,-300,55900,"bu","10:22:53",2017900
26500,-300,2400,"bu","10:22:52",1962000
26500,-300,600,"bu","10:22:51",1959600
26500,-300,700,"bu","10:22:50",1959000
26500,-300,1500,"bu","10:22:48",1958300
26500,-300,26300,"bu","10:22:47",1956800
26500,-300,5000,"bu","10:22:46",1930500
26500,-300,4100,"bu","10:22:45",1925500
26500,-300,1000,"bu","10:22:43",1921400
26500,-300,21000,"bu","10:22:41",1920400
26500,-300,1000,"bu","10:22:39",1899400
26500,-300,2000,"bu","10:22:35",1898400
26500,-300,1000,"bu","10:22:33",1896400
26500,-300,200,"bu","10:22:31",1895400
26500,-300,500,"bu","10:22:28",1895200
26500,-300,300,"bu","10:22:25",1894700
26500,-300,600,"bu","10:22:23",1894400
26500,-300,500,"bu","10:22:21",1893800
26500,-300,1100,"bu","10:22:20",1893300
26500,-300,10000,"bu","10:22:14",1892200
26500,-300,4000,"bu","10:22:10",1882200
26500,-300,2000,"bu","10:22:09",1878200
26500,-300,500,"bu","10:22:07",1876200
26500,-300,140000,"bu","10:21:54",1875700
26500,-300,500,"bu","10:21:53",1735700
26500,-300,9100,"bu","10:21:52",1735200
26500,-300,4000,"bu","10:21:48",1726100
26500,-300,1000,"bu","10:21:43",1722100
26500,-300,200,"bu","10:21:37",1721100
26500,-300,2000,"bu","10:21:29",1720900
26500,-300,200,"bu","10:21:20",1718900
26500,-300,5000,"bu","10:21:14",1718700
26500,-300,3000,"bu","10:20:30",1713700
26500,-300,500,"bu","10:20:25",1710700
26500,-300,300,"bu","10:20:23",1710200
26500,-300,1500,"bu","10:20:11",1709900
26500,-300,1000,"bu","10:20:00",1708400
26500,-300,2100,"bu","10:19:46",1707400
26400,-400,2000,"sd","10:19:25",1705300
26400,-400,600,"sd","10:19:13",1703300
26400,-400,100,"sd","10:18:50",1702700
26500,-300,5000,"bu","10:18:35",1702600
26500,-300,500,"bu","10:18:09",1697600
26400,-400,10000,"sd","10:18:02",1697100
26500,-300,500,"bu","10:17:58",1687100
26400,-400,500,"sd","10:17:55",1686600
26500,-300,500,"bu","10:17:38",1686100
26400,-400,100,"sd","10:17:07",1685600
26400,-400,100,"sd","10:16:50",1685500
26400,-400,1000,"sd","10:16:44",1685400
26400,-400,500,"sd","10:16:43",1684400
26400,-400,10000,"sd","10:16:41",1683900
26400,-400,11800,"sd","10:16:36",1673900
26400,-400,1200,"sd","10:16:23",1662100
26400,-400,300,"sd","10:16:22",1660900
26400,-400,600,"sd","10:16:17",1660600
26400,-400,200,"sd","10:16:06",1660000
26400,-400,4500,"sd","10:15:48",1659800
26400,-400,100,"sd","10:15:33",1655300
26400,-400,500,"sd","10:15:25",1655200
26400,-400,15000,"sd","10:15:17",1654700
26400,-400,1000,"sd","10:15:16",1639700
26400,-400,1300,"sd","10:15:08",1638700
26400,-400,100,"sd","10:15:01",1637400
26400,-400,500,"sd","10:14:42",1637300
26400,-400,100,"sd","10:14:36",1636800
26400,-400,20000,"sd","10:14:19",1636700
26500,-300,300,"bu","10:14:13",1616700
26400,-400,200,"sd","10:14:05",1616400
26400,-400,1000,"sd","10:14:02",1616200
26400,-400,100,"sd","10:14:00",1615200
26400,-400,6000,"sd","10:13:51",1615100
26400,-400,2000,"sd","10:13:48",1609100
26400,-400,50000,"sd","10:13:37",1607100
26400,-400,4000,"sd","10:13:32",1557100
26500,-300,100,"bu","10:13:24",1553100
26400,-400,10000,"sd","10:13:15",1553000
26400,-400,5000,"sd","10:13:07",1543000
26400,-400,500,"sd","10:12:59",1538000
26400,-400,500,"sd","10:12:58",1537500
26400,-400,100,"sd","10:12:49",1537000
26400,-400,300,"sd","10:12:46",1536900
26500,-300,200,"bu","10:12:45",1536600
26400,-400,400,"sd","10:12:22",1536400
26400,-400,700,"sd","10:11:37",1536000
26400,-400,1400,"sd","10:11:35",1535300
26400,-400,500,"sd","10:11:05",1533900
26400,-400,2000,"sd","10:11:01",1533400
26400,-400,1100,"sd","10:10:45",1531400
26400,-400,500,"sd","10:10:44",1530300
26400,-400,3000,"sd","10:10:34",1529800
26400,-400,10000,"sd","10:10:19",1526800
26500,-300,1000,"bu","10:09:43",1516800
26400,-400,100,"sd","10:09:39",1515800
26400,-400,100,"sd","10:09:35",1515700
26400,-400,200,"sd","10:09:34",1515600
26400,-400,1000,"sd","10:08:55",1515400
26400,-400,4000,"sd","10:08:46",1514400
26400,-400,400,"sd","10:08:43",1510400
26400,-400,8500,"sd","10:08:42",1510000
26400,-400,3000,"sd","10:08:29",1501500
26400,-400,5000,"sd","10:07:36",1498500
26400,-400,2000,"sd","10:07:25",1493500
26400,-400,1000,"sd","10:07:20",1491500
26400,-400,100,"sd","10:06:50",1490500
26400,-400,200,"sd","10:06:45",1490400
26500,-300,1000,"bu","10:06:40",1490200
26500,-300,2000,"bu","10:06:38",1489200
26400,-400,5000,"sd","10:06:34",1487200
26400,-400,500,"sd","10:05:44",1482200
26400,-400,5000,"sd","10:04:47",1481700
26500,-300,1000,"bu","10:04:46",1476700
26400,-400,100,"sd","10:04:30",1475700
26400,-400,3000,"sd","10:04:07",1475600
26400,-400,1300,"sd","10:03:38",1472600
26400,-400,2000,"sd","10:03:35",1471300
26400,-400,5000,"sd","10:03:13",1469300
26400,-400,2000,"sd","10:02:50",1464300
26400,-400,1900,"sd","10:02:48",1462300
26500,-300,15000,"bu","10:02:39",1460400
26400,-400,500,"sd","10:02:34",1445400
26500,-300,200,"bu","10:02:21",1444900
26500,-300,100,"bu","10:02:16",1444700
26400,-400,20000,"sd","10:01:57",1444600
26500,-300,100,"bu","10:01:49",1424600
26400,-400,100,"sd","10:00:47",1424500
26400,-400,1900,"sd","10:00:45",1424400
26400,-400,2000,"bu","10:00:34",1422500
26400,-400,500,"bu","10:00:26",1420500
26400,-400,100,"bu","10:00:19",1420000
26400,-400,2000,"bu","10:00:18",1419900
26400,-400,2100,"sd","10:00:07",1417900
26400,-400,800,"sd","10:00:06",1415800
26400,-400,3000,"sd","10:00:05",1415000
26400,-400,500,"sd","10:00:00",1412000
26400,-400,2000,"sd","09:59:58",1411500
26400,-400,25000,"sd","09:59:57",1409500
26400,-400,100,"sd","09:59:52",1384500
26400,-400,23400,"sd","09:59:44",1384400
26400,-400,10000,"sd","09:59:42",1361000
26400,-400,600,"sd","09:59:41",1351000
26400,-400,400,"sd","09:59:36",1350400
26400,-400,5700,"sd","09:59:34",1350000
26400,-400,2000,"sd","09:59:33",1344300
26400,-400,1000,"sd","09:59:31",1342300
26400,-400,53200,"sd","09:59:30",1341300
26400,-400,400,"sd","09:59:27",1288100
26400,-400,3000,"sd","09:59:26",1287700
26400,-400,500,"sd","09:59:24",1284700
26400,-400,5000,"sd","09:59:23",1284200
26400,-400,2000,"sd","09:59:22",1279200
26400,-400,20000,"sd","09:59:15",1277200
26400,-400,4000,"sd","09:59:06",1257200
26400,-400,100,"sd","09:58:56",1253200
26400,-400,1300,"sd","09:58:46",1253100
26400,-400,1000,"sd","09:58:36",1251800
26400,-400,200,"sd","09:58:20",1250800
26400,-400,1500,"sd","09:57:59",1250600
26500,-300,500,"bu","09:57:30",1249100
26400,-400,2000,"sd","09:57:29",1248600
26400,-400,200,"sd","09:57:23",1246600
26500,-300,1900,"bu","09:57:09",1246400
26400,-400,400,"sd","09:56:57",1244500
26500,-300,2200,"bu","09:56:53",1244100
26400,-400,500,"sd","09:56:45",1241900
26400,-400,1500,"sd","09:56:39",1241400
26500,-300,7500,"bu","09:56:35",1239900
26400,-400,1000,"sd","09:56:34",1232400
26500,-300,700,"bu","09:56:31",1231400
26500,-300,100,"bu","09:56:12",1230700
26500,-300,200,"bu","09:55:57",1230600
26400,-400,1800,"sd","09:55:55",1230400
26500,-300,1800,"bu","09:55:53",1228600
26500,-300,2000,"bu","09:55:26",1226800
26500,-300,100,"bu","09:55:25",1224800
26500,-300,9600,"bu","09:55:20",1224700
26500,-300,200,"bu","09:55:08",1215100
26500,-300,1100,"bu","09:55:03",1214900
26500,-300,10000,"bu","09:54:37",1213800
26500,-300,2000,"bu","09:54:32",1203800
26500,-300,1600,"bu","09:54:19",1201800
26500,-300,200,"bu","09:54:09",1200200
26500,-300,500,"bu","09:54:04",1200000
26500,-300,3700,"bu","09:54:00",1199500
26500,-300,500,"sd","09:53:54",1195800
26500,-300,200,"sd","09:53:46",1195300
26500,-300,200,"bu","09:53:22",1195100
26500,-300,1700,"unknown","09:53:16",1194900
26500,-300,5000,"bu","09:53:09",1193200
26500,-300,200,"bu","09:53:06",1188200
26500,-300,500,"bu","09:53:00",1188000
26500,-300,200,"bu","09:52:58",1187500
26500,-300,40000,"bu","09:52:52",1187300
26500,-300,500,"bu","09:52:49",1147300
26500,-300,8800,"bu","09:52:43",1146800
26500,-300,147600,"bu","09:52:28",1138000
26600,-200,10000,"bu","09:52:22",990400
26500,-300,1000,"sd","09:51:57",980400
26500,-300,600,"sd","09:51:46",979400
26500,-300,100,"sd","09:51:36",978800
26600,-200,200,"bu","09:51:31",978700
26500,-300,5800,"sd","09:51:27",978500
26600,-200,500,"bu","09:51:13",972700
26600,-200,100,"bu","09:50:54",972200
26600,-200,3000,"bu","09:50:52",972100
26600,-200,200,"bu","09:50:41",969100
26600,-200,300,"bu","09:50:26",968900
26500,-300,1000,"sd","09:50:18",968600
26600,-200,600,"bu","09:50:06",967600
26600,-200,200,"bu","09:49:52",967000
26600,-200,20000,"bu","09:49:47",966800
26600,-200,3000,"bu","09:49:37",946800
26600,-200,300,"bu","09:49:30",943800
26500,-300,2900,"sd","09:49:29",943500
26500,-300,2000,"sd","09:49:18",940600
26500,-300,20000,"sd","09:49:15",938600
26500,-300,1000,"sd","09:49:12",918600
26500,-300,2200,"sd","09:49:02",917600
26500,-300,5000,"sd","09:48:33",915400
26600,-200,2500,"bu","09:48:23",910400
26600,-200,500,"bu","09:48:16",907900
26600,-200,200,"bu","09:47:58",907400
26500,-300,300,"sd","09:47:54",907200
26500,-300,100,"sd","09:47:43",906900
26500,-300,100,"sd","09:46:51",906800
26600,-200,700,"bu","09:46:49",906700
26600,-200,3000,"bu","09:46:33",906000
26500,-300,2000,"sd","09:46:29",903000
26600,-200,1000,"bu","09:46:22",901000
26600,-200,7900,"bu","09:46:16",900000
26600,-200,100,"bu","09:46:11",892100
26600,-200,1000,"bu","09:46:07",892000
26500,-300,7500,"sd","09:46:06",891000
26600,-200,600,"bu","09:45:47",883500
26600,-200,100,"bu","09:45:46",882900
26600,-200,2000,"bu","09:45:45",882800
26600,-200,300,"bu","09:45:32",880800
26500,-300,300,"sd","09:45:28",880500
26500,-300,100,"sd","09:45:24",880200
26500,-300,10000,"sd","09:45:22",880100
26600,-200,100,"bu","09:45:13",870100
26600,-200,400,"bu","09:45:08",870000
26600,-200,1500,"bu","09:44:56",869600
26600,-200,1000,"bu","09:44:55",868100
26600,-200,3000,"bu","09:44:54",867100
26600,-200,300,"bu","09:44:50",864100
26600,-200,100,"bu","09:44:49",863800
26600,-200,5000,"bu","09:44:47",863700
26600,-200,2000,"bu","09:44:38",858700
26600,-200,500,"bu","09:44:29",856700
26600,-200,1000,"bu","09:44:26",856200
26600,-200,1000,"bu","09:44:22",855200
26600,-200,300,"bu","09:44:20",854200
26600,-200,100,"bu","09:44:19",853900
26600,-200,1200,"bu","09:44:10",853800
26600,-200,100,"bu","09:44:00",852600
26600,-200,400,"bu","09:43:50",852500
26600,-200,600,"sd","09:43:46",852100
26500,-300,18000,"sd","09:43:43",851500
26600,-200,10000,"sd","09:43:38",833500
26700,-100,600,"bu","09:43:24",823500
26700,-100,800,"bu","09:43:18",822900
26700,-100,100,"bu","09:43:15",822100
26700,-100,100,"bu","09:43:12",822000
26700,-100,300,"bu","09:43:07",821900
26700,-100,1000,"bu","09:43:03",821600
26700,-100,200,"bu","09:42:54",820600
26600,-200,100,"sd","09:42:36",820400
26600,-200,500,"sd","09:41:47",820300
26600,-200,500,"sd","09:41:46",819800
26600,-200,4100,"sd","09:41:23",819300
26600,-200,400,"bu","09:41:19",815200
26600,-200,1000,"bu","09:41:18",814800
26600,-200,200,"bu","09:41:08",813800
26600,-200,7900,"bu","09:41:06",813600
26600,-200,600,"bu","09:41:05",805700
26600,-200,3800,"bu","09:41:02",805100
26600,-200,3400,"sd","09:41:00",801300
26600,-200,500,"bu","09:40:52",797900
26600,-200,1000,"bu","09:40:51",797400
26500,-300,800,"sd","09:40:50",796400
26600,-200,20000,"bu","09:40:46",795600
26500,-300,300,"sd","09:40:41",775600
26500,-300,200,"sd","09:40:37",775300
26600,-200,100,"bu","09:40:33",775100
26500,-300,8000,"sd","09:40:19",775000
26500,-300,400,"sd","09:39:57",767000
26600,-200,400,"bu","09:39:45",766600
26500,-300,1000,"sd","09:39:37",766200
26500,-300,500,"sd","09:39:14",765200
26500,-300,2000,"sd","09:39:04",764700
26500,-300,4600,"sd","09:38:47",762700
26500,-300,5600,"bu","09:38:45",758100
26500,-300,1500,"bu","09:38:42",752500
26500,-300,5300,"bu","09:38:38",751000
26500,-300,24000,"bu","09:38:35",745700
26500,-300,3000,"bu","09:38:32",721700
26500,-300,10000,"bu","09:38:31",718700
26500,-300,5000,"bu","09:38:30",708700
26500,-300,200,"bu","09:38:26",703700
26400,-400,300,"sd","09:38:22",703500
26400,-400,300,"sd","09:38:21",703200
26400,-400,100,"sd","09:38:17",702900
26400,-400,100,"sd","09:38:12",702800
26400,-400,300,"sd","09:37:51",702700
26400,-400,200,"sd","09:37:50",702400
26400,-400,10000,"sd","09:37:49",702200
26400,-400,400,"sd","09:37:28",692200
26400,-400,2000,"sd","09:37:22",691800
26400,-400,700,"sd","09:37:12",689800
26500,-300,500,"bu","09:37:11",689100
26400,-400,30000,"sd","09:37:06",688600
26400,-400,20000,"sd","09:36:50",658600
26400,-400,500,"sd","09:36:49",638600
26400,-400,500,"sd","09:36:46",638100
26400,-400,3000,"sd","09:36:38",637600
26400,-400,15500,"sd","09:36:33",634600
26500,-300,1000,"bu","09:36:27",619100
26500,-300,200,"bu","09:36:22",618100
26500,-300,100,"bu","09:36:21",617900
26400,-400,5000,"sd","09:36:13",617800
26400,-400,1100,"sd","09:36:09",612800
26400,-400,20000,"sd","09:35:55",611700
26500,-300,300,"bu","09:35:45",591700
26400,-400,3000,"sd","09:35:30",591400
26500,-300,200,"bu","09:35:27",588400
26500,-300,500,"bu","09:35:18",588200
26500,-300,1600,"bu","09:35:17",587700
26500,-300,100,"bu","09:35:08",586100
26500,-300,1300,"bu","09:34:59",586000
26500,-300,1000,"bu","09:34:42",584700
26500,-300,100,"bu","09:34:38",583700
26500,-300,3000,"bu","09:34:34",583600
26500,-300,3300,"bu","09:34:29",580600
26500,-300,500,"bu","09:34:28",577300
26500,-300,700,"bu","09:34:22",576800
26500,-300,200,"bu","09:34:17",576100
26500,-300,100,"bu","09:34:14",575900
26500,-300,100,"bu","09:34:13",575800
26500,-300,2000,"bu","09:34:06",575700
26500,-300,2000,"bu","09:34:03",573700
26500,-300,6600,"bu","09:33:59",571700
26500,-300,1000,"sd","09:33:55",565100
26500,-300,300,"sd","09:33:53",564100
26500,-300,50000,"sd","09:33:51",563800
26500,-300,200,"sd","09:33:39",513800
26500,-300,25300,"sd","09:33:36",513600
26500,-300,5000,"sd","09:33:33",488300
26500,-300,1000,"sd","09:33:31",483300
26500,-300,1000,"sd","09:33:23",482300
26500,-300,200,"sd","09:33:15",481300
26500,-300,1800,"sd","09:33:10",481100
26600,-200,500,"bu","09:33:09",479300
26500,-300,2500,"sd","09:32:56",478800
26500,-300,1000,"sd","09:32:53",476300
26600,-200,500,"bu","09:32:33",475300
26600,-200,300,"bu","09:32:11",474800
26500,-300,700,"sd","09:32:00",474500
26600,-200,1000,"bu","09:31:59",473800
26600,-200,900,"sd","09:31:43",472800
26600,-200,100,"sd","09:31:40",471900
26600,-200,1000,"sd","09:31:26",471800
26600,-200,100,"sd","09:31:22",470800
26600,-200,100,"sd","09:31:18",470700
26600,-200,100,"sd","09:31:16",470600
26600,-200,700,"sd","09:31:15",470500
26600,-200,3000,"sd","09:31:12",469800
26600,-200,100,"sd","09:31:09",466800
26600,-200,4000,"sd","09:31:05",466700
26600,-200,1000,"sd","09:30:57",462700
26600,-200,1000,"sd","09:30:56",461700
26600,-200,7000,"bu","09:30:54",460700
26500,-300,200,"sd","09:30:51",453700
26600,-200,100,"bu","09:30:48",453500
26600,-200,400,"bu","09:30:31",453400
26600,-200,100,"bu","09:30:23",453000
26600,-200,400,"bu","09:30:15",452900
26600,-200,500,"sd","09:30:11",452500
26500,-300,13000,"sd","09:30:05",452000
26600,-200,200,"sd","09:29:56",439000
26600,-200,300,"sd","09:29:50",438800
26600,-200,200,"sd","09:29:37",438500
26600,-200,900,"sd","09:29:32",438300
26600,-200,600,"sd","09:29:30",437400
26500,-300,300,"sd","09:29:26",436800
26600,-200,100,"bu","09:29:22",436500
26600,-200,400,"bu","09:29:20",436400
26600,-200,300,"bu","09:29:18",436000
26600,-200,1000,"bu","09:29:15",435700
26600,-200,500,"bu","09:29:12",434700
26600,-200,2700,"sd","09:29:03",434200
26600,-200,1300,"bu","09:29:02",431500
26600,-200,4500,"bu","09:28:45",430200
26600,-200,500,"sd","09:28:38",425700
26500,-300,500,"sd","09:28:21",425200
26700,-100,300,"bu","09:28:16",424700
26500,-300,1000,"sd","09:28:13",424400
26500,-300,2400,"sd","09:28:12",423400
26500,-300,2000,"sd","09:28:08",421000
26500,-300,1000,"sd","09:28:06",419000
26500,-300,6200,"bu","09:28:05",418000
26500,-300,6000,"bu","09:28:03",411800
26500,-300,3100,"bu","09:28:02",405800
26500,-300,1000,"bu","09:28:01",402700
26500,-300,300,"bu","09:27:56",401700
26500,-300,500,"bu","09:27:54",401400
26500,-300,4000,"bu","09:27:53",400900
26500,-300,1400,"bu","09:27:37",396900
26500,-300,77500,"bu","09:27:36",395500
26700,-100,200,"bu","09:27:28",318000
26700,-100,500,"bu","09:27:21",317800
26700,-100,200,"bu","09:27:20",317300
26700,-100,1000,"bu","09:27:19",317100
26700,-100,1000,"bu","09:27:09",316100
26600,-200,15000,"sd","09:27:03",315100
26700,-100,2100,"bu","09:26:57",300100
26700,-100,5000,"bu","09:26:48",298000
26700,-100,200,"bu","09:26:45",293000
26700,-100,200,"bu","09:26:42",292800
26700,-100,1000,"bu","09:26:37",292600
26700,-100,300,"bu","09:26:31",291600
26700,-100,1000,"bu","09:26:20",291300
26700,-100,900,"bu","09:26:13",290300
26700,-100,2000,"bu","09:26:05",289400
26700,-100,1800,"bu","09:25:48",287400
26700,-100,1500,"sd","09:25:44",285600
26700,-100,300,"sd","09:25:20",284100
26700,-100,100,"sd","09:25:15",283800
26700,-100,3100,"sd","09:25:10",283700
26600,-200,2000,"sd","09:24:55",280600
26700,-100,5500,"bu","09:24:36",278600
26700,-100,2000,"sd","09:24:31",273100
26700,-100,200,"sd","09:24:26",271100
26700,-100,1000,"sd","09:24:24",270900
26700,-100,1100,"sd","09:24:19",269900
26700,-100,30000,"sd","09:24:17",268800
26700,-100,100,"sd","09:23:51",238800
26700,-100,6900,"sd","09:23:50",238700
26700,-100,400,"sd","09:23:36",231800
26700,-100,700,"sd","09:23:34",231400
26700,-100,10000,"sd","09:23:19",230700
26700,-100,4000,"sd","09:22:59",220700
26700,-100,2600,"sd","09:22:50",216700
26700,-100,7300,"sd","09:22:41",214100
26700,-100,1000,"sd","09:22:33",206800
26700,-100,1000,"sd","09:22:30",205800
26700,-100,3900,"sd","09:22:11",204800
26600,-200,300,"sd","09:22:10",200900
26700,-100,300,"bu","09:21:54",200600
26700,-100,2300,"bu","09:21:52",200300
26700,-100,2000,"sd","09:21:44",198000
26700,-100,2000,"sd","09:21:28",196000
26700,-100,2000,"sd","09:21:19",194000
26800,0,500,"bu","09:21:18",192000
26700,-100,1000,"sd","09:21:17",191500
26700,-100,200,"sd","09:21:12",190500
26700,-100,100,"sd","09:21:09",190300
26800,0,300,"bu","09:21:01",190200
26700,-100,2000,"sd","09:20:45",189900
26800,0,300,"bu","09:20:40",187900
26700,-100,1000,"sd","09:20:37",187600
26700,-100,200,"sd","09:20:24",186600
26700,-100,1000,"sd","09:20:21",186400
26700,-100,5800,"sd","09:20:18",185400
26700,-100,400,"sd","09:20:16",179600
26700,-100,2000,"sd","09:20:07",179200
26800,0,1000,"bu","09:20:06",177200
26700,-100,200,"sd","09:19:55",176200
26700,-100,25000,"sd","09:19:48",176000
26800,0,1000,"bu","09:19:43",151000
26800,0,100,"bu","09:19:36",150000
26800,0,2000,"bu","09:19:35",149900
26800,0,100,"bu","09:19:29",147900
26800,0,1000,"bu","09:19:26",147800
26800,0,2000,"bu","09:19:24",146800
26800,0,1000,"bu","09:19:21",144800
26800,0,5000,"bu","09:19:12",143800
26800,0,100,"bu","09:19:01",138800
26800,0,900,"bu","09:18:57",138700
26800,0,600,"sd","09:18:46",137800
26800,0,800,"sd","09:18:42",137200
26800,0,200,"sd","09:18:38",136400
26800,0,1100,"sd","09:18:33",136200
26800,0,7700,"bu","09:18:19",135100
26800,0,200,"bu","09:17:26",127400
26800,0,4800,"bu","09:17:24",127200
26800,0,700,"bu","09:16:57",122400
26800,0,600,"bu","09:16:50",121700
26800,0,400,"bu","09:16:45",121100
26800,0,300,"bu","09:16:37",120700
26800,0,200,"bu","09:16:33",120400
26800,0,500,"bu","09:16:29",120200
26800,0,700,"bu","09:16:26",119700
26800,0,200,"sd","09:16:25",119000
26800,0,3800,"bu","09:16:23",118800
26800,0,1000,"bu","09:16:09",115000
26800,0,1000,"bu","09:16:05",114000
26800,0,100,"bu","09:15:47",113000
26800,0,200,"bu","09:15:08",112900
26800,0,13900,"sd","09:14:22",112700
26900,100,300,"bu","09:14:08",98800
26900,100,400,"bu","09:13:42",98500
26800,0,30000,"sd","09:13:28",98100
26900,100,300,"bu","09:13:05",68100
26900,100,2000,"bu","09:12:56",67800
26900,100,1200,"bu","09:12:50",65800
26800,0,500,"sd","09:12:24",64600
26900,100,200,"bu","09:12:18",64100
26900,100,400,"bu","09:12:17",63900
26900,100,2500,"bu","09:11:40",63500
26800,0,100,"sd","09:11:35",61000
26800,0,500,"sd","09:11:29",60900
26900,100,500,"bu","09:11:06",60400
26900,100,5000,"bu","09:10:39",59900
26800,0,1000,"sd","09:09:56",54900
26800,0,1000,"sd","09:08:58",53900
26800,0,200,"sd","09:08:34",52900
26800,0,100,"sd","09:06:59",52700
26800,0,100,"sd","09:06:35",52600
26800,0,20600,"sd","09:05:49",52500
26800,0,100,"bu","09:05:19",31900
26800,0,100,"bu","09:05:16",31800
26800,0,600,"bu","09:04:53",31700
26800,0,200,"bu","09:04:29",31100
26800,0,1000,"bu","09:04:15",30900
26800,0,500,"bu","09:04:14",29900
26800,0,3600,"bu","09:03:58",29400
26800,0,2000,"bu","09:03:49",25800
26800,0,7600,"bu","09:03:39",23800
26900,100,1000,"bu","09:03:04",16200
26900,100,100,"bu","09:03:01",15200
26900,100,5000,"bu","09:02:22",15100
26900,100,200,"bu","09:02:06",10100
26900,100,5000,"bu","09:01:41",9900
26800,0,200,"sd","09:01:34",4900
26800,0,1000,"sd","09:00:43",4700
26900,100,100,"bu","09:00:21",3700
26900,100,500,"bu","09:00:20",3600
26900,100,800,"bu","09:00:13",3100
26800,0,1000,"sd","09:00:10",2300
26800,0,1300,"sd","09:00:03",1300
