"price","change","match_qtty","side","time","total_vol"
28400,-400,445300,"unknown","14:45:02",5389400
28600,-200,700,"bu","14:29:53",4944100
28600,-200,100,"bu","14:29:53",4943400
28600,-200,1900,"bu","14:29:49",4943300
28600,-200,100,"bu","14:29:49",4941400
28600,-200,1000,"bu","14:29:49",4941300
28600,-200,300,"bu","14:29:47",4940300
28600,-200,400,"bu","14:29:46",4940000
28550,-250,2000,"sd","14:29:44",4939600
28600,-200,500,"bu","14:29:43",4937600
28600,-200,700,"bu","14:29:40",4937100
28550,-250,3900,"sd","14:29:34",4936400
28550,-250,3700,"sd","14:29:34",4932500
28600,-200,100,"bu","14:29:30",4928800
28550,-250,6300,"sd","14:29:29",4928700
28550,-250,100,"sd","14:29:29",4922400
28550,-250,100,"sd","14:29:29",4922300
28550,-250,1000,"sd","14:29:29",4922200
28550,-250,300,"sd","14:29:29",4921200
28550,-250,200,"sd","14:29:29",4920900
28600,-200,300,"bu","14:29:23",4920700
28600,-200,300,"bu","14:29:21",4920400
28600,-200,300,"sd","14:29:19",4920100
28600,-200,700,"sd","14:29:18",4919800
28600,-200,1000,"sd","14:29:18",4919100
28600,-200,500,"sd","14:29:18",4918100
28600,-200,400,"sd","14:29:18",4917600
28600,-200,100,"sd","14:29:18",4917200
28600,-200,1300,"sd","14:29:18",4917100
28600,-200,500,"sd","14:29:16",4915800
28600,-200,1000,"sd","14:29:15",4915300
28600,-200,200,"sd","14:29:13",4914300
28600,-200,1000,"sd","14:29:10",4914100
28600,-200,1000,"sd","14:29:10",4913100
28600,-200,100,"sd","14:29:10",4912100
28600,-200,3000,"sd","14:29:10",4912000
28600,-200,1000,"sd","14:29:10",4909000
28600,-200,1900,"sd","14:29:10",4908000
28600,-200,100,"sd","14:29:05",4906100
28600,-200,400,"sd","14:29:01",4906000
28600,-200,100,"sd","14:28:57",4905600
28600,-200,100,"sd","14:28:57",4905500
28600,-200,100,"sd","14:28:57",4905400
28600,-200,600,"sd","14:28:57",4905300
28600,-200,200,"sd","14:28:57",4904700
28600,-200,100,"sd","14:28:57",4904500
28600,-200,100,"sd","14:28:57",4904400
28600,-200,100,"sd","14:28:57",4904300
28600,-200,100,"sd","14:28:57",4904200
28600,-200,1000,"sd","14:28:57",4904100
28600,-200,1000,"sd","14:28:57",4903100
28600,-200,100,"sd","14:28:57",4902100
28600,-200,100,"sd","14:28:57",4902000
28600,-200,100,"sd","14:28:57",4901900
28600,-200,100,"sd","14:28:57",4901800
28600,-200,500,"sd","14:28:57",4901700
28600,-200,500,"sd","14:28:57",4901200
28600,-200,1100,"sd","14:28:57",4900700
28600,-200,1000,"sd","14:28:57",4899600
28600,-200,100,"sd","14:28:57",4898600
28600,-200,200,"sd","14:28:57",4898500
28600,-200,2600,"sd","14:28:57",4898300
28600,-200,2000,"sd","14:28:53",4895700
28600,-200,2800,"sd","14:28:52",4893700
28600,-200,100,"sd","14:28:52",4890900
28600,-200,300,"sd","14:28:52",4890800
28600,-200,2000,"sd","14:28:52",4890500
28600,-200,1000,"sd","14:28:52",4888500
28600,-200,100,"sd","14:28:52",4887500
28600,-200,100,"sd","14:28:52",4887400
28600,-200,10000,"sd","14:28:52",4887300
28600,-200,1000,"sd","14:28:52",4877300
28600,-200,5000,"sd","14:28:52",4876300
28600,-200,1000,"sd","14:28:52",4871300
28600,-200,100,"sd","14:28:52",4870300
28600,-200,500,"sd","14:28:52",4870200
28600,-200,6000,"sd","14:28:52",4869700
28600,-200,4500,"sd","14:28:52",4863700
28600,-200,500,"sd","14:28:40",4859200
28600,-200,2800,"sd","14:28:40",4858700
28600,-200,500,"sd","14:28:40",4855900
28600,-200,5000,"sd","14:28:40",4855400
28600,-200,48500,"sd","14:28:40",4850400
28600,-200,300,"sd","14:28:40",4801900
28600,-200,100,"sd","14:28:40",4801600
28600,-200,1000,"sd","14:28:40",4801500
28600,-200,400,"sd","14:28:40",4800500
28600,-200,500,"sd","14:28:40",4800100
28600,-200,1000,"sd","14:28:40",4799600
28600,-200,2000,"sd","14:28:40",4798600
28600,-200,200,"sd","14:28:40",4796600
28600,-200,700,"sd","14:28:40",4796400
28600,-200,100,"sd","14:28:40",4795700
28600,-200,100,"sd","14:28:40",4795600
28600,-200,10000,"sd","14:28:40",4795500
28600,-200,3000,"sd","14:28:40",4785500
28600,-200,10000,"sd","14:28:40",4782500
28600,-200,1000,"sd","14:28:40",4772500
28600,-200,100,"sd","14:28:40",4771500
28600,-200,200,"sd","14:28:40",4771400
28650,-150,800,"bu","14:28:38",4771200
28650,-150,600,"bu","14:28:37",4770400
28650,-150,100,"bu","14:28:29",4769800
28650,-150,500,"bu","14:28:25",4769700
28650,-150,1000,"sd","14:28:19",4769200
28650,-150,4800,"sd","14:28:19",4768200
28650,-150,2000,"sd","14:28:19",4763400
28650,-150,700,"sd","14:28:19",4761400
28650,-150,100,"sd","14:28:19",4760700
28650,-150,500,"sd","14:28:19",4760600
28650,-150,500,"sd","14:28:19",4760100
28650,-150,500,"sd","14:28:16",4759600
28650,-150,600,"sd","14:28:16",4759100
28650,-150,100,"sd","14:28:16",4758500
28650,-150,100,"sd","14:28:16",4758400
28650,-150,1700,"sd","14:28:16",4758300
28650,-150,3300,"sd","14:28:16",4756600
28650,-150,1000,"sd","14:28:16",4753300
28650,-150,100,"sd","14:28:16",4752300
28650,-150,600,"sd","14:28:16",4752200
28650,-150,1000,"sd","14:28:12",4751600
28700,-100,100,"bu","14:28:08",4750600
28700,-100,700,"bu","14:28:05",4750500
28700,-100,300,"bu","14:28:05",4749800
28700,-100,300,"bu","14:27:52",4749500
28700,-100,1400,"bu","14:27:47",4749200
28700,-100,1600,"bu","14:27:47",4747800
28700,-100,400,"bu","14:27:46",4746200
28650,-150,400,"sd","14:27:46",4745800
28650,-150,1000,"sd","14:27:46",4745400
28650,-150,200,"sd","14:27:46",4744400
28650,-150,3000,"sd","14:27:46",4744200
28650,-150,1000,"sd","14:27:46",4741200
28650,-150,1000,"sd","14:27:46",4740200
28650,-150,2000,"sd","14:27:46",4739200
28650,-150,26400,"sd","14:27:46",4737200
28700,-100,3000,"bu","14:27:44",4710800
28700,-100,1600,"bu","14:27:42",4707800
28700,-100,6300,"bu","14:27:42",4706200
28700,-100,1100,"bu","14:27:42",4699900
28700,-100,1000,"sd","14:27:12",4698800
28700,-100,4900,"sd","14:27:12",4697800
28700,-100,100,"sd","14:27:10",4692900
28700,-100,100,"sd","14:27:10",4692800
28700,-100,800,"sd","14:27:10",4692700
28700,-100,100,"sd","14:27:07",4691900
28700,-100,500,"bu","14:26:55",4691800
28700,-100,1000,"bu","14:26:55",4691300
28700,-100,700,"bu","14:26:55",4690300
28700,-100,600,"bu","14:26:55",4689600
28700,-100,300,"bu","14:26:55",4689000
28700,-100,600,"bu","14:26:55",4688700
28700,-100,400,"bu","14:26:55",4688100
28700,-100,2000,"bu","14:26:50",4687700
28700,-100,200,"bu","14:26:39",4685700
28700,-100,100,"bu","14:26:37",4685500
28700,-100,5000,"bu","14:26:31",4685400
28700,-100,500,"bu","14:26:26",4680400
28700,-100,400,"bu","14:26:26",4679900
28700,-100,100,"sd","14:26:13",4679500
28700,-100,100,"sd","14:26:12",4679400
28700,-100,1000,"sd","14:26:12",4679300
28700,-100,200,"sd","14:26:12",4678300
28700,-100,800,"sd","14:26:12",4678100
28700,-100,200,"sd","14:26:12",4677300
28700,-100,100,"sd","14:26:00",4677100
28700,-100,100,"sd","14:26:00",4677000
28700,-100,500,"sd","14:25:59",4676900
28700,-100,300,"sd","14:25:56",4676400
28700,-100,100,"sd","14:25:55",4676100
28700,-100,1000,"bu","14:25:53",4676000
28700,-100,500,"sd","14:25:50",4675000
28700,-100,1200,"sd","14:25:50",4674500
28700,-100,500,"bu","14:25:43",4673300
28700,-100,3300,"bu","14:25:43",4672800
28700,-100,1700,"bu","14:25:32",4669500
28700,-100,500,"bu","14:25:32",4667800
28700,-100,1600,"bu","14:25:32",4667300
28700,-100,200,"bu","14:25:32",4665700
28700,-100,100,"bu","14:25:31",4665500
28700,-100,500,"bu","14:25:31",4665400
28700,-100,400,"bu","14:25:31",4664900
28650,-150,1000,"sd","14:25:31",4664500
28700,-100,800,"bu","14:25:31",4663500
28700,-100,2800,"bu","14:25:28",4662700
28700,-100,2000,"bu","14:25:28",4659900
28700,-100,1000,"bu","14:25:28",4657900
28700,-100,200,"bu","14:25:28",4656900
28650,-150,500,"sd","14:25:27",4656700
28700,-100,300,"bu","14:25:09",4656200
28700,-100,300,"bu","14:25:09",4655900
28700,-100,1000,"bu","14:25:07",4655600
28650,-150,2100,"sd","14:25:06",4654600
28650,-150,500,"sd","14:25:06",4652500
28650,-150,100,"sd","14:25:06",4652000
28650,-150,300,"sd","14:25:06",4651900
28700,-100,500,"bu","14:24:48",4651600
28700,-100,600,"bu","14:24:48",4651100
28700,-100,200,"bu","14:24:43",4650500
28700,-100,200,"bu","14:24:43",4650300
28700,-100,300,"bu","14:24:43",4650100
28650,-150,700,"sd","14:24:42",4649800
28650,-150,500,"sd","14:24:42",4649100
28700,-100,100,"bu","14:24:40",4648600
28650,-150,500,"sd","14:24:40",4648500
28700,-100,500,"bu","14:24:34",4648000
28700,-100,1000,"bu","14:24:30",4647500
28700,-100,200,"bu","14:24:30",4646500
28700,-100,800,"bu","14:24:30",4646300
28650,-150,1000,"sd","14:24:25",4645500
28650,-150,100,"sd","14:24:25",4644500
28700,-100,5000,"bu","14:24:25",4644400
28700,-100,20000,"sd","14:24:13",4639400
28700,-100,4200,"sd","14:24:13",4619400
28700,-100,1000,"sd","14:24:13",4615200
28700,-100,9000,"sd","14:24:13",4614200
28700,-100,5800,"sd","14:24:11",4605200
28700,-100,700,"sd","14:24:11",4599400
28700,-100,800,"sd","14:24:10",4598700
28700,-100,1000,"sd","14:24:10",4597900
28700,-100,300,"sd","14:24:10",4596900
28700,-100,200,"sd","14:24:10",4596600
28700,-100,2000,"sd","14:23:56",4596400
28750,-50,100,"sd","14:23:55",4594400
28750,-50,4900,"sd","14:23:55",4594300
28800,0,500,"bu","14:23:45",4589400
28750,-50,100,"bu","14:23:42",4588900
28750,-50,200,"bu","14:23:41",4588800
28800,0,2000,"bu","14:23:36",4588600
28800,0,700,"bu","14:23:34",4586600
28800,0,100,"bu","14:23:34",4585900
28800,0,900,"bu","14:23:16",4585800
28800,0,500,"bu","14:23:16",4584900
28800,0,600,"bu","14:23:16",4584400
28750,-50,100,"bu","14:23:16",4583800
28750,-50,1000,"bu","14:23:16",4583700
28750,-50,1900,"bu","14:23:16",4582700
28750,-50,100,"bu","14:23:04",4580800
28700,-100,500,"sd","14:22:59",4580700
28700,-100,300,"sd","14:22:48",4580200
28700,-100,300,"bu","14:22:40",4579900
28700,-100,300,"bu","14:22:40",4579600
28700,-100,100,"bu","14:22:39",4579300
28700,-100,600,"bu","14:22:39",4579200
28700,-100,200,"bu","14:22:39",4578600
28700,-100,1000,"bu","14:22:39",4578400
28700,-100,1000,"bu","14:22:39",4577400
28700,-100,1200,"bu","14:22:39",4576400
28700,-100,1000,"bu","14:22:35",4575200
28650,-150,300,"sd","14:22:22",4574200
28700,-100,1800,"bu","14:22:18",4573900
28700,-100,200,"bu","14:22:18",4572100
28650,-150,100,"sd","14:22:17",4571900
28650,-150,500,"sd","14:22:17",4571800
28650,-150,500,"sd","14:22:17",4571300
28650,-150,1000,"sd","14:22:17",4570800
28650,-150,2000,"sd","14:22:17",4569800
28650,-150,500,"sd","14:22:17",4567800
28650,-150,1000,"sd","14:22:17",4567300
28650,-150,100,"sd","14:22:17",4566300
28700,-100,300,"bu","14:22:14",4566200
28700,-100,100,"bu","14:22:14",4565900
28700,-100,2000,"bu","14:22:14",4565800
28700,-100,100,"bu","14:22:14",4563800
28700,-100,800,"bu","14:22:14",4563700
28700,-100,5000,"bu","14:22:14",4562900
28700,-100,200,"bu","14:22:14",4557900
28650,-150,400,"sd","14:21:59",4557700
28650,-150,200,"sd","14:21:59",4557300
28650,-150,400,"sd","14:21:58",4557100
28650,-150,100,"sd","14:21:58",4556700
28650,-150,1900,"sd","14:21:58",4556600
28650,-150,100,"sd","14:21:56",4554700
28650,-150,100,"sd","14:21:56",4554600
28650,-150,100,"sd","14:21:52",4554500
28650,-150,400,"sd","14:21:52",4554400
28650,-150,100,"sd","14:21:49",4554000
28650,-150,500,"sd","14:21:49",4553900
28650,-150,100,"sd","14:21:49",4553400
28650,-150,1000,"sd","14:21:49",4553300
28650,-150,100,"sd","14:21:49",4552300
28650,-150,900,"sd","14:21:39",4552200
28650,-150,100,"sd","14:21:39",4551300
28650,-150,2000,"sd","14:21:39",4551200
28650,-150,8000,"sd","14:21:36",4549200
28650,-150,2000,"sd","14:21:36",4541200
28650,-150,100,"sd","14:21:36",4539200
28650,-150,100,"sd","14:21:36",4539100
28650,-150,1500,"sd","14:21:36",4539000
28650,-150,2000,"sd","14:21:36",4537500
28650,-150,1900,"sd","14:21:36",4535500
28650,-150,1900,"sd","14:21:36",4533600
28650,-150,100,"sd","14:21:11",4531700
28650,-150,1400,"sd","14:21:07",4531600
28650,-150,500,"sd","14:20:46",4530200
28650,-150,5000,"sd","14:20:41",4529700
28650,-150,1100,"sd","14:20:41",4524700
28650,-150,300,"sd","14:20:41",4523600
28650,-150,200,"sd","14:20:41",4523300
28650,-150,100,"sd","14:20:41",4523100
28650,-150,300,"sd","14:20:41",4523000
28650,-150,1500,"sd","14:20:38",4522700
28650,-150,600,"sd","14:20:28",4521200
28650,-150,1000,"sd","14:20:27",4520600
28650,-150,300,"sd","14:20:25",4519600
28650,-150,1300,"bu","14:20:21",4519300
28650,-150,700,"sd","14:20:21",4518000
28650,-150,2000,"sd","14:20:16",4517300
28650,-150,500,"bu","14:20:16",4515300
28650,-150,1000,"bu","14:20:16",4514800
28650,-150,200,"bu","14:20:16",4513800
28650,-150,500,"bu","14:20:14",4513600
28650,-150,4300,"bu","14:20:14",4513100
28650,-150,5700,"bu","14:20:14",4508800
28650,-150,500,"bu","14:20:07",4503100
28650,-150,3000,"bu","14:20:00",4502600
28650,-150,100,"bu","14:20:00",4499600
28650,-150,100,"bu","14:20:00",4499500
28650,-150,500,"bu","14:20:00",4499400
28650,-150,2000,"bu","14:20:00",4498900
28650,-150,3000,"bu","14:20:00",4496900
28650,-150,400,"sd","14:20:00",4493900
28650,-150,1000,"sd","14:20:00",4493500
28650,-150,5000,"sd","14:20:00",4492500
28650,-150,1000,"sd","14:20:00",4487500
28650,-150,4200,"sd","14:20:00",4486500
28650,-150,1600,"sd","14:20:00",4482300
28650,-150,100,"sd","14:20:00",4480700
28650,-150,100,"sd","14:20:00",4480600
28650,-150,1000,"sd","14:20:00",4480500
28650,-150,200,"sd","14:20:00",4479500
28650,-150,500,"sd","14:20:00",4479300
28650,-150,1000,"sd","14:19:52",4478800
28650,-150,400,"sd","14:19:48",4477800
28650,-150,500,"sd","14:19:48",4477400
28650,-150,1000,"sd","14:19:48",4476900
28650,-150,3100,"sd","14:19:48",4475900
28650,-150,1000,"sd","14:19:48",4472800
28650,-150,500,"sd","14:19:47",4471800
28650,-150,400,"sd","14:19:43",4471300
28650,-150,100,"sd","14:19:43",4470900
28650,-150,4500,"sd","14:19:43",4470800
28650,-150,500,"sd","14:19:40",4466300
28650,-150,4000,"sd","14:19:36",4465800
28650,-150,400,"sd","14:19:36",4461800
28650,-150,200,"sd","14:19:28",4461400
28650,-150,400,"sd","14:19:26",4461200
28650,-150,1600,"sd","14:19:26",4460800
28650,-150,100,"sd","14:19:24",4459200
28650,-150,300,"sd","14:19:24",4459100
28650,-150,500,"sd","14:19:12",4458800
28650,-150,4500,"sd","14:19:12",4458300
28650,-150,500,"sd","14:19:01",4453800
28650,-150,200,"sd","14:19:01",4453300
28700,-100,300,"bu","14:19:00",4453100
28700,-100,1200,"bu","14:19:00",4452800
28650,-150,2000,"sd","14:18:57",4451600
28650,-150,1000,"sd","14:18:57",4449600
28700,-100,200,"bu","14:18:46",4448600
28650,-150,1000,"sd","14:18:41",4448400
28650,-150,500,"sd","14:18:38",4447400
28650,-150,1000,"sd","14:18:38",4446900
28650,-150,600,"sd","14:18:38",4445900
28650,-150,900,"sd","14:18:38",4445300
28650,-150,1700,"sd","14:18:38",4444400
28650,-150,300,"sd","14:18:38",4442700
28650,-150,500,"sd","14:18:38",4442400
28650,-150,9100,"sd","14:18:36",4441900
28650,-150,900,"sd","14:18:36",4432800
28650,-150,500,"sd","14:18:31",4431900
28650,-150,1100,"sd","14:18:24",4431400
28650,-150,500,"sd","14:18:24",4430300
28650,-150,1000,"sd","14:18:24",4429800
28650,-150,2000,"sd","14:18:24",4428800
28650,-150,400,"sd","14:18:24",4426800
28650,-150,1000,"sd","14:18:21",4426400
28650,-150,400,"sd","14:18:16",4425400
28650,-150,100,"bu","14:18:13",4425000
28650,-150,1100,"bu","14:18:13",4424900
28600,-200,10000,"sd","14:18:11",4423800
28650,-150,300,"bu","14:18:08",4413800
28600,-200,500,"sd","14:18:01",4413500
28650,-150,2000,"bu","14:17:56",4413000
28600,-200,1300,"sd","14:17:55",4411000
28650,-150,600,"bu","14:17:54",4409700
28650,-150,400,"bu","14:17:54",4409100
28650,-150,400,"bu","14:17:52",4408700
28650,-150,500,"bu","14:17:52",4408300
28650,-150,100,"bu","14:17:52",4407800
28650,-150,100,"bu","14:17:52",4407700
28600,-200,500,"sd","14:17:47",4407600
28650,-150,1000,"bu","14:17:45",4407100
28650,-150,1400,"bu","14:17:44",4406100
28600,-200,200,"sd","14:17:43",4404700
28600,-200,3200,"sd","14:17:38",4404500
28650,-150,2000,"bu","14:17:37",4401300
28600,-200,10500,"sd","14:17:34",4399300
28600,-200,2500,"sd","14:17:33",4388800
28600,-200,5000,"sd","14:17:32",4386300
28650,-150,1000,"bu","14:17:32",4381300
28600,-200,500,"sd","14:17:30",4380300
28600,-200,14000,"sd","14:17:30",4379800
28600,-200,3300,"sd","14:17:30",4365800
28600,-200,500,"sd","14:17:30",4362500
28600,-200,2000,"sd","14:17:30",4362000
28600,-200,100,"sd","14:17:30",4360000
28600,-200,200,"sd","14:17:30",4359900
28650,-150,2000,"bu","14:17:29",4359700
28650,-150,1000,"bu","14:17:27",4357700
28650,-150,100,"bu","14:17:26",4356700
28650,-150,1300,"bu","14:17:26",4356600
28650,-150,500,"bu","14:17:26",4355300
28650,-150,200,"bu","14:17:26",4354800
28650,-150,800,"sd","14:17:21",4354600
28650,-150,1200,"sd","14:17:19",4353800
28650,-150,100,"sd","14:17:19",4352600
28650,-150,2000,"sd","14:17:19",4352500
28650,-150,500,"sd","14:17:19",4350500
28650,-150,600,"sd","14:17:19",4350000
28650,-150,100,"sd","14:17:19",4349400
28650,-150,5500,"sd","14:17:19",4349300
28650,-150,500,"sd","14:17:17",4343800
28650,-150,100,"sd","14:17:17",4343300
28650,-150,2000,"sd","14:17:17",4343200
28650,-150,500,"sd","14:17:17",4341200
28650,-150,6900,"sd","14:17:17",4340700
28650,-150,1000,"sd","14:17:14",4333800
28650,-150,5000,"sd","14:17:10",4332800
28650,-150,3000,"sd","14:17:10",4327800
28650,-150,1000,"sd","14:17:08",4324800
28650,-150,13100,"sd","14:17:00",4323800
28650,-150,500,"sd","14:17:00",4310700
28650,-150,500,"sd","14:17:00",4310200
28650,-150,100,"sd","14:17:00",4309700
28650,-150,5700,"sd","14:17:00",4309600
28650,-150,4300,"sd","14:16:57",4303900
28650,-150,5000,"sd","14:16:57",4299600
28650,-150,400,"sd","14:16:57",4294600
28650,-150,400,"sd","14:16:57",4294200
28650,-150,500,"sd","14:16:57",4293800
28650,-150,1000,"sd","14:16:57",4293300
28650,-150,2000,"sd","14:16:57",4292300
28650,-150,1400,"sd","14:16:57",4290300
28650,-150,1000,"sd","14:16:53",4288900
28700,-100,500,"bu","14:16:50",4287900
28650,-150,500,"sd","14:16:48",4287400
28700,-100,100,"bu","14:16:48",4286900
28700,-100,300,"bu","14:16:48",4286800
28650,-150,3100,"sd","14:16:42",4286500
28650,-150,200,"sd","14:16:42",4283400
28650,-150,100,"sd","14:16:42",4283200
28650,-150,100,"sd","14:16:42",4283100
28650,-150,500,"sd","14:16:42",4283000
28650,-150,400,"sd","14:16:32",4282500
28650,-150,500,"sd","14:16:32",4282100
28650,-150,4100,"sd","14:16:32",4281600
28650,-150,1500,"sd","14:16:26",4277500
28700,-100,600,"bu","14:16:21",4276000
28700,-100,4100,"bu","14:16:16",4275400
28650,-150,1000,"sd","14:16:16",4271300
28700,-100,3000,"bu","14:16:16",4270300
28650,-150,200,"sd","14:16:16",4267300
28700,-100,2000,"bu","14:16:16",4267100
28700,-100,900,"bu","14:16:16",4265100
28650,-150,400,"sd","14:16:16",4264200
28650,-150,100,"sd","14:16:16",4263800
28700,-100,200,"sd","14:15:42",4263700
28700,-100,1000,"sd","14:15:42",4263500
28700,-100,500,"sd","14:15:42",4262500
28700,-100,4400,"sd","14:15:42",4262000
28700,-100,300,"sd","14:15:42",4257600
28700,-100,100,"sd","14:15:42",4257300
28700,-100,500,"sd","14:15:42",4257200
28700,-100,100,"sd","14:15:42",4256700
28700,-100,5000,"sd","14:15:42",4256600
28700,-100,1000,"sd","14:15:42",4251600
28700,-100,500,"sd","14:15:42",4250600
28700,-100,1000,"sd","14:15:42",4250100
28700,-100,1100,"sd","14:15:38",4249100
28700,-100,3000,"sd","14:15:38",4248000
28700,-100,900,"sd","14:15:38",4245000
28700,-100,500,"sd","14:15:38",4244100
28700,-100,1000,"sd","14:15:38",4243600
28700,-100,800,"sd","14:15:37",4242600
28700,-100,100,"sd","14:15:36",4241800
28700,-100,900,"sd","14:15:35",4241700
28700,-100,100,"sd","14:15:35",4240800
28700,-100,1400,"sd","14:15:31",4240700
28700,-100,2000,"sd","14:15:31",4239300
28700,-100,3600,"sd","14:15:31",4237300
28700,-100,10000,"sd","14:15:29",4233700
28700,-100,2000,"sd","14:15:28",4223700
28700,-100,100,"sd","14:15:25",4221700
28750,-50,2500,"bu","14:15:20",4221600
28750,-50,2500,"bu","14:15:20",4219100
28700,-100,1300,"sd","14:15:18",4216600
28700,-100,5000,"sd","14:15:18",4215300
28700,-100,2600,"sd","14:15:18",4210300
28700,-100,100,"sd","14:15:18",4207700
28700,-100,6000,"sd","14:15:18",4207600
28700,-100,3300,"sd","14:15:18",4201600
28700,-100,100,"sd","14:15:18",4198300
28700,-100,200,"sd","14:15:18",4198200
28700,-100,1000,"sd","14:15:18",4198000
28750,-50,100,"sd","14:15:10",4197000
28750,-50,200,"sd","14:15:10",4196900
28750,-50,200,"sd","14:15:10",4196700
28750,-50,4000,"sd","14:15:10",4196500
28750,-50,6000,"sd","14:15:08",4192500
28750,-50,100,"sd","14:15:08",4186500
28750,-50,600,"sd","14:15:08",4186400
28750,-50,300,"sd","14:15:08",4185800
28750,-50,700,"sd","14:15:07",4185500
28750,-50,3900,"sd","14:15:07",4184800
28750,-50,100,"sd","14:15:07",4180900
28750,-50,300,"sd","14:15:07",4180800
28750,-50,2000,"sd","14:15:07",4180500
28750,-50,500,"sd","14:15:07",4178500
28750,-50,500,"sd","14:15:03",4178000
28750,-50,100,"sd","14:15:03",4177500
28750,-50,500,"sd","14:15:03",4177400
28750,-50,1000,"sd","14:14:46",4176900
28750,-50,4500,"sd","14:14:46",4175900
28750,-50,2000,"sd","14:14:46",4171400
28750,-50,1000,"sd","14:14:45",4169400
28750,-50,3000,"sd","14:14:36",4168400
28800,0,4400,"bu","14:14:30",4165400
28800,0,1100,"bu","14:14:30",4161000
28800,0,100,"sd","14:14:21",4159900
28800,0,200,"sd","14:14:21",4159800
28800,0,200,"sd","14:14:21",4159600
28800,0,1000,"sd","14:14:21",4159400
28800,0,400,"sd","14:14:21",4158400
28800,0,4600,"sd","14:14:18",4158000
28800,0,400,"sd","14:14:18",4153400
28800,0,600,"sd","14:14:16",4153000
28800,0,300,"sd","14:14:16",4152400
28800,0,100,"sd","14:14:16",4152100
28800,0,4000,"sd","14:14:16",4152000
28800,0,300,"sd","14:14:10",4148000
28800,0,600,"sd","14:14:09",4147700
28800,0,1000,"sd","14:14:09",4147100
28800,0,200,"sd","14:14:09",4146100
28800,0,2000,"sd","14:14:07",4145900
28800,0,1000,"sd","14:14:06",4143900
28800,0,7000,"sd","14:14:06",4142900
28800,0,600,"sd","14:14:06",4135900
28800,0,400,"sd","14:14:05",4135300
28800,0,4600,"sd","14:14:05",4134900
28800,0,400,"sd","14:13:59",4130300
28800,0,3600,"sd","14:13:59",4129900
28800,0,200,"sd","14:13:35",4126300
28800,0,1800,"sd","14:13:35",4126100
28850,50,4900,"bu","14:13:28",4124300
28850,50,11100,"sd","14:13:26",4119400
28850,50,3000,"sd","14:13:24",4108300
28850,50,100,"bu","14:13:22",4105300
28850,50,4800,"bu","14:13:22",4105200
28850,50,100,"bu","14:13:20",4100400
28850,50,100,"bu","14:13:20",4100300
28800,0,200,"sd","14:13:18",4100200
28800,0,100,"sd","14:13:18",4100000
28800,0,600,"sd","14:13:18",4099900
28850,50,1000,"bu","14:13:14",4099300
28850,50,3000,"bu","14:12:53",4098300
28850,50,5100,"sd","14:12:45",4095300
28850,50,500,"sd","14:12:45",4090200
28850,50,200,"bu","14:12:42",4089700
28850,50,200,"bu","14:12:42",4089500
28850,50,800,"bu","14:12:42",4089300
28850,50,100,"bu","14:12:42",4088500
28850,50,1500,"bu","14:12:42",4088400
28850,50,500,"bu","14:12:42",4086900
28850,50,500,"bu","14:12:42",4086400
28850,50,500,"bu","14:12:42",4085900
28850,50,2100,"bu","14:12:42",4085400
28850,50,300,"bu","14:12:06",4083300
28850,50,200,"bu","14:12:06",4083000
28850,50,900,"bu","14:12:06",4082800
28800,0,200,"sd","14:11:38",4081900
28800,0,1000,"sd","14:11:38",4081700
28800,0,300,"sd","14:11:38",4080700
28850,50,2100,"sd","14:11:32",4080400
28850,50,2000,"sd","14:11:25",4078300
28850,50,500,"sd","14:11:19",4076300
28850,50,1000,"sd","14:11:14",4075800
28850,50,1000,"sd","14:11:12",4074800
28850,50,1000,"sd","14:10:56",4073800
28850,50,1000,"sd","14:10:44",4072800
28850,50,2200,"sd","14:10:44",4071800
28850,50,800,"sd","14:10:44",4069600
28850,50,3000,"sd","14:10:44",4068800
28850,50,6900,"sd","14:10:44",4065800
28850,50,3100,"sd","14:10:08",4058900
28850,50,6900,"sd","14:10:08",4055800
28900,100,100,"bu","14:10:01",4048900
28850,50,100,"sd","14:10:01",4048800
28850,50,100,"sd","14:09:55",4048700
28850,50,2200,"bu","14:09:49",4048600
28850,50,700,"bu","14:09:49",4046400
28800,0,500,"sd","14:09:36",4045700
28800,0,300,"sd","14:09:36",4045200
28800,0,1000,"sd","14:09:36",4044900
28800,0,200,"sd","14:09:36",4043900
28850,50,300,"bu","14:09:32",4043700
28850,50,100,"bu","14:09:32",4043400
28850,50,1000,"bu","14:09:32",4043300
28850,50,3000,"bu","14:09:32",4042300
28850,50,100,"bu","14:09:32",4039300
28850,50,4800,"bu","14:09:32",4039200
28850,50,900,"bu","14:09:20",4034400
28850,50,5000,"bu","14:09:17",4033500
28850,50,500,"bu","14:08:45",4028500
28850,50,100,"bu","14:08:35",4028000
28850,50,300,"bu","14:08:31",4027900
28850,50,2000,"bu","14:08:29",4027600
28850,50,3400,"bu","14:08:05",4025600
28850,50,1500,"bu","14:08:05",4022200
28850,50,100,"bu","14:08:05",4020700
28850,50,100,"bu","14:07:55",4020600
28850,50,300,"bu","14:07:46",4020500
28850,50,100,"bu","14:07:45",4020200
28850,50,100,"bu","14:07:43",4020100
28850,50,800,"bu","14:07:43",4020000
28850,50,500,"bu","14:07:43",4019200
28850,50,700,"bu","14:07:43",4018700
28850,50,1000,"bu","14:07:41",4018000
28850,50,700,"bu","14:07:40",4017000
28850,50,1300,"bu","14:07:40",4016300
28850,50,200,"bu","14:07:38",4015000
28850,50,5000,"bu","14:07:37",4014800
28850,50,3500,"bu","14:07:28",4009800
28850,50,1100,"bu","14:07:28",4006300
28850,50,1000,"bu","14:07:28",4005200
28850,50,200,"bu","14:07:28",4004200
28850,50,200,"bu","14:07:28",4004000
28850,50,100,"bu","14:07:11",4003800
28800,0,1400,"sd","14:07:04",4003700
28850,50,100,"bu","14:06:54",4002300
28800,0,3000,"sd","14:06:40",4002200
28800,0,1000,"sd","14:06:40",3999200
28850,50,100,"bu","14:06:36",3998200
28850,50,200,"bu","14:06:36",3998100
28850,50,2000,"sd","14:05:39",3997900
28850,50,1300,"sd","14:05:39",3995900
28850,50,100,"sd","14:05:33",3994600
28850,50,500,"sd","14:05:29",3994500
28850,50,500,"sd","14:05:29",3994000
28850,50,100,"bu","14:05:14",3993500
28850,50,900,"sd","14:05:12",3993400
28850,50,100,"sd","14:05:07",3992500
28850,50,500,"sd","14:05:07",3992400
28850,50,400,"sd","14:05:07",3991900
28850,50,200,"sd","14:05:07",3991500
28850,50,400,"sd","14:04:58",3991300
28850,50,500,"sd","14:04:58",3990900
28850,50,100,"sd","14:04:58",3990400
28850,50,200,"sd","14:04:55",3990300
28850,50,300,"sd","14:04:32",3990100
28850,50,2000,"bu","14:03:39",3989800
28850,50,500,"bu","14:03:39",3987800
28850,50,100,"bu","14:03:33",3987300
28850,50,200,"bu","14:03:33",3987200
28850,50,1000,"bu","14:03:33",3987000
28850,50,1000,"bu","14:03:33",3986000
28850,50,500,"bu","14:03:33",3985000
28850,50,1000,"bu","14:03:33",3984500
28850,50,1200,"bu","14:03:33",3983500
28850,50,1800,"bu","14:03:07",3982300
28850,50,3200,"bu","14:03:07",3980500
28850,50,200,"bu","14:03:01",3977300
28850,50,1600,"bu","14:02:12",3977100
28850,50,2400,"bu","14:02:12",3975500
28850,50,100,"bu","14:02:01",3973100
28800,0,200,"sd","14:01:42",3973000
28800,0,500,"sd","14:01:32",3972800
28800,0,500,"sd","14:01:28",3972300
28800,0,300,"bu","14:01:21",3971800
28800,0,500,"bu","14:01:21",3971500
28800,0,2000,"bu","14:01:21",3971000
28800,0,3000,"bu","14:01:19",3969000
28800,0,100,"bu","14:01:19",3966000
28800,0,1000,"bu","14:01:19",3965900
28800,0,900,"bu","14:01:18",3964900
28800,0,6000,"bu","14:00:37",3964000
28800,0,100,"sd","14:00:28",3958000
28800,0,7000,"sd","14:00:28",3957900
28800,0,400,"sd","14:00:28",3950900
28800,0,1600,"sd","14:00:28",3950500
28800,0,2800,"sd","14:00:15",3948900
28800,0,1000,"sd","14:00:09",3946100
28800,0,200,"sd","13:59:46",3945100
28800,0,400,"bu","13:59:38",3944900
28800,0,600,"sd","13:59:34",3944500
28800,0,4400,"sd","13:59:33",3943900
28800,0,100,"sd","13:59:33",3939500
28800,0,400,"sd","13:59:33",3939400
28800,0,500,"sd","13:59:30",3939000
28800,0,100,"sd","13:59:15",3938500
28800,0,100,"sd","13:59:15",3938400
28800,0,1800,"sd","13:59:15",3938300
28800,0,1200,"sd","13:59:04",3936500
28800,0,3600,"sd","13:59:04",3935300
28800,0,200,"sd","13:59:04",3931700
28800,0,1000,"sd","13:59:04",3931500
28800,0,200,"sd","13:59:04",3930500
28800,0,200,"sd","13:59:04",3930300
28800,0,100,"sd","13:59:04",3930100
28800,0,3500,"sd","13:59:04",3930000
28800,0,200,"sd","13:59:00",3926500
28800,0,200,"sd","13:58:56",3926300
28800,0,5000,"sd","13:58:49",3926100
28800,0,300,"sd","13:58:45",3921100
28800,0,700,"sd","13:58:41",3920800
28800,0,100,"sd","13:58:20",3920100
28800,0,100,"sd","13:58:13",3920000
28850,50,100,"bu","13:58:05",3919900
28850,50,200,"bu","13:58:05",3919800
28850,50,3200,"bu","13:58:05",3919600
28850,50,300,"bu","13:57:38",3916400
28850,50,1000,"bu","13:57:38",3916100
28850,50,500,"bu","13:57:38",3915100
28850,50,1000,"sd","13:57:35",3914600
28850,50,100,"sd","13:57:06",3913600
28850,50,500,"bu","13:57:04",3913500
28850,50,100,"bu","13:57:04",3913000
28850,50,500,"bu","13:57:04",3912900
28850,50,300,"bu","13:57:04",3912400
28850,50,700,"bu","13:57:01",3912100
28850,50,500,"bu","13:57:01",3911400
28850,50,800,"bu","13:57:01",3910900
28850,50,200,"bu","13:56:38",3910100
28850,50,1000,"bu","13:56:34",3909900
28800,0,1000,"sd","13:56:22",3908900
28800,0,15000,"sd","13:56:02",3907900
28800,0,300,"sd","13:55:50",3892900
28800,0,8600,"sd","13:55:46",3892600
28800,0,200,"sd","13:55:46",3884000
28800,0,1000,"sd","13:55:46",3883800
28800,0,800,"sd","13:55:46",3882800
28800,0,400,"sd","13:55:46",3882000
28800,0,15000,"sd","13:55:34",3881600
28800,0,1000,"sd","13:55:34",3866600
28850,50,500,"bu","13:54:48",3865600
28850,50,200,"bu","13:54:46",3865100
28850,50,9700,"sd","13:53:46",3864900
28850,50,100,"sd","13:53:46",3855200
28850,50,200,"sd","13:53:46",3855100
28850,50,300,"sd","13:53:28",3854900
28850,50,1000,"bu","13:53:26",3854600
28850,50,500,"bu","13:53:26",3853600
28850,50,1000,"bu","13:53:26",3853100
28850,50,1900,"bu","13:53:26",3852100
28850,50,500,"bu","13:53:24",3850200
28850,50,100,"bu","13:53:14",3849700
28850,50,600,"sd","13:53:07",3849600
28850,50,1300,"sd","13:52:58",3849000
28850,50,200,"sd","13:52:58",3847700
28850,50,500,"sd","13:52:58",3847500
28900,100,500,"bu","13:52:53",3847000
28850,50,500,"sd","13:52:47",3846500
28850,50,2000,"sd","13:52:40",3846000
28850,50,2000,"sd","13:52:30",3844000
28800,0,1000,"sd","13:51:56",3842000
28800,0,1000,"sd","13:51:55",3841000
28800,0,200,"sd","13:51:40",3840000
28800,0,6400,"sd","13:51:24",3839800
28800,0,600,"sd","13:51:24",3833400
28800,0,8000,"sd","13:51:24",3832800
28800,0,2700,"sd","13:51:18",3824800
28800,0,500,"sd","13:51:18",3822100
28900,100,100,"bu","13:51:02",3821600
28900,100,500,"bu","13:51:02",3821500
28900,100,200,"bu","13:51:02",3821000
28900,100,100,"bu","13:51:02",3820800
28900,100,200,"bu","13:51:02",3820700
28900,100,100,"bu","13:51:02",3820500
28900,100,1000,"bu","13:51:02",3820400
28900,100,3500,"bu","13:51:02",3819400
28850,50,100,"bu","13:51:02",3815900
28850,50,200,"bu","13:51:02",3815800
28850,50,3000,"bu","13:51:02",3815600
28850,50,11000,"bu","13:51:02",3812600
28800,0,1300,"sd","13:51:00",3801600
28850,50,9100,"bu","13:50:58",3800300
28850,50,900,"bu","13:50:58",3791200
28800,0,1900,"sd","13:50:58",3790300
28800,0,500,"sd","13:50:54",3788400
28800,0,1000,"sd","13:50:44",3787900
28800,0,500,"sd","13:50:42",3786900
28800,0,100,"sd","13:50:41",3786400
28800,0,300,"sd","13:50:35",3786300
28850,50,100,"bu","13:50:34",3786000
28850,50,900,"bu","13:50:34",3785900
28800,0,500,"bu","13:50:25",3785000
28800,0,500,"sd","13:50:23",3784500
28800,0,800,"sd","13:50:21",3784000
28800,0,100,"sd","13:50:21",3783200
28800,0,500,"sd","13:50:18",3783100
28800,0,700,"sd","13:50:16",3782600
28800,0,100,"sd","13:50:16",3781900
28800,0,200,"sd","13:50:16",3781800
28800,0,800,"sd","13:50:10",3781600
28800,0,500,"sd","13:50:10",3780800
28800,0,400,"sd","13:50:10",3780300
28800,0,100,"sd","13:50:10",3779900
28800,0,100,"sd","13:50:10",3779800
28800,0,500,"sd","13:50:10",3779700
28800,0,7000,"sd","13:50:10",3779200
28800,0,200,"sd","13:50:10",3772200
28800,0,400,"sd","13:50:10",3772000
28800,0,500,"sd","13:50:10",3771600
28800,0,100,"sd","13:49:56",3771100
28850,50,100,"sd","13:49:52",3771000
28850,50,6000,"sd","13:49:52",3770900
28850,50,200,"sd","13:49:52",3764900
28850,50,400,"sd","13:49:52",3764700
28850,50,200,"sd","13:49:50",3764300
28850,50,100,"sd","13:49:50",3764100
28850,50,700,"sd","13:49:50",3764000
28850,50,2000,"sd","13:49:48",3763300
28850,50,2000,"sd","13:49:46",3761300
28850,50,2300,"sd","13:49:45",3759300
28850,50,1000,"sd","13:49:43",3757000
28850,50,2000,"sd","13:49:42",3756000
28850,50,500,"sd","13:49:42",3754000
28850,50,2500,"sd","13:49:42",3753500
28850,50,500,"sd","13:49:31",3751000
28850,50,2000,"sd","13:49:27",3750500
28850,50,18000,"sd","13:49:27",3748500
28850,50,1000,"sd","13:49:23",3730500
28900,100,500,"sd","13:48:57",3729500
28900,100,1000,"sd","13:48:57",3729000
28900,100,5000,"sd","13:48:56",3728000
28900,100,1000,"sd","13:48:55",3723000
28900,100,100,"sd","13:48:55",3722000
28900,100,500,"sd","13:48:55",3721900
28900,100,100,"sd","13:48:55",3721400
28900,100,200,"sd","13:48:55",3721300
28900,100,300,"sd","13:48:55",3721100
28900,100,100,"sd","13:48:55",3720800
28900,100,200,"sd","13:48:55",3720700
28900,100,100,"sd","13:48:55",3720500
28900,100,400,"sd","13:48:55",3720400
28950,150,2000,"sd","13:48:47",3720000
28950,150,1000,"sd","13:48:46",3718000
28950,150,100,"sd","13:48:43",3717000
28950,150,300,"sd","13:48:41",3716900
28950,150,600,"sd","13:48:38",3716600
28950,150,1000,"sd","13:48:35",3716000
28950,150,600,"sd","13:48:35",3715000
28950,150,9000,"sd","13:48:35",3714400
28950,150,100,"sd","13:48:35",3705400
28950,150,1000,"sd","13:48:35",3705300
28950,150,200,"sd","13:48:35",3704300
28950,150,500,"sd","13:48:35",3704100
28950,150,5000,"sd","13:48:35",3703600
28950,150,100,"sd","13:48:35",3698600
28950,150,500,"sd","13:48:35",3698500
28950,150,500,"sd","13:48:35",3698000
28950,150,6500,"sd","13:48:35",3697500
28950,150,1000,"sd","13:48:34",3691000
29000,200,300,"bu","13:48:32",3690000
29000,200,100,"bu","13:48:14",3689700
28950,150,200,"sd","13:48:13",3689600
29000,200,100,"sd","13:47:53",3689400
29000,200,100,"sd","13:47:53",3689300
29000,200,5000,"sd","13:47:53",3689200
29000,200,5000,"sd","13:47:53",3684200
29000,200,1000,"sd","13:47:53",3679200
29000,200,100,"sd","13:47:53",3678200
29000,200,500,"sd","13:47:49",3678100
29000,200,400,"sd","13:47:48",3677600
29000,200,100,"sd","13:47:48",3677200
29000,200,200,"sd","13:47:48",3677100
29000,200,4800,"sd","13:47:47",3676900
29000,200,400,"sd","13:47:47",3672100
29000,200,600,"sd","13:47:47",3671700
29000,200,400,"sd","13:47:47",3671100
29000,200,100,"sd","13:47:47",3670700
29000,200,100,"sd","13:47:45",3670600
29000,200,300,"sd","13:47:43",3670500
29000,200,1000,"sd","13:47:43",3670200
29000,200,500,"sd","13:47:43",3669200
29000,200,400,"sd","13:47:43",3668700
29000,200,300,"sd","13:47:43",3668300
29000,200,2000,"sd","13:47:43",3668000
29000,200,10000,"sd","13:47:43",3666000
29000,200,500,"sd","13:47:43",3656000
29000,200,35000,"sd","13:47:43",3655500
29000,200,200,"sd","13:47:42",3620500
29000,200,100,"sd","13:47:42",3620300
29000,200,1000,"sd","13:47:40",3620200
29000,200,10000,"sd","13:47:39",3619200
29000,200,500,"sd","13:47:37",3609200
29000,200,300,"sd","13:47:34",3608700
29000,200,400,"sd","13:47:33",3608400
29000,200,1000,"sd","13:47:31",3608000
29000,200,1400,"sd","13:47:30",3607000
29000,200,100,"sd","13:47:29",3605600
29050,250,5000,"bu","13:47:25",3605500
29000,200,200,"sd","13:47:09",3600500
29050,250,500,"bu","13:47:00",3600300
29050,250,500,"unknown","13:47:00",3599800
29050,250,600,"sd","13:47:00",3599300
29050,250,2400,"sd","13:46:59",3598700
29050,250,2100,"sd","13:46:59",3596300
29100,300,300,"bu","13:46:57",3594200
29050,250,900,"sd","13:46:55",3593900
29050,250,400,"sd","13:46:55",3593000
29050,250,700,"sd","13:46:55",3592600
29050,250,100,"sd","13:46:54",3591900
29050,250,100,"sd","13:46:51",3591800
29050,250,200,"sd","13:46:49",3591700
29050,250,800,"sd","13:46:49",3591500
29050,250,100,"sd","13:46:48",3590700
29050,250,200,"sd","13:46:44",3590600
29050,250,900,"sd","13:46:44",3590400
29050,250,100,"sd","13:46:39",3589500
29100,300,200,"bu","13:46:35",3589400
29050,250,100,"sd","13:46:35",3589200
29050,250,200,"sd","13:46:31",3589100
29050,250,1000,"sd","13:46:30",3588900
29050,250,100,"sd","13:46:25",3587900
29050,250,500,"sd","13:46:23",3587800
29050,250,2100,"sd","13:46:20",3587300
29050,250,500,"sd","13:46:01",3585200
29050,250,400,"bu","13:45:59",3584700
29050,250,5000,"bu","13:45:59",3584300
29050,250,200,"bu","13:45:59",3579300
29050,250,100,"bu","13:45:59",3579100
29050,250,2000,"bu","13:45:59",3579000
29050,250,200,"bu","13:45:59",3577000
29050,250,600,"bu","13:45:59",3576800
29050,250,500,"bu","13:45:59",3576200
29050,250,600,"bu","13:45:59",3575700
29050,250,1400,"bu","13:45:59",3575100
29050,250,100,"bu","13:45:59",3573700
29050,250,100,"bu","13:45:59",3573600
29050,250,100,"bu","13:45:59",3573500
29050,250,500,"bu","13:45:59",3573400
29050,250,800,"bu","13:45:59",3572900
29050,250,100,"bu","13:45:59",3572100
29050,250,200,"bu","13:45:59",3572000
29050,250,500,"bu","13:45:59",3571800
29000,200,500,"sd","13:45:58",3571300
29000,200,12000,"sd","13:45:46",3570800
29000,200,3400,"sd","13:45:44",3558800
29000,200,3000,"bu","13:45:41",3555400
29000,200,2000,"bu","13:45:41",3552400
28950,150,2300,"sd","13:45:41",3550400
28950,150,200,"sd","13:45:41",3548100
28950,150,1500,"sd","13:45:41",3547900
29000,200,1600,"bu","13:45:40",3546400
29000,200,100,"bu","13:45:40",3544800
29000,200,300,"bu","13:45:40",3544700
29000,200,700,"bu","13:45:40",3544400
29000,200,300,"bu","13:45:40",3543700
29000,200,100,"bu","13:45:40",3543400
29000,200,100,"bu","13:45:38",3543300
29000,200,1000,"bu","13:45:38",3543200
29000,200,1600,"bu","13:45:38",3542200
29000,200,100,"bu","13:45:38",3540600
29000,200,100,"bu","13:45:38",3540500
29000,200,500,"bu","13:45:38",3540400
29000,200,100,"bu","13:45:38",3539900
29000,200,200,"bu","13:45:38",3539800
29000,200,1000,"bu","13:45:38",3539600
29000,200,500,"bu","13:45:38",3538600
29000,200,200,"bu","13:45:38",3538100
29000,200,2400,"bu","13:45:38",3537900
29000,200,500,"bu","13:45:38",3535500
29000,200,100,"bu","13:45:38",3535000
29000,200,500,"bu","13:45:38",3534900
29000,200,500,"bu","13:45:38",3534400
29000,200,100,"bu","13:45:38",3533900
29000,200,500,"bu","13:45:38",3533800
29000,200,1000,"bu","13:45:38",3533300
29000,200,1500,"bu","13:45:38",3532300
29000,200,200,"bu","13:45:35",3530800
29000,200,3400,"bu","13:45:35",3530600
29000,200,500,"bu","13:45:35",3527200
29000,200,300,"bu","13:45:35",3526700
29000,200,500,"bu","13:45:35",3526400
29000,200,500,"bu","13:45:35",3525900
29000,200,100,"bu","13:45:35",3525400
29000,200,100,"bu","13:45:35",3525300
29000,200,500,"bu","13:45:35",3525200
29000,200,1000,"bu","13:45:35",3524700
29000,200,200,"bu","13:45:35",3523700
29000,200,4000,"bu","13:45:35",3523500
29000,200,200,"bu","13:45:35",3519500
29000,200,1400,"bu","13:45:35",3519300
29000,200,1700,"bu","13:45:35",3517900
29000,200,200,"bu","13:45:35",3516200
29000,200,2000,"bu","13:45:35",3516000
29000,200,500,"bu","13:45:35",3514000
29000,200,10000,"bu","13:45:35",3513500
29000,200,100,"bu","13:45:34",3503500
29000,200,100,"bu","13:45:34",3503400
29000,200,300,"bu","13:45:34",3503300
29000,200,200,"bu","13:45:34",3503000
29000,200,200,"bu","13:45:34",3502800
29000,200,500,"bu","13:45:34",3502600
29000,200,1000,"bu","13:45:34",3502100
29000,200,1000,"bu","13:45:34",3501100
29000,200,200,"bu","13:45:34",3500100
29000,200,1000,"bu","13:45:34",3499900
29000,200,4000,"bu","13:45:34",3498900
29000,200,1000,"bu","13:45:34",3494900
29000,200,1000,"bu","13:45:34",3493900
29000,200,5000,"bu","13:45:34",3492900
29000,200,100,"bu","13:45:34",3487900
29000,200,500,"bu","13:45:34",3487800
29000,200,200,"bu","13:45:34",3487300
29000,200,500,"bu","13:45:34",3487100
29000,200,1000,"bu","13:45:34",3486600
29000,200,300,"bu","13:45:32",3485600
29000,200,300,"bu","13:45:32",3485300
29000,200,800,"bu","13:45:27",3485000
29000,200,5000,"bu","13:45:27",3484200
29000,200,1000,"bu","13:45:24",3479200
29000,200,1600,"bu","13:45:22",3478200
29000,200,1000,"bu","13:45:22",3476600
29000,200,300,"bu","13:45:22",3475600
29000,200,1000,"bu","13:45:22",3475300
29000,200,100,"bu","13:45:22",3474300
29000,200,6000,"bu","13:45:22",3474200
29000,200,3000,"bu","13:45:21",3468200
29000,200,300,"bu","13:45:17",3465200
29000,200,200,"bu","13:45:16",3464900
29000,200,1500,"bu","13:45:15",3464700
29000,200,100,"bu","13:45:13",3463200
29000,200,100,"bu","13:45:11",3463100
29000,200,4800,"bu","13:45:10",3463000
29000,200,6000,"bu","13:45:01",3458200
29000,200,2000,"bu","13:45:00",3452200
29000,200,500,"bu","13:45:00",3450200
29000,200,200,"bu","13:44:41",3449700
29000,200,500,"bu","13:44:41",3449500
29000,200,1000,"bu","13:44:31",3449000
29000,200,13800,"bu","13:44:27",3448000
29000,200,500,"bu","13:44:27",3434200
29000,200,1000,"bu","13:44:27",3433700
29000,200,2000,"bu","13:44:27",3432700
29000,200,500,"bu","13:44:27",3430700
29000,200,100,"bu","13:44:27",3430200
29000,200,1000,"bu","13:44:27",3430100
29000,200,700,"bu","13:44:27",3429100
29000,200,1000,"bu","13:44:27",3428400
29000,200,100,"bu","13:44:27",3427400
29000,200,500,"bu","13:44:26",3427300
29000,200,3000,"bu","13:44:26",3426800
29000,200,100,"bu","13:44:26",3423800
29000,200,500,"bu","13:44:26",3423700
29000,200,200,"bu","13:44:26",3423200
29000,200,300,"bu","13:44:26",3423000
29000,200,100,"bu","13:44:23",3422700
29000,200,600,"bu","13:44:20",3422600
29000,200,100,"bu","13:44:20",3422000
29000,200,100,"bu","13:44:20",3421900
29000,200,1700,"bu","13:44:20",3421800
29000,200,200,"bu","13:44:12",3420100
29000,200,500,"bu","13:43:45",3419900
29000,200,400,"bu","13:43:41",3419400
28950,150,100,"sd","13:43:41",3419000
28950,150,700,"sd","13:43:38",3418900
29000,200,1000,"bu","13:43:38",3418200
28950,150,1000,"sd","13:43:36",3417200
28950,150,1000,"sd","13:43:34",3416200
28950,150,200,"sd","13:43:00",3415200
29000,200,100,"bu","13:42:59",3415000
29000,200,1000,"bu","13:42:46",3414900
29000,200,500,"bu","13:42:46",3413900
29000,200,500,"bu","13:42:46",3413400
28950,150,500,"sd","13:42:41",3412900
29000,200,100,"bu","13:42:38",3412400
28950,150,1000,"sd","13:42:24",3412300
28950,150,100,"bu","13:42:19",3411300
28950,150,1000,"bu","13:42:19",3411200
28950,150,500,"bu","13:42:19",3410200
28950,150,100,"bu","13:42:19",3409700
28950,150,2300,"bu","13:42:19",3409600
28950,150,1500,"bu","13:42:19",3407300
28950,150,500,"bu","13:42:16",3405800
28950,150,1800,"bu","13:42:16",3405300
28950,150,500,"bu","13:42:14",3403500
28950,150,3400,"bu","13:42:10",3403000
28950,150,500,"bu","13:42:10",3399600
28950,150,1100,"bu","13:42:10",3399100
28950,150,3900,"bu","13:42:02",3398000
28950,150,2000,"bu","13:42:02",3394100
28950,150,3000,"bu","13:42:02",3392100
28950,150,2000,"bu","13:42:02",3389100
28950,150,400,"bu","13:42:02",3387100
28950,150,100,"bu","13:42:02",3386700
28950,150,200,"bu","13:42:02",3386600
28950,150,500,"bu","13:42:02",3386400
28950,150,1000,"bu","13:42:02",3385900
28950,150,1900,"bu","13:42:02",3384900
28950,150,500,"bu","13:42:01",3383000
28950,150,1000,"bu","13:41:59",3382500
28950,150,100,"bu","13:41:45",3381500
28950,150,2000,"bu","13:41:44",3381400
28950,150,5000,"bu","13:41:40",3379400
28950,150,500,"bu","13:41:37",3374400
28900,100,400,"sd","13:41:23",3373900
28900,100,100,"sd","13:40:53",3373500
28900,100,100,"sd","13:40:50",3373400
28900,100,200,"sd","13:40:50",3373300
28900,100,1500,"sd","13:40:50",3373100
28900,100,300,"sd","13:40:50",3371600
28900,100,2000,"sd","13:40:50",3371300
28900,100,3000,"sd","13:40:46",3369300
28950,150,100,"bu","13:40:46",3366300
28950,150,200,"bu","13:40:46",3366200
28950,150,200,"bu","13:40:46",3366000
28950,150,200,"bu","13:40:46",3365800
28950,150,1000,"bu","13:40:46",3365600
28950,150,500,"bu","13:40:46",3364600
28900,100,3800,"bu","13:40:39",3364100
28900,100,1000,"bu","13:40:39",3360300
28900,100,100,"bu","13:40:39",3359300
28900,100,300,"bu","13:40:39",3359200
28900,100,1000,"bu","13:40:39",3358900
28900,100,3800,"bu","13:40:39",3357900
28900,100,500,"bu","13:40:39",3354100
28900,100,1500,"bu","13:40:39",3353600
28900,100,1000,"bu","13:40:39",3352100
28900,100,1000,"bu","13:40:39",3351100
28900,100,1000,"bu","13:40:39",3350100
28900,100,1200,"bu","13:40:37",3349100
28900,100,300,"bu","13:40:37",3347900
28900,100,200,"bu","13:40:37",3347600
28900,100,800,"bu","13:40:37",3347400
28900,100,200,"bu","13:40:37",3346600
28900,100,800,"bu","13:40:37",3346400
28900,100,1000,"bu","13:40:35",3345600
28900,100,2000,"bu","13:40:33",3344600
28900,100,1200,"bu","13:40:29",3342600
28900,100,300,"bu","13:40:29",3341400
28900,100,1000,"bu","13:40:29",3341100
28900,100,100,"bu","13:40:29",3340100
28900,100,1000,"bu","13:40:29",3340000
28900,100,500,"bu","13:40:29",3339000
28900,100,600,"bu","13:40:29",3338500
28900,100,100,"bu","13:40:29",3337900
28900,100,200,"bu","13:40:29",3337800
28900,100,500,"bu","13:40:29",3337600
28900,100,5000,"bu","13:40:29",3337100
28900,100,800,"bu","13:40:29",3332100
28900,100,13700,"bu","13:40:29",3331300
28900,100,10000,"bu","13:40:29",3317600
28900,100,1000,"bu","13:40:29",3307600
28900,100,100,"bu","13:40:25",3306600
28900,100,1200,"bu","13:40:23",3306500
28900,100,100,"bu","13:40:23",3305300
28900,100,500,"bu","13:40:23",3305200
28900,100,2000,"bu","13:40:12",3304700
28900,100,400,"bu","13:40:09",3302700
28900,100,1000,"bu","13:40:03",3302300
28900,100,1100,"bu","13:39:46",3301300
28900,100,900,"bu","13:39:46",3300200
28900,100,100,"bu","13:39:44",3299300
28900,100,1000,"bu","13:39:37",3299200
28900,100,1000,"bu","13:39:36",3298200
28900,100,1200,"bu","13:39:19",3297200
28900,100,3000,"bu","13:39:18",3296000
28900,100,100,"bu","13:39:08",3293000
28900,100,400,"bu","13:39:00",3292900
28900,100,2300,"bu","13:38:58",3292500
28900,100,700,"bu","13:38:58",3290200
28900,100,1300,"bu","13:38:54",3289500
28900,100,300,"bu","13:38:54",3288200
28900,100,500,"bu","13:38:54",3287900
28900,100,1000,"bu","13:38:54",3287400
28900,100,100,"bu","13:38:54",3286400
28900,100,300,"bu","13:38:54",3286300
28900,100,700,"bu","13:38:51",3286000
28900,100,200,"bu","13:38:51",3285300
28900,100,3100,"bu","13:38:51",3285100
28900,100,1000,"bu","13:38:37",3282000
28850,50,200,"bu","13:38:25",3281000
28850,50,800,"bu","13:38:25",3280800
28850,50,3000,"bu","13:38:24",3280000
28850,50,1200,"bu","13:38:23",3277000
28850,50,5000,"bu","13:38:23",3275800
28850,50,200,"bu","13:38:23",3270800
28850,50,1000,"bu","13:38:23",3270600
28850,50,2600,"bu","13:38:23",3269600
28850,50,1000,"bu","13:38:22",3267000
28850,50,3000,"bu","13:38:21",3266000
28850,50,1700,"bu","13:38:14",3263000
28850,50,300,"bu","13:38:14",3261300
28850,50,1000,"bu","13:38:10",3261000
28850,50,4000,"bu","13:38:10",3260000
28850,50,1000,"bu","13:38:09",3256000
28850,50,900,"bu","13:38:09",3255000
28800,0,100,"sd","13:38:01",3254100
28800,0,5000,"bu","13:37:57",3254000
28800,0,100,"bu","13:37:57",3249000
28800,0,500,"bu","13:37:57",3248900
28800,0,3000,"bu","13:37:57",3248400
28800,0,1000,"bu","13:37:57",3245400
28800,0,400,"bu","13:37:57",3244400
28800,0,10000,"bu","13:37:57",3244000
28800,0,3000,"bu","13:37:57",3234000
28800,0,400,"bu","13:37:57",3231000
28800,0,5000,"bu","13:37:57",3230600
28800,0,5000,"bu","13:37:57",3225600
28800,0,100,"bu","13:37:57",3220600
28800,0,1000,"bu","13:37:56",3220500
28800,0,1000,"bu","13:37:53",3219500
28800,0,2900,"bu","13:37:50",3218500
28800,0,7100,"bu","13:37:50",3215600
28800,0,500,"bu","13:37:49",3208500
28800,0,1000,"bu","13:37:48",3208000
28800,0,9500,"bu","13:37:45",3207000
28800,0,1000,"bu","13:37:41",3197500
28800,0,900,"bu","13:37:38",3196500
28800,0,500,"bu","13:37:38",3195600
28800,0,500,"bu","13:37:38",3195100
28800,0,1500,"bu","13:37:38",3194600
28800,0,300,"bu","13:37:38",3193100
28800,0,500,"bu","13:37:38",3192800
28800,0,800,"bu","13:37:38",3192300
28800,0,200,"bu","13:37:36",3191500
28800,0,1200,"bu","13:37:33",3191300
28800,0,500,"bu","13:37:30",3190100
28800,0,200,"bu","13:37:29",3189600
28800,0,1000,"bu","13:37:25",3189400
28800,0,1100,"bu","13:37:20",3188400
28800,0,1000,"bu","13:37:20",3187300
28800,0,1000,"bu","13:37:20",3186300
28800,0,100,"bu","13:37:20",3185300
28800,0,400,"bu","13:37:00",3185200
28800,0,2000,"bu","13:37:00",3184800
28800,0,1000,"bu","13:37:00",3182800
28800,0,100,"bu","13:37:00",3181800
28750,-50,200,"sd","13:36:55",3181700
28750,-50,100,"sd","13:36:55",3181500
28750,-50,400,"sd","13:36:55",3181400
28750,-50,600,"sd","13:36:48",3181000
28750,-50,300,"sd","13:36:48",3180400
28800,0,400,"bu","13:36:47",3180100
28800,0,500,"bu","13:36:47",3179700
28800,0,100,"bu","13:36:47",3179200
28800,0,2000,"bu","13:36:38",3179100
28750,-50,600,"sd","13:36:36",3177100
28750,-50,4400,"sd","13:36:36",3176500
28750,-50,2000,"sd","13:36:36",3172100
28800,0,100,"bu","13:36:28",3170100
28800,0,300,"bu","13:36:10",3170000
28800,0,2000,"bu","13:36:10",3169700
28800,0,400,"bu","13:35:57",3167700
28800,0,600,"bu","13:35:57",3167300
28800,0,1000,"bu","13:35:54",3166700
28750,-50,1000,"sd","13:35:37",3165700
28750,-50,1000,"sd","13:35:36",3164700
28750,-50,2000,"bu","13:35:19",3163700
28750,-50,100,"bu","13:35:19",3161700
28750,-50,1000,"bu","13:35:19",3161600
28750,-50,2000,"bu","13:35:19",3160600
28750,-50,100,"bu","13:35:19",3158600
28750,-50,10000,"bu","13:35:19",3158500
28750,-50,500,"bu","13:35:19",3148500
28750,-50,1000,"bu","13:35:19",3148000
28750,-50,3200,"bu","13:35:19",3147000
28750,-50,100,"bu","13:35:19",3143800
28750,-50,1500,"bu","13:35:19",3143700
28750,-50,100,"bu","13:35:19",3142200
28750,-50,1800,"bu","13:35:15",3142100
28750,-50,1000,"bu","13:35:12",3140300
28750,-50,1000,"bu","13:35:07",3139300
28750,-50,1000,"bu","13:35:00",3138300
28750,-50,2000,"bu","13:34:29",3137300
28750,-50,100,"bu","13:34:21",3135300
28700,-100,100,"sd","13:34:15",3135200
28700,-100,200,"sd","13:34:15",3135100
28700,-100,1100,"sd","13:33:56",3134900
28700,-100,900,"sd","13:33:56",3133800
28750,-50,500,"bu","13:33:46",3132900
28750,-50,100,"bu","13:33:33",3132400
28700,-100,2000,"sd","13:33:17",3132300
28700,-100,300,"sd","13:33:17",3130300
28700,-100,600,"sd","13:33:17",3130000
28700,-100,100,"sd","13:33:17",3129400
28700,-100,2000,"sd","13:33:17",3129300
28700,-100,1000,"bu","13:33:07",3127300
28700,-100,600,"bu","13:33:06",3126300
28700,-100,9400,"bu","13:33:04",3125700
28700,-100,600,"bu","13:33:04",3116300
28700,-100,1400,"bu","13:33:02",3115700
28700,-100,600,"bu","13:33:02",3114300
28700,-100,500,"bu","13:33:02",3113700
28700,-100,1000,"bu","13:33:02",3113200
28700,-100,1500,"bu","13:33:02",3112200
28700,-100,200,"bu","13:33:00",3110700
28700,-100,2000,"bu","13:33:00",3110500
28700,-100,500,"bu","13:32:55",3108500
28700,-100,5000,"bu","13:32:55",3108000
28700,-100,1100,"bu","13:32:55",3103000
28700,-100,10000,"bu","13:32:55",3101900
28700,-100,300,"bu","13:32:48",3091900
28650,-150,200,"sd","13:32:42",3091600
28700,-100,200,"bu","13:32:27",3091400
28700,-100,2000,"bu","13:32:26",3091200
28700,-100,1900,"bu","13:32:23",3089200
28700,-100,100,"bu","13:32:19",3087300
28700,-100,3000,"bu","13:32:12",3087200
28700,-100,100,"bu","13:32:11",3084200
28700,-100,1000,"bu","13:31:59",3084100
28700,-100,200,"bu","13:31:50",3083100
28700,-100,4800,"bu","13:31:50",3082900
28650,-150,300,"sd","13:31:46",3078100
28650,-150,200,"sd","13:31:46",3077800
28700,-100,300,"bu","13:31:34",3077600
28650,-150,500,"sd","13:31:25",3077300
28650,-150,200,"sd","13:31:25",3076800
28650,-150,800,"sd","13:31:25",3076600
28650,-150,200,"sd","13:31:00",3075800
28650,-150,100,"sd","13:30:15",3075600
28700,-100,200,"bu","13:29:44",3075500
28650,-150,500,"sd","13:29:40",3075300
28650,-150,5000,"sd","13:29:30",3074800
28650,-150,200,"sd","13:29:30",3069800
28650,-150,400,"sd","13:29:30",3069600
28650,-150,100,"sd","13:29:30",3069200
28650,-150,1700,"sd","13:29:27",3069100
28650,-150,500,"sd","13:29:27",3067400
28650,-150,2800,"sd","13:29:27",3066900
28650,-150,1000,"sd","13:29:24",3064100
28650,-150,200,"sd","13:28:42",3063100
28650,-150,200,"sd","13:28:36",3062900
28650,-150,1000,"sd","13:28:25",3062700
28650,-150,800,"sd","13:28:22",3061700
28650,-150,4200,"sd","13:28:22",3060900
28650,-150,800,"sd","13:28:21",3056700
28650,-150,200,"sd","13:28:04",3055900
28650,-150,4800,"sd","13:28:03",3055700
28650,-150,5200,"sd","13:28:03",3050900
28650,-150,100,"sd","13:28:01",3045700
28650,-150,1900,"sd","13:27:45",3045600
28650,-150,700,"sd","13:27:45",3043700
28650,-150,100,"sd","13:27:45",3043000
28650,-150,2000,"sd","13:27:45",3042900
28650,-150,300,"sd","13:27:45",3040900
28650,-150,1000,"sd","13:27:45",3040600
28700,-100,100,"sd","13:27:23",3039600
28700,-100,300,"sd","13:27:23",3039500
28700,-100,500,"sd","13:27:23",3039200
28700,-100,2000,"sd","13:27:23",3038700
28700,-100,200,"sd","13:27:23",3036700
28700,-100,5000,"sd","13:27:23",3036500
28700,-100,700,"sd","13:27:23",3031500
28700,-100,5000,"sd","13:27:20",3030800
28700,-100,200,"sd","13:27:17",3025800
28700,-100,100,"sd","13:27:17",3025600
28700,-100,200,"sd","13:27:17",3025500
28700,-100,100,"sd","13:27:17",3025300
28700,-100,100,"sd","13:27:17",3025200
28700,-100,100,"sd","13:27:17",3025100
28700,-100,800,"sd","13:27:17",3025000
28700,-100,100,"sd","13:27:17",3024200
28700,-100,300,"sd","13:27:17",3024100
28700,-100,200,"sd","13:27:12",3023800
28700,-100,200,"sd","13:27:00",3023600
28750,-50,100,"sd","13:25:59",3023400
28750,-50,200,"sd","13:25:59",3023300
28750,-50,9000,"sd","13:25:59",3023100
28750,-50,1000,"bu","13:25:45",3014100
28750,-50,100,"bu","13:25:41",3013100
28750,-50,300,"bu","13:25:41",3013000
28750,-50,600,"bu","13:25:41",3012700
28800,0,3400,"bu","13:25:20",3012100
28800,0,1000,"bu","13:25:20",3008700
28800,0,4500,"bu","13:25:20",3007700
28750,-50,1100,"bu","13:25:20",3003200
28750,-50,8900,"sd","13:25:18",3002100
28750,-50,1000,"sd","13:25:15",2993200
28750,-50,100,"sd","13:25:12",2992200
28750,-50,100,"sd","13:25:12",2992100
28750,-50,800,"sd","13:25:12",2992000
28750,-50,700,"sd","13:25:08",2991200
28750,-50,2000,"sd","13:25:07",2990500
28750,-50,400,"sd","13:25:05",2988500
28750,-50,1000,"sd","13:24:59",2988100
28750,-50,100,"sd","13:24:53",2987100
28750,-50,500,"sd","13:24:53",2987000
28750,-50,100,"sd","13:24:53",2986500
28750,-50,500,"sd","13:24:47",2986400
28750,-50,500,"sd","13:24:28",2985900
28750,-50,100,"sd","13:24:28",2985400
28750,-50,400,"sd","13:24:28",2985300
28750,-50,500,"sd","13:24:26",2984900
28750,-50,200,"sd","13:24:04",2984400
28750,-50,500,"sd","13:24:00",2984200
28750,-50,100,"sd","13:23:23",2983700
28750,-50,100,"sd","13:23:01",2983600
28750,-50,1000,"sd","13:23:01",2983500
28750,-50,2000,"sd","13:22:54",2982500
28750,-50,400,"sd","13:22:28",2980500
28750,-50,100,"sd","13:22:18",2980100
28750,-50,1500,"sd","13:22:17",2980000
28800,0,100,"bu","13:22:07",2978500
28750,-50,1000,"sd","13:21:30",2978400
28750,-50,2000,"sd","13:21:25",2977400
28750,-50,100,"sd","13:21:20",2975400
28750,-50,100,"bu","13:21:20",2975300
28750,-50,500,"bu","13:21:02",2975200
28700,-100,10000,"sd","13:20:53",2974700
28700,-100,400,"sd","13:20:53",2964700
28700,-100,500,"sd","13:20:53",2964300
28700,-100,400,"sd","13:20:53",2963800
28700,-100,300,"sd","13:20:53",2963400
28700,-100,100,"sd","13:20:53",2963100
28700,-100,500,"sd","13:20:53",2963000
28700,-100,500,"sd","13:20:53",2962500
28700,-100,300,"sd","13:20:53",2962000
28700,-100,1000,"sd","13:20:53",2961700
28700,-100,6000,"sd","13:20:53",2960700
28750,-50,100,"bu","13:20:38",2954700
28750,-50,300,"bu","13:20:38",2954600
28750,-50,1700,"sd","13:20:34",2954300
28750,-50,1300,"sd","13:20:34",2952600
28750,-50,100,"sd","13:20:34",2951300
28750,-50,500,"sd","13:20:34",2951200
28750,-50,300,"sd","13:20:34",2950700
28750,-50,100,"sd","13:20:34",2950400
28750,-50,400,"sd","13:20:26",2950300
28750,-50,100,"sd","13:20:26",2949900
28750,-50,1000,"sd","13:20:26",2949800
28800,0,100,"bu","13:20:26",2948800
28800,0,300,"bu","13:20:19",2948700
28800,0,200,"bu","13:20:00",2948400
28800,0,200,"bu","13:20:00",2948200
28800,0,100,"bu","13:20:00",2948000
28800,0,500,"bu","13:20:00",2947900
28800,0,2000,"bu","13:20:00",2947400
28800,0,300,"bu","13:19:15",2945400
28800,0,1000,"bu","13:19:15",2945100
28800,0,100,"sd","13:19:03",2944100
28800,0,200,"sd","13:19:03",2944000
28800,0,100,"sd","13:19:03",2943800
28800,0,200,"sd","13:19:03",2943700
28800,0,100,"sd","13:19:03",2943500
28800,0,500,"sd","13:19:03",2943400
28800,0,200,"sd","13:19:03",2942900
28800,0,100,"sd","13:19:03",2942700
28800,0,200,"sd","13:19:03",2942600
28800,0,1000,"sd","13:18:57",2942400
28800,0,100,"sd","13:18:39",2941400
28800,0,200,"sd","13:18:39",2941300
28800,0,300,"sd","13:18:39",2941100
28800,0,400,"sd","13:18:39",2940800
28800,0,100,"sd","13:18:25",2940400
28850,50,100,"sd","13:17:57",2940300
28850,50,500,"bu","13:17:55",2940200
28850,50,5000,"bu","13:17:55",2939700
28850,50,600,"bu","13:17:55",2934700
28850,50,1000,"bu","13:17:55",2934100
28850,50,300,"bu","13:17:53",2933100
28850,50,1000,"bu","13:17:44",2932800
28850,50,200,"bu","13:17:42",2931800
28800,0,100,"sd","13:17:39",2931600
28850,50,100,"bu","13:17:39",2931500
28850,50,100,"bu","13:17:39",2931400
28850,50,1300,"bu","13:17:39",2931300
28850,50,100,"bu","13:17:38",2930000
28850,50,600,"sd","13:17:32",2929900
28850,50,100,"sd","13:17:23",2929300
28850,50,300,"bu","13:17:22",2929200
28850,50,1000,"bu","13:17:22",2928900
28850,50,1000,"bu","13:17:22",2927900
28850,50,2000,"bu","13:17:22",2926900
28850,50,200,"bu","13:17:16",2924900
28850,50,3200,"sd","13:17:10",2924700
28850,50,100,"bu","13:17:07",2921500
28850,50,700,"bu","13:17:07",2921400
28850,50,300,"bu","13:17:06",2920700
28850,50,1400,"bu","13:17:06",2920400
28850,50,600,"bu","13:16:56",2919000
28850,50,1000,"bu","13:16:54",2918400
28850,50,1000,"bu","13:16:53",2917400
28850,50,1000,"bu","13:16:52",2916400
28850,50,1000,"bu","13:16:52",2915400
28850,50,1500,"bu","13:16:51",2914400
28850,50,500,"sd","13:16:42",2912900
28850,50,100,"sd","13:16:41",2912400
28900,100,100,"bu","13:16:39",2912300
28850,50,1400,"bu","13:16:02",2912200
28850,50,300,"bu","13:16:02",2910800
28850,50,2000,"bu","13:16:01",2910500
28850,50,5000,"bu","13:16:00",2908500
28850,50,200,"bu","13:15:59",2903500
28850,50,1600,"unknown","13:15:58",2903300
28850,50,900,"sd","13:15:58",2901700
28850,50,100,"bu","13:15:50",2900800
28850,50,4600,"bu","13:15:50",2900700
28850,50,1000,"bu","13:15:50",2896100
28850,50,4400,"bu","13:15:47",2895100
28850,50,100,"bu","13:15:47",2890700
28850,50,500,"bu","13:15:47",2890600
28850,50,100,"bu","13:15:22",2890100
28850,50,200,"bu","13:15:22",2890000
28850,50,200,"sd","13:15:21",2889800
28850,50,200,"bu","13:15:15",2889600
28800,0,100,"sd","13:15:06",2889400
28850,50,800,"bu","13:15:06",2889300
28850,50,100,"bu","13:15:06",2888500
28850,50,200,"bu","13:15:06",2888400
28850,50,100,"bu","13:15:06",2888200
28850,50,100,"bu","13:15:06",2888100
28850,50,600,"bu","13:15:06",2888000
28850,50,500,"bu","13:15:06",2887400
28850,50,2600,"bu","13:15:06",2886900
28850,50,100,"bu","13:15:04",2884300
28800,0,500,"sd","13:15:04",2884200
28850,50,300,"bu","13:14:55",2883700
28850,50,500,"bu","13:14:55",2883400
28850,50,2000,"bu","13:14:55",2882900
28850,50,200,"bu","13:14:55",2880900
28850,50,100,"bu","13:14:54",2880700
28850,50,500,"bu","13:14:54",2880600
28850,50,400,"bu","13:14:54",2880100
28850,50,5000,"bu","13:14:51",2879700
28850,50,500,"bu","13:14:24",2874700
28850,50,1000,"bu","13:14:23",2874200
28850,50,100,"bu","13:14:03",2873200
28800,0,200,"sd","13:14:02",2873100
28850,50,200,"bu","13:13:54",2872900
28850,50,500,"bu","13:13:54",2872700
28850,50,1000,"bu","13:13:54",2872200
28850,50,100,"bu","13:13:54",2871200
28850,50,1000,"bu","13:13:54",2871100
28850,50,500,"bu","13:13:54",2870100
28850,50,800,"bu","13:13:54",2869600
28850,50,100,"bu","13:13:51",2868800
28850,50,1000,"bu","13:13:43",2868700
28800,0,100,"sd","13:13:30",2867700
28800,0,1000,"sd","13:12:56",2867600
28850,50,7700,"bu","13:12:56",2866600
28850,50,500,"bu","13:12:56",2858900
28850,50,600,"bu","13:12:56",2858400
28800,0,200,"sd","13:12:54",2857800
28800,0,800,"sd","13:12:32",2857600
28850,50,200,"bu","13:12:26",2856800
28800,0,500,"sd","13:12:25",2856600
28800,0,300,"sd","13:12:10",2856100
28800,0,1000,"sd","13:12:10",2855800
28800,0,200,"sd","13:12:10",2854800
28800,0,300,"sd","13:12:07",2854600
28800,0,100,"sd","13:11:58",2854300
28800,0,400,"sd","13:11:58",2854200
28800,0,100,"sd","13:11:54",2853800
28800,0,500,"sd","13:11:49",2853700
28800,0,100,"bu","13:11:40",2853200
28800,0,900,"bu","13:11:40",2853100
28800,0,100,"bu","13:11:38",2852200
28800,0,100,"bu","13:11:37",2852100
28800,0,1000,"bu","13:11:02",2852000
28800,0,500,"bu","13:11:01",2851000
28750,-50,100,"sd","13:10:59",2850500
28800,0,2000,"sd","13:10:57",2850400
28800,0,400,"sd","13:10:57",2848400
28800,0,1800,"sd","13:10:57",2848000
28800,0,200,"sd","13:10:50",2846200
28800,0,100,"sd","13:10:45",2846000
28850,50,200,"bu","13:10:44",2845900
28850,50,1000,"bu","13:10:44",2845700
28800,0,5000,"sd","13:10:44",2844700
28800,0,100,"sd","13:10:42",2839700
28800,0,3300,"sd","13:10:41",2839600
28800,0,1600,"sd","13:10:41",2836300
28800,0,100,"sd","13:10:39",2834700
28800,0,400,"sd","13:10:37",2834600
28800,0,500,"sd","13:10:20",2834200
28800,0,100,"sd","13:10:19",2833700
28800,0,500,"sd","13:10:10",2833600
28800,0,300,"sd","13:10:02",2833100
28800,0,500,"sd","13:09:52",2832800
28800,0,5000,"sd","13:09:49",2832300
28800,0,400,"sd","13:09:49",2827300
28800,0,500,"sd","13:09:42",2826900
28800,0,100,"bu","13:09:40",2826400
28800,0,500,"bu","13:09:40",2826300
28800,0,3000,"bu","13:09:40",2825800
28800,0,500,"bu","13:09:40",2822800
28800,0,500,"bu","13:09:40",2822300
28800,0,200,"bu","13:09:40",2821800
28800,0,100,"bu","13:09:40",2821600
28800,0,2000,"bu","13:09:40",2821500
28800,0,700,"bu","13:09:40",2819500
28800,0,200,"bu","13:09:40",2818800
28800,0,5000,"bu","13:09:40",2818600
28800,0,200,"bu","13:09:40",2813600
28800,0,200,"bu","13:09:40",2813400
28800,0,2000,"bu","13:09:40",2813200
28800,0,300,"bu","13:09:40",2811200
28800,0,200,"bu","13:09:40",2810900
28800,0,1000,"bu","13:09:40",2810700
28800,0,500,"bu","13:09:40",2809700
28800,0,10000,"bu","13:09:39",2809200
28800,0,2000,"bu","13:09:39",2799200
28800,0,900,"bu","13:09:39",2797200
28800,0,500,"bu","13:09:39",2796300
28800,0,5000,"bu","13:09:39",2795800
28800,0,1000,"bu","13:09:39",2790800
28800,0,500,"bu","13:09:39",2789800
28800,0,3400,"bu","13:09:39",2789300
28800,0,5000,"bu","13:09:39",2785900
28800,0,200,"bu","13:09:39",2780900
28800,0,500,"bu","13:09:39",2780700
28800,0,100,"bu","13:09:39",2780200
28800,0,1000,"bu","13:09:39",2780100
28800,0,2600,"bu","13:09:39",2779100
28800,0,200,"bu","13:09:39",2776500
28800,0,5000,"bu","13:09:32",2776300
28750,-50,3600,"sd","13:09:11",2771300
28750,-50,200,"sd","13:09:09",2767700
28750,-50,2000,"sd","13:08:48",2767500
28750,-50,300,"sd","13:08:34",2765500
28750,-50,500,"sd","13:08:26",2765200
28800,0,100,"bu","13:08:21",2764700
28800,0,400,"bu","13:08:12",2764600
28750,-50,200,"sd","13:08:09",2764200
28750,-50,2000,"sd","13:07:57",2764000
28750,-50,5100,"sd","13:07:57",2762000
28750,-50,200,"bu","13:07:48",2756900
28750,-50,100,"bu","13:07:48",2756700
28750,-50,100,"bu","13:07:38",2756600
28750,-50,100,"sd","13:07:36",2756500
28750,-50,1200,"sd","13:07:20",2756400
28750,-50,200,"bu","13:07:11",2755200
28750,-50,700,"bu","13:07:11",2755000
28750,-50,1000,"bu","13:07:09",2754300
28700,-100,300,"sd","13:06:56",2753300
28700,-100,3000,"sd","13:06:53",2753000
28700,-100,2000,"sd","13:06:53",2750000
28700,-100,100,"sd","13:06:49",2748000
28700,-100,1000,"sd","13:06:45",2747900
28700,-100,2300,"bu","13:06:44",2746900
28700,-100,500,"bu","13:06:44",2744600
28700,-100,200,"bu","13:06:39",2744100
28750,-50,800,"bu","13:06:34",2743900
28750,-50,5000,"bu","13:06:31",2743100
28750,-50,2000,"bu","13:06:31",2738100
28750,-50,100,"bu","13:06:31",2736100
28750,-50,200,"bu","13:06:31",2736000
28750,-50,200,"bu","13:06:31",2735800
28750,-50,200,"bu","13:06:31",2735600
28700,-100,300,"bu","13:06:31",2735400
28750,-50,3000,"bu","13:06:31",2735100
28700,-100,100,"bu","13:06:31",2732100
28750,-50,500,"bu","13:06:31",2732000
28750,-50,1000,"bu","13:06:31",2731500
28700,-100,3300,"bu","13:06:31",2730500
28750,-50,200,"bu","13:06:31",2727200
28750,-50,4500,"bu","13:06:31",2727000
28750,-50,1000,"bu","13:06:31",2722500
28700,-100,1200,"bu","13:06:31",2721500
28700,-100,200,"bu","13:06:31",2720300
28700,-100,200,"bu","13:06:31",2720100
28700,-100,1000,"bu","13:06:31",2719900
28700,-100,2000,"bu","13:06:21",2718900
28700,-100,1200,"bu","13:06:11",2716900
28700,-100,100,"bu","13:06:01",2715700
28700,-100,500,"bu","13:05:58",2715600
28700,-100,200,"bu","13:05:56",2715100
28650,-150,1900,"sd","13:05:54",2714900
28700,-100,200,"bu","13:05:48",2713000
28700,-100,200,"bu","13:05:48",2712800
28700,-100,100,"bu","13:05:48",2712600
28700,-100,400,"bu","13:05:35",2712500
28700,-100,600,"bu","13:05:35",2712100
28700,-100,600,"bu","13:05:32",2711500
28700,-100,400,"bu","13:05:32",2710900
28650,-150,500,"sd","13:05:30",2710500
28700,-100,600,"bu","13:05:26",2710000
28700,-100,1000,"bu","13:05:26",2709400
28700,-100,1000,"bu","13:05:26",2708400
28700,-100,100,"bu","13:05:26",2707400
28700,-100,300,"bu","13:05:26",2707300
28700,-100,100,"bu","13:05:26",2707000
28700,-100,2600,"bu","13:05:25",2706900
28700,-100,400,"bu","13:05:25",2704300
28650,-150,700,"sd","13:05:17",2703900
28650,-150,300,"sd","13:05:17",2703200
28650,-150,100,"bu","13:05:11",2702900
28650,-150,4500,"bu","13:05:10",2702800
28650,-150,500,"bu","13:05:10",2698300
28650,-150,100,"bu","13:05:09",2697800
28650,-150,900,"bu","13:05:09",2697700
28650,-150,100,"bu","13:05:06",2696800
28600,-200,700,"sd","13:05:05",2696700
28600,-200,1300,"sd","13:05:05",2696000
28650,-150,100,"bu","13:04:53",2694700
28600,-200,5000,"sd","13:04:48",2694600
28600,-200,2000,"sd","13:04:37",2689600
28600,-200,300,"sd","13:04:28",2687600
28650,-150,200,"bu","13:04:25",2687300
28650,-150,1700,"bu","13:04:24",2687100
28650,-150,100,"bu","13:04:24",2685400
28650,-150,200,"bu","13:04:24",2685300
28600,-200,200,"sd","13:04:20",2685100
28600,-200,400,"sd","13:04:19",2684900
28650,-150,4000,"bu","13:04:18",2684500
28650,-150,500,"bu","13:04:18",2680500
28650,-150,2000,"bu","13:04:18",2680000
28650,-150,300,"bu","13:04:18",2678000
28600,-200,500,"sd","13:04:16",2677700
28600,-200,300,"sd","13:04:09",2677200
28600,-200,700,"sd","13:04:09",2676900
28600,-200,1300,"sd","13:04:05",2676200
28600,-200,200,"sd","13:04:05",2674900
28600,-200,400,"sd","13:04:05",2674700
28600,-200,100,"sd","13:04:05",2674300
28600,-200,1500,"sd","13:04:00",2674200
28650,-150,500,"bu","13:03:58",2672700
28650,-150,900,"bu","13:03:58",2672200
28650,-150,5000,"bu","13:03:58",2671300
28650,-150,200,"bu","13:03:58",2666300
28600,-200,2000,"sd","13:03:46",2666100
28600,-200,2200,"sd","13:03:44",2664100
28600,-200,4200,"sd","13:03:44",2661900
28600,-200,500,"bu","13:03:44",2657700
28600,-200,300,"bu","13:03:42",2657200
28600,-200,1000,"bu","13:03:42",2656900
28600,-200,1700,"bu","13:03:42",2655900
28600,-200,1300,"bu","13:03:40",2654200
28600,-200,1500,"bu","13:03:40",2652900
28600,-200,1000,"bu","13:03:40",2651400
28600,-200,1000,"bu","13:03:40",2650400
28600,-200,200,"bu","13:03:40",2649400
28600,-200,500,"bu","13:03:39",2649200
28600,-200,100,"bu","13:03:37",2648700
28600,-200,500,"bu","13:03:36",2648600
28600,-200,200,"bu","13:03:32",2648100
28600,-200,300,"bu","13:03:29",2647900
28600,-200,5000,"bu","13:03:28",2647600
28550,-250,3400,"sd","13:03:27",2642600
28550,-250,700,"sd","13:03:27",2639200
28550,-250,300,"sd","13:03:27",2638500
28550,-250,100,"sd","13:03:27",2638200
28550,-250,500,"sd","13:03:27",2638100
28550,-250,1000,"sd","13:03:27",2637600
28550,-250,500,"sd","13:03:27",2636600
28550,-250,2500,"sd","13:03:27",2636100
28550,-250,1000,"sd","13:03:27",2633600
28600,-200,100,"bu","13:03:26",2632600
28600,-200,100,"bu","13:03:25",2632500
28600,-200,2000,"bu","13:03:21",2632400
28600,-200,2000,"bu","13:03:16",2630400
28550,-250,200,"sd","13:03:16",2628400
28550,-250,300,"sd","13:03:09",2628200
28550,-250,700,"sd","13:03:09",2627900
28600,-200,100,"bu","13:03:09",2627200
28550,-250,500,"sd","13:03:06",2627100
28550,-250,100,"sd","13:03:03",2626600
28550,-250,1000,"sd","13:02:57",2626500
28550,-250,3000,"sd","13:02:52",2625500
28550,-250,100,"sd","13:02:50",2622500
28600,-200,8000,"bu","13:02:49",2622400
28550,-250,600,"sd","13:02:45",2614400
28550,-250,100,"sd","13:02:45",2613800
28550,-250,6000,"sd","13:02:45",2613700
28550,-250,500,"sd","13:02:45",2607700
28550,-250,200,"sd","13:02:45",2607200
28550,-250,300,"sd","13:02:45",2607000
28550,-250,300,"sd","13:02:45",2606700
28550,-250,300,"sd","13:02:40",2606400
28550,-250,600,"sd","13:02:40",2606100
28550,-250,1000,"sd","13:02:26",2605500
28550,-250,1000,"sd","13:02:20",2604500
28550,-250,2000,"sd","13:02:17",2603500
28550,-250,400,"sd","13:02:07",2601500
28550,-250,300,"sd","13:02:07",2601100
28550,-250,100,"sd","13:02:07",2600800
28550,-250,500,"sd","13:02:07",2600700
28550,-250,1000,"sd","13:02:07",2600200
28550,-250,700,"sd","13:02:07",2599200
28550,-250,200,"sd","13:02:02",2598500
28550,-250,9100,"sd","13:01:59",2598300
28550,-250,500,"sd","13:01:59",2589200
28550,-250,5000,"sd","13:01:59",2588700
28550,-250,100,"sd","13:01:59",2583700
28550,-250,200,"sd","13:01:59",2583600
28550,-250,100,"sd","13:01:59",2583400
28550,-250,100,"sd","13:01:59",2583300
28550,-250,100,"sd","13:01:59",2583200
28550,-250,5000,"sd","13:01:59",2583100
28550,-250,500,"sd","13:01:59",2578100
28550,-250,4300,"sd","13:01:59",2577600
28550,-250,100,"sd","13:01:55",2573300
28550,-250,600,"sd","13:01:55",2573200
28550,-250,1000,"sd","13:01:55",2572600
28550,-250,100,"sd","13:01:55",2571600
28550,-250,1000,"sd","13:01:55",2571500
28550,-250,300,"sd","13:01:55",2570500
28550,-250,200,"sd","13:01:55",2570200
28550,-250,1800,"sd","13:01:55",2570000
28550,-250,100,"sd","13:01:46",2568200
28550,-250,100,"sd","13:01:36",2568100
28550,-250,100,"sd","13:01:36",2568000
28600,-200,100,"bu","13:01:33",2567900
28550,-250,1000,"sd","13:01:32",2567800
28550,-250,100,"sd","13:01:32",2566800
28600,-200,2500,"bu","13:01:27",2566700
28600,-200,100,"sd","13:01:24",2564200
28600,-200,500,"sd","13:01:24",2564100
28600,-200,100,"sd","13:01:24",2563600
28600,-200,200,"sd","13:01:24",2563500
28600,-200,300,"sd","13:01:24",2563300
28600,-200,200,"sd","13:01:24",2563000
28600,-200,1000,"sd","13:01:24",2562800
28600,-200,300,"sd","13:01:24",2561800
28600,-200,6000,"sd","13:01:24",2561500
28600,-200,100,"sd","13:01:24",2555500
28600,-200,3000,"sd","13:01:24",2555400
28600,-200,300,"sd","13:01:24",2552400
28600,-200,2500,"sd","13:01:24",2552100
28600,-200,600,"sd","13:01:24",2549600
28600,-200,100,"sd","13:01:24",2549000
28600,-200,400,"sd","13:01:24",2548900
28600,-200,100,"sd","13:01:24",2548500
28600,-200,300,"sd","13:01:24",2548400
28600,-200,2300,"sd","13:01:24",2548100
28600,-200,100,"sd","13:01:24",2545800
28600,-200,100,"sd","13:01:22",2545700
28600,-200,500,"sd","13:01:21",2545600
28600,-200,2100,"sd","13:01:16",2545100
28600,-200,1000,"sd","13:01:16",2543000
28600,-200,500,"sd","13:01:16",2542000
28600,-200,500,"sd","13:01:16",2541500
28600,-200,900,"sd","13:01:16",2541000
28600,-200,100,"sd","13:01:13",2540100
28600,-200,1400,"sd","13:01:13",2540000
28600,-200,200,"sd","13:01:13",2538600
28600,-200,1300,"sd","13:01:13",2538400
28600,-200,900,"sd","13:01:12",2537100
28600,-200,5000,"sd","13:01:09",2536200
28600,-200,24500,"sd","13:01:09",2531200
28600,-200,7800,"sd","13:01:09",2506700
28600,-200,500,"sd","13:01:09",2498900
28600,-200,10000,"sd","13:01:09",2498400
28600,-200,200,"sd","13:01:09",2488400
28600,-200,2000,"sd","13:01:09",2488200
28600,-200,1500,"sd","13:01:09",2486200
28600,-200,10000,"sd","13:01:06",2484700
28600,-200,3000,"sd","13:00:59",2474700
28600,-200,1000,"sd","13:00:37",2471700
28600,-200,500,"sd","13:00:33",2470700
28600,-200,300,"sd","13:00:31",2470200
28600,-200,12000,"sd","13:00:29",2469900
28600,-200,2000,"sd","13:00:27",2457900
28600,-200,2000,"sd","13:00:27",2455900
28600,-200,1500,"sd","13:00:25",2453900
28650,-150,200,"bu","13:00:25",2452400
28600,-200,100,"sd","13:00:22",2452200
28650,-150,200,"bu","13:00:21",2452100
28600,-200,100,"sd","13:00:19",2451900
28600,-200,500,"sd","13:00:17",2451800
28600,-200,3300,"sd","13:00:17",2451300
28600,-200,500,"sd","13:00:16",2448000
28600,-200,10400,"sd","13:00:16",2447500
28600,-200,5600,"sd","13:00:14",2437100
28600,-200,2800,"sd","13:00:13",2431500
28600,-200,100,"sd","13:00:11",2428700
28600,-200,100,"sd","13:00:11",2428600
28600,-200,3500,"sd","13:00:10",2428500
28600,-200,100,"sd","13:00:08",2425000
28600,-200,200,"sd","13:00:07",2424900
28600,-200,19000,"sd","13:00:06",2424700
28600,-200,1800,"sd","13:00:06",2405700
28600,-200,100,"sd","13:00:02",2403900
28600,-200,1000,"sd","11:29:44",2403800
28600,-200,1700,"sd","11:29:29",2402800
28600,-200,8000,"sd","11:29:29",2401100
28600,-200,500,"sd","11:29:22",2393100
28600,-200,200,"sd","11:29:09",2392600
28600,-200,500,"sd","11:28:46",2392400
28650,-150,1200,"bu","11:28:41",2391900
28650,-150,200,"bu","11:28:26",2390700
28650,-150,3700,"sd","11:28:10",2390500
28650,-150,2100,"sd","11:28:01",2386800
28650,-150,2000,"bu","11:27:40",2384700
28650,-150,2000,"bu","11:27:40",2382700
28650,-150,200,"bu","11:27:40",2380700
28600,-200,800,"sd","11:27:18",2380500
28600,-200,1200,"sd","11:27:18",2379700
28600,-200,1000,"sd","11:27:14",2378500
28650,-150,300,"sd","11:27:05",2377500
28650,-150,200,"bu","11:26:53",2377200
28650,-150,100,"sd","11:26:53",2377000
28650,-150,500,"bu","11:26:41",2376900
28650,-150,2000,"bu","11:26:41",2376400
28650,-150,200,"bu","11:26:41",2374400
28650,-150,200,"bu","11:26:41",2374200
28650,-150,2000,"bu","11:26:41",2374000
28600,-200,1300,"sd","11:26:38",2372000
28600,-200,5000,"sd","11:26:34",2370700
28600,-200,1000,"sd","11:26:20",2365700
28600,-200,500,"sd","11:26:16",2364700
28600,-200,100,"sd","11:26:16",2364200
28600,-200,1000,"sd","11:26:16",2364100
28600,-200,400,"sd","11:26:16",2363100
28600,-200,800,"sd","11:26:14",2362700
28600,-200,2000,"sd","11:25:41",2361900
28650,-150,500,"bu","11:25:21",2359900
28650,-150,100,"sd","11:24:40",2359400
28650,-150,100,"sd","11:24:40",2359300
28650,-150,200,"sd","11:24:37",2359200
28650,-150,200,"sd","11:23:55",2359000
28650,-150,300,"sd","11:23:55",2358800
28650,-150,100,"sd","11:23:49",2358500
28650,-150,100,"bu","11:23:27",2358400
28650,-150,100,"bu","11:23:27",2358300
28650,-150,200,"bu","11:23:27",2358200
28650,-150,1000,"bu","11:23:27",2358000
28650,-150,1000,"bu","11:23:27",2357000
28650,-150,2200,"bu","11:23:27",2356000
28650,-150,300,"bu","11:23:01",2353800
28650,-150,300,"bu","11:22:39",2353500
28600,-200,2800,"sd","11:22:26",2353200
28600,-200,400,"sd","11:22:26",2350400
28600,-200,200,"sd","11:22:26",2350000
28600,-200,200,"sd","11:22:26",2349800
28600,-200,400,"sd","11:22:26",2349600
28600,-200,1000,"sd","11:22:26",2349200
28600,-200,5000,"sd","11:22:26",2348200
28650,-150,2000,"sd","11:22:18",2343200
28650,-150,100,"sd","11:22:18",2341200
28650,-150,2000,"sd","11:22:18",2341100
28650,-150,6600,"sd","11:22:18",2339100
28650,-150,7000,"sd","11:22:18",2332500
28650,-150,200,"sd","11:22:18",2325500
28650,-150,500,"sd","11:22:18",2325300
28650,-150,2000,"sd","11:22:18",2324800
28650,-150,5000,"sd","11:22:18",2322800
28650,-150,10000,"sd","11:22:18",2317800
28650,-150,5000,"sd","11:22:18",2307800
28650,-150,300,"sd","11:22:18",2302800
28650,-150,1000,"sd","11:22:18",2302500
28650,-150,300,"sd","11:22:18",2301500
28650,-150,1400,"sd","11:22:18",2301200
28650,-150,100,"sd","11:22:18",2299800
28650,-150,1900,"sd","11:22:06",2299700
28650,-150,1000,"sd","11:22:06",2297800
28650,-150,500,"sd","11:22:06",2296800
28650,-150,100,"sd","11:22:06",2296300
28650,-150,1500,"sd","11:22:06",2296200
28650,-150,200,"sd","11:22:05",2294700
28650,-150,1000,"sd","11:21:56",2294500
28650,-150,1000,"sd","11:21:56",2293500
28650,-150,18500,"sd","11:21:56",2292500
28650,-150,400,"sd","11:21:56",2274000
28650,-150,6000,"sd","11:21:56",2273600
28650,-150,100,"sd","11:21:56",2267600
28650,-150,100,"sd","11:21:56",2267500
28650,-150,6000,"sd","11:21:56",2267400
28650,-150,1000,"sd","11:21:56",2261400
28650,-150,200,"sd","11:21:56",2260400
28650,-150,5000,"sd","11:21:56",2260200
28650,-150,1000,"sd","11:21:56",2255200
28650,-150,1000,"sd","11:21:56",2254200
28650,-150,100,"sd","11:21:56",2253200
28650,-150,6000,"sd","11:21:56",2253100
28650,-150,100,"sd","11:21:56",2247100
28650,-150,500,"sd","11:21:56",2247000
28650,-150,1000,"sd","11:21:56",2246500
28650,-150,200,"sd","11:21:40",2245500
28650,-150,300,"sd","11:21:40",2245300
28650,-150,3000,"sd","11:21:20",2245000
28650,-150,1500,"sd","11:20:19",2242000
28700,-100,200,"bu","11:20:04",2240500
28650,-150,200,"sd","11:19:27",2240300
28700,-100,200,"bu","11:18:50",2240100
28650,-150,100,"sd","11:18:45",2239900
28700,-100,1700,"bu","11:17:51",2239800
28700,-100,3000,"bu","11:17:51",2238100
28700,-100,300,"bu","11:17:51",2235100
28700,-100,700,"bu","11:17:20",2234800
28700,-100,1800,"bu","11:17:20",2234100
28700,-100,400,"bu","11:16:26",2232300
28700,-100,1300,"bu","11:16:04",2231900
28700,-100,1300,"bu","11:15:45",2230600
28700,-100,200,"unknown","11:15:45",2229300
28700,-100,500,"sd","11:15:44",2229100
28700,-100,200,"sd","11:15:42",2228600
28700,-100,500,"sd","11:15:40",2228400
28700,-100,200,"bu","11:15:14",2227900
28700,-100,1400,"bu","11:15:14",2227700
28700,-100,300,"sd","11:15:11",2226300
28700,-100,500,"sd","11:15:11",2226000
28700,-100,200,"sd","11:14:48",2225500
28700,-100,100,"bu","11:14:40",2225300
28700,-100,200,"sd","11:14:39",2225200
28700,-100,400,"sd","11:14:39",2225000
28700,-100,1800,"sd","11:14:39",2224600
28700,-100,200,"bu","11:14:03",2222800
28700,-100,500,"bu","11:14:03",2222600
28700,-100,4000,"bu","11:14:03",2222100
28700,-100,1400,"bu","11:14:03",2218100
28700,-100,300,"bu","11:14:03",2216700
28700,-100,1800,"bu","11:14:03",2216400
28700,-100,100,"bu","11:13:58",2214600
28700,-100,100,"bu","11:13:58",2214500
28700,-100,8600,"bu","11:13:58",2214400
28700,-100,1200,"bu","11:13:58",2205800
28700,-100,20000,"bu","11:13:49",2204600
28650,-150,100,"sd","11:13:44",2184600
28650,-150,100,"sd","11:12:52",2184500
28700,-100,200,"bu","11:12:40",2184400
28700,-100,300,"bu","11:11:33",2184200
28650,-150,100,"sd","11:11:18",2183900
28700,-100,1000,"bu","11:11:09",2183800
28700,-100,3000,"bu","11:11:04",2182800
28700,-100,1900,"bu","11:10:57",2179800
28700,-100,500,"bu","11:10:57",2177900
28700,-100,100,"bu","11:10:57",2177400
28700,-100,4500,"bu","11:10:57",2177300
28700,-100,600,"bu","11:10:39",2172800
28700,-100,9400,"bu","11:10:39",2172200
28700,-100,800,"bu","11:10:39",2162800
28700,-100,500,"bu","11:10:29",2162000
28700,-100,1000,"bu","11:10:28",2161500
28700,-100,1000,"bu","11:10:20",2160500
28650,-150,100,"sd","11:10:00",2159500
28700,-100,6700,"bu","11:09:52",2159400
28650,-150,500,"sd","11:09:40",2152700
28650,-150,200,"sd","11:09:18",2152200
28650,-150,1000,"sd","11:09:00",2152000
28700,-100,400,"bu","11:08:50",2151000
28700,-100,200,"bu","11:08:49",2150600
28650,-150,5000,"sd","11:08:23",2150400
28650,-150,1800,"sd","11:07:53",2145400
28650,-150,2200,"sd","11:07:53",2143600
28650,-150,300,"sd","11:07:35",2141400
28650,-150,7500,"sd","11:07:34",2141100
28650,-150,300,"sd","11:07:34",2133600
28650,-150,200,"sd","11:07:34",2133300
28650,-150,100,"sd","11:07:34",2133100
28650,-150,1900,"sd","11:07:34",2133000
28650,-150,800,"sd","11:07:04",2131100
28650,-150,5000,"bu","11:06:17",2130300
28650,-150,2000,"bu","11:06:17",2125300
28650,-150,300,"bu","11:06:17",2123300
28650,-150,200,"bu","11:06:15",2123000
28650,-150,500,"bu","11:06:15",2122800
28650,-150,200,"bu","11:06:10",2122300
28650,-150,800,"bu","11:06:09",2122100
28650,-150,9800,"bu","11:06:07",2121300
28650,-150,500,"bu","11:06:03",2111500
28650,-150,200,"bu","11:06:02",2111000
28650,-150,1000,"bu","11:05:58",2110800
28650,-150,200,"bu","11:05:51",2109800
28650,-150,3200,"bu","11:05:50",2109600
28650,-150,300,"bu","11:05:50",2106400
28650,-150,1000,"bu","11:05:50",2106100
28650,-150,500,"bu","11:05:50",2105100
28650,-150,100,"bu","11:05:31",2104600
28650,-150,100,"bu","11:05:28",2104500
28650,-150,100,"bu","11:05:10",2104400
28650,-150,1000,"bu","11:04:45",2104300
28650,-150,100,"bu","11:04:42",2103300
28650,-150,500,"bu","11:04:37",2103200
28650,-150,1500,"bu","11:04:37",2102700
28650,-150,500,"sd","11:04:37",2101200
28650,-150,100,"sd","11:04:37",2100700
28650,-150,3500,"sd","11:04:34",2100600
28650,-150,100,"sd","11:04:34",2097100
28650,-150,500,"sd","11:04:34",2097000
28650,-150,100,"sd","11:04:34",2096500
28650,-150,200,"sd","11:04:34",2096400
28650,-150,100,"sd","11:04:34",2096200
28650,-150,300,"sd","11:04:34",2096100
28650,-150,1000,"sd","11:04:34",2095800
28650,-150,300,"sd","11:04:34",2094800
28650,-150,500,"sd","11:04:34",2094500
28650,-150,2000,"sd","11:04:34",2094000
28650,-150,100,"sd","11:04:34",2092000
28650,-150,500,"sd","11:04:34",2091900
28650,-150,200,"sd","11:04:34",2091400
28650,-150,100,"sd","11:04:34",2091200
28650,-150,500,"sd","11:04:34",2091100
28650,-150,4000,"sd","11:04:28",2090600
28700,-100,500,"bu","11:03:52",2086600
28650,-150,200,"sd","11:03:47",2086100
28650,-150,100,"sd","11:03:14",2085900
28650,-150,5200,"sd","11:03:01",2085800
28650,-150,100,"sd","11:03:01",2080600
28650,-150,4700,"sd","11:03:01",2080500
28650,-150,1300,"sd","11:02:39",2075800
28650,-150,100,"sd","11:02:39",2074500
28650,-150,500,"sd","11:02:39",2074400
28650,-150,100,"sd","11:02:39",2073900
28650,-150,1000,"sd","11:02:24",2073800
28650,-150,1900,"sd","11:02:24",2072800
28650,-150,100,"sd","11:02:23",2070900
28650,-150,600,"sd","11:02:23",2070800
28650,-150,2400,"sd","11:02:23",2070200
28650,-150,900,"sd","11:02:11",2067800
28650,-150,2700,"sd","11:02:10",2066900
28650,-150,1000,"sd","11:02:10",2064200
28650,-150,6300,"sd","11:02:10",2063200
28650,-150,1000,"sd","11:01:45",2056900
28650,-150,7000,"sd","11:01:44",2055900
28650,-150,1800,"sd","11:01:32",2048900
28650,-150,2000,"sd","11:01:26",2047100
28650,-150,7000,"sd","11:01:21",2045100
28650,-150,2000,"sd","11:01:18",2038100
28650,-150,20000,"sd","11:01:13",2036100
28650,-150,2900,"sd","11:01:09",2016100
28650,-150,200,"sd","11:01:09",2013200
28650,-150,500,"sd","11:01:09",2013000
28650,-150,100,"sd","11:01:09",2012500
28650,-150,1300,"sd","11:01:09",2012400
28650,-150,300,"sd","11:01:03",2011100
28650,-150,500,"sd","11:00:54",2010800
28700,-100,1000,"bu","11:00:27",2010300
28700,-100,100,"sd","10:59:59",2009300
28700,-100,200,"sd","10:59:59",2009200
28700,-100,2000,"sd","10:59:59",2009000
28700,-100,2000,"sd","10:59:57",2007000
28700,-100,2000,"sd","10:59:57",2005000
28700,-100,1000,"sd","10:59:57",2003000
28700,-100,1200,"sd","10:59:57",2002000
28700,-100,2000,"sd","10:59:57",2000800
28700,-100,100,"sd","10:59:57",1998800
28700,-100,3700,"sd","10:59:57",1998700
28700,-100,6300,"sd","10:59:54",1995000
28700,-100,100,"sd","10:59:54",1988700
28700,-100,10000,"sd","10:59:54",1988600
28700,-100,3600,"sd","10:59:54",1978600
28700,-100,6400,"sd","10:59:30",1975000
28700,-100,800,"sd","10:59:30",1968600
28700,-100,10000,"sd","10:59:30",1967800
28700,-100,500,"sd","10:59:30",1957800
28700,-100,100,"sd","10:59:30",1957300
28700,-100,100,"sd","10:59:30",1957200
28700,-100,2000,"sd","10:59:30",1957100
28700,-100,3000,"sd","10:59:30",1955100
28700,-100,1000,"sd","10:59:30",1952100
28700,-100,3000,"sd","10:59:30",1951100
28700,-100,100,"sd","10:59:30",1948100
28700,-100,3000,"sd","10:59:30",1948000
28700,-100,300,"sd","10:59:18",1945000
28750,-50,200,"sd","10:59:02",1944700
28750,-50,600,"sd","10:59:02",1944500
28750,-50,400,"sd","10:58:56",1943900
28750,-50,1900,"sd","10:58:56",1943500
28750,-50,1000,"sd","10:58:56",1941600
28750,-50,1700,"sd","10:58:56",1940600
28800,0,1100,"bu","10:58:38",1938900
28800,0,1100,"bu","10:58:38",1937800
28750,-50,3300,"sd","10:58:35",1936700
28750,-50,1000,"sd","10:58:34",1933400
28800,0,700,"bu","10:58:05",1932400
28800,0,1000,"sd","10:57:20",1931700
28800,0,10000,"sd","10:57:20",1930700
28800,0,10000,"sd","10:57:20",1920700
28800,0,200,"sd","10:57:20",1910700
28800,0,200,"sd","10:56:56",1910500
28800,0,100,"sd","10:56:47",1910300
28800,0,100,"sd","10:56:41",1910200
28800,0,500,"sd","10:56:40",1910100
28800,0,2000,"sd","10:55:58",1909600
28800,0,100,"sd","10:54:57",1907600
28800,0,3000,"sd","10:54:54",1907500
28800,0,200,"sd","10:53:18",1904500
28800,0,1000,"sd","10:53:18",1904300
28800,0,1500,"bu","10:53:05",1903300
28800,0,10000,"bu","10:53:05",1901800
28800,0,400,"bu","10:53:05",1891800
28800,0,700,"bu","10:53:05",1891400
28800,0,1300,"bu","10:52:26",1890700
28800,0,5100,"bu","10:52:26",1889400
28800,0,100,"bu","10:52:26",1884300
28800,0,100,"bu","10:52:26",1884200
28800,0,300,"sd","10:51:25",1884100
28800,0,1200,"sd","10:51:25",1883800
28800,0,200,"sd","10:50:33",1882600
28800,0,2400,"sd","10:50:29",1882400
28800,0,600,"sd","10:50:29",1880000
28800,0,6500,"sd","10:50:26",1879400
28800,0,300,"bu","10:50:20",1872900
28800,0,100,"bu","10:50:20",1872600
28800,0,200,"bu","10:50:20",1872500
28800,0,300,"bu","10:50:20",1872300
28800,0,100,"bu","10:50:20",1872000
28800,0,100,"bu","10:50:04",1871900
28800,0,200,"bu","10:50:04",1871800
28800,0,3000,"bu","10:50:04",1871600
28800,0,1400,"bu","10:50:04",1868600
28800,0,1600,"bu","10:50:04",1867200
28800,0,300,"bu","10:50:00",1865600
28800,0,100,"bu","10:49:50",1865300
28800,0,1500,"bu","10:49:50",1865200
28800,0,300,"bu","10:49:50",1863700
28800,0,1500,"bu","10:49:50",1863400
28800,0,100,"bu","10:49:50",1861900
28800,0,100,"bu","10:48:11",1861800
28700,-100,300,"sd","10:47:40",1861700
28750,-50,100,"sd","10:47:40",1861400
28750,-50,200,"unknown","10:47:18",1861300
28750,-50,200,"bu","10:47:15",1861100
28750,-50,400,"bu","10:47:00",1860900
28750,-50,100,"bu","10:47:00",1860500
28750,-50,200,"bu","10:46:55",1860400
28750,-50,300,"bu","10:46:55",1860200
28750,-50,1000,"bu","10:46:50",1859900
28700,-100,100,"sd","10:46:48",1858900
28750,-50,1000,"bu","10:46:23",1858800
28750,-50,500,"bu","10:46:03",1857800
28750,-50,500,"bu","10:45:54",1857300
28750,-50,1700,"bu","10:45:36",1856800
28750,-50,1800,"bu","10:45:36",1855100
28750,-50,500,"bu","10:45:35",1853300
28750,-50,200,"bu","10:45:33",1852800
28750,-50,1500,"bu","10:45:08",1852600
28750,-50,600,"bu","10:45:05",1851100
28750,-50,400,"bu","10:44:34",1850500
28750,-50,4600,"bu","10:44:34",1850100
28700,-100,300,"sd","10:44:13",1845500
28700,-100,200,"sd","10:44:13",1845200
28700,-100,4800,"sd","10:44:12",1845000
28700,-100,200,"sd","10:44:12",1840200
28750,-50,300,"sd","10:43:58",1840000
28750,-50,100,"sd","10:43:58",1839700
28750,-50,1000,"sd","10:43:58",1839600
28750,-50,1000,"sd","10:43:58",1838600
28750,-50,3000,"sd","10:43:58",1837600
28750,-50,500,"sd","10:43:35",1834600
28750,-50,1000,"sd","10:43:31",1834100
28750,-50,7600,"sd","10:43:24",1833100
28750,-50,100,"sd","10:43:24",1825500
28750,-50,100,"sd","10:43:24",1825400
28750,-50,100,"sd","10:43:24",1825300
28750,-50,6000,"sd","10:43:24",1825200
28750,-50,100,"sd","10:43:24",1819200
28750,-50,1000,"sd","10:43:24",1819100
28750,-50,100,"sd","10:43:12",1818100
28800,0,300,"sd","10:42:50",1818000
28800,0,1000,"sd","10:42:44",1817700
28800,0,3000,"sd","10:42:44",1816700
28800,0,500,"sd","10:42:44",1813700
28800,0,4000,"sd","10:42:44",1813200
28800,0,4000,"sd","10:42:44",1809200
28800,0,3800,"sd","10:42:41",1805200
28800,0,1000,"sd","10:42:39",1801400
28800,0,1500,"sd","10:42:33",1800400
28800,0,26000,"sd","10:42:32",1798900
28800,0,9700,"sd","10:42:30",1772900
28800,0,300,"sd","10:42:30",1763200
28800,0,100,"sd","10:42:13",1762900
28800,0,300,"sd","10:42:07",1762800
28800,0,5300,"sd","10:42:01",1762500
28800,0,800,"sd","10:42:01",1757200
28800,0,100,"sd","10:41:59",1756400
28800,0,1100,"sd","10:41:46",1756300
28800,0,500,"sd","10:41:46",1755200
28800,0,2000,"sd","10:41:46",1754700
28800,0,100,"sd","10:41:42",1752700
28800,0,2500,"sd","10:41:38",1752600
28800,0,400,"sd","10:41:26",1750100
28800,0,400,"sd","10:41:26",1749700
28800,0,1000,"sd","10:41:24",1749300
28800,0,600,"sd","10:41:07",1748300
28800,0,1400,"sd","10:41:07",1747700
28800,0,300,"sd","10:40:59",1746300
28800,0,1500,"sd","10:40:59",1746000
28850,50,100,"bu","10:39:41",1744500
28850,50,400,"bu","10:39:41",1744400
28850,50,1000,"bu","10:37:58",1744000
28800,0,100,"sd","10:37:58",1743000
28850,50,200,"bu","10:37:52",1742900
28850,50,300,"bu","10:37:37",1742700
28850,50,500,"bu","10:37:22",1742400
28850,50,1000,"bu","10:37:22",1741900
28850,50,100,"bu","10:37:22",1740900
28850,50,900,"bu","10:37:22",1740800
28850,50,200,"bu","10:36:58",1739900
28850,50,900,"bu","10:36:53",1739700
28850,50,100,"bu","10:36:53",1738800
28850,50,300,"bu","10:36:53",1738700
28850,50,400,"bu","10:36:36",1738400
28850,50,100,"sd","10:36:12",1738000
28850,50,200,"sd","10:36:12",1737900
28850,50,700,"sd","10:36:10",1737700
28850,50,300,"sd","10:36:10",1737000
28900,100,800,"bu","10:36:09",1736700
28900,100,1200,"bu","10:36:09",1735900
28900,100,200,"bu","10:35:43",1734700
28900,100,600,"bu","10:35:35",1734500
28900,100,100,"bu","10:35:35",1733900
28900,100,300,"bu","10:35:35",1733800
28900,100,10000,"bu","10:35:35",1733500
28900,100,19700,"bu","10:35:34",1723500
28900,100,300,"bu","10:35:33",1703800
28900,100,300,"bu","10:35:01",1703500
28900,100,100,"bu","10:34:51",1703200
28900,100,400,"bu","10:34:51",1703100
28850,50,1000,"bu","10:34:26",1702700
28850,50,500,"bu","10:34:26",1701700
28850,50,100,"bu","10:34:24",1701200
28850,50,4900,"bu","10:34:23",1701100
28850,50,100,"bu","10:34:23",1696200
28850,50,100,"bu","10:34:10",1696100
28850,50,100,"bu","10:34:10",1696000
28850,50,500,"bu","10:34:08",1695900
28850,50,200,"bu","10:34:07",1695400
28800,0,2000,"sd","10:33:50",1695200
28850,50,800,"bu","10:33:49",1693200
28850,50,1000,"bu","10:33:49",1692400
28850,50,500,"bu","10:33:49",1691400
28850,50,700,"bu","10:33:49",1690900
28850,50,2000,"bu","10:33:49",1690200
28800,0,900,"sd","10:33:27",1688200
28800,0,500,"sd","10:33:27",1687300
28800,0,3000,"sd","10:33:27",1686800
28800,0,2000,"sd","10:33:27",1683800
28800,0,1000,"sd","10:33:27",1681800
28800,0,3500,"sd","10:33:27",1680800
28800,0,500,"sd","10:33:27",1677300
28800,0,1000,"sd","10:33:27",1676800
28800,0,1000,"sd","10:33:27",1675800
28800,0,100,"sd","10:33:27",1674800
28800,0,500,"sd","10:33:27",1674700
28800,0,500,"sd","10:33:27",1674200
28800,0,100,"bu","10:33:27",1673700
28800,0,1000,"bu","10:33:27",1673600
28800,0,500,"bu","10:33:27",1672600
28800,0,300,"bu","10:33:27",1672100
28800,0,1500,"bu","10:33:26",1671800
28800,0,200,"bu","10:33:26",1670300
28800,0,200,"bu","10:33:26",1670100
28800,0,2500,"bu","10:33:26",1669900
28800,0,100,"bu","10:33:26",1667400
28800,0,500,"bu","10:33:26",1667300
28800,0,1000,"bu","10:33:26",1666800
28800,0,100,"bu","10:33:26",1665800
28800,0,500,"bu","10:33:26",1665700
28800,0,300,"bu","10:33:26",1665200
28800,0,100,"bu","10:33:26",1664900
28800,0,100,"bu","10:33:25",1664800
28800,0,2800,"bu","10:33:25",1664700
28800,0,100,"bu","10:33:25",1661900
28800,0,400,"bu","10:33:05",1661800
28800,0,500,"bu","10:33:05",1661400
28800,0,100,"bu","10:33:05",1660900
28800,0,100,"bu","10:32:30",1660800
28800,0,400,"bu","10:32:30",1660700
28700,-100,600,"sd","10:31:51",1660300
28750,-50,400,"sd","10:31:51",1659700
28750,-50,1100,"bu","10:31:43",1659300
28750,-50,5300,"bu","10:31:43",1658200
28750,-50,1000,"bu","10:31:43",1652900
28750,-50,2600,"bu","10:31:43",1651900
28700,-100,4200,"sd","10:31:18",1649300
28700,-100,100,"sd","10:31:18",1645100
28700,-100,700,"sd","10:31:18",1645000
28750,-50,100,"bu","10:31:15",1644300
28750,-50,400,"bu","10:31:13",1644200
28750,-50,100,"bu","10:31:11",1643800
28750,-50,100,"bu","10:31:11",1643700
28750,-50,200,"bu","10:30:30",1643600
28750,-50,100,"bu","10:30:15",1643400
28700,-100,300,"sd","10:30:04",1643300
28700,-100,200,"sd","10:29:52",1643000
28700,-100,100,"sd","10:29:42",1642800
28750,-50,500,"bu","10:29:42",1642700
28750,-50,1000,"bu","10:29:32",1642200
28700,-100,500,"sd","10:29:15",1641200
28750,-50,200,"bu","10:29:02",1640700
28750,-50,500,"sd","10:28:54",1640500
28750,-50,500,"sd","10:28:54",1640000
28750,-50,1200,"sd","10:28:54",1639500
28750,-50,5700,"sd","10:28:54",1638300
28750,-50,900,"sd","10:28:53",1632600
28750,-50,300,"sd","10:28:53",1631700
28750,-50,1400,"sd","10:28:53",1631400
28750,-50,100,"sd","10:28:40",1630000
28750,-50,1000,"sd","10:28:06",1629900
28750,-50,100,"sd","10:27:57",1628900
28750,-50,100,"sd","10:27:55",1628800
28750,-50,2300,"sd","10:27:54",1628700
28750,-50,100,"sd","10:27:54",1626400
28750,-50,100,"sd","10:27:54",1626300
28750,-50,200,"sd","10:27:54",1626200
28750,-50,600,"sd","10:27:54",1626000
28750,-50,400,"sd","10:27:49",1625400
28750,-50,200,"sd","10:27:49",1625000
28750,-50,100,"sd","10:27:49",1624800
28750,-50,100,"sd","10:27:45",1624700
28750,-50,100,"sd","10:27:26",1624600
28750,-50,500,"sd","10:27:23",1624500
28750,-50,500,"sd","10:27:20",1624000
28750,-50,100,"sd","10:27:13",1623500
28750,-50,300,"sd","10:27:12",1623400
28750,-50,1000,"sd","10:27:12",1623100
28750,-50,2000,"sd","10:27:12",1622100
28750,-50,1400,"sd","10:27:12",1620100
28750,-50,200,"sd","10:27:12",1618700
28750,-50,100,"sd","10:27:12",1618500
28750,-50,2400,"sd","10:27:02",1618400
28750,-50,4000,"sd","10:26:52",1616000
28800,0,100,"bu","10:26:39",1612000
28800,0,300,"bu","10:26:03",1611900
28800,0,200,"bu","10:25:54",1611600
28800,0,300,"bu","10:25:54",1611400
28800,0,200,"bu","10:25:48",1611100
28800,0,9800,"bu","10:25:48",1610900
28800,0,100,"bu","10:25:25",1601100
28750,-50,100,"sd","10:25:22",1601000
28800,0,500,"bu","10:25:05",1600900
28750,-50,100,"sd","10:24:47",1600400
28800,0,5000,"bu","10:24:40",1600300
28800,0,100,"bu","10:24:24",1595300
28800,0,3800,"bu","10:24:03",1595200
28750,-50,1000,"sd","10:23:27",1591400
28800,0,300,"bu","10:23:21",1590400
28800,0,2000,"bu","10:23:17",1590100
28750,-50,400,"bu","10:23:07",1588100
28750,-50,200,"bu","10:22:58",1587700
28700,-100,100,"sd","10:22:53",1587500
28750,-50,200,"bu","10:22:51",1587400
28750,-50,1500,"bu","10:22:45",1587200
28750,-50,700,"bu","10:22:27",1585700
28750,-50,300,"bu","10:22:27",1585000
28750,-50,200,"bu","10:22:22",1584700
28750,-50,100,"bu","10:22:22",1584500
28750,-50,200,"bu","10:22:22",1584400
28750,-50,100,"bu","10:22:21",1584200
28750,-50,200,"bu","10:22:08",1584100
28750,-50,100,"bu","10:22:08",1583900
28750,-50,4700,"bu","10:22:08",1583800
28750,-50,300,"bu","10:21:53",1579100
28750,-50,300,"bu","10:21:53",1578800
28750,-50,500,"bu","10:21:50",1578500
28750,-50,200,"bu","10:21:40",1578000
28700,-100,1000,"sd","10:21:18",1577800
28700,-100,200,"sd","10:20:37",1576800
28700,-100,1900,"sd","10:20:35",1576600
28700,-100,600,"sd","10:20:35",1574700
28700,-100,1000,"bu","10:20:29",1574100
28700,-100,100,"bu","10:20:29",1573100
28700,-100,500,"bu","10:20:29",1573000
28700,-100,100,"bu","10:20:29",1572500
28700,-100,2700,"bu","10:20:29",1572400
28700,-100,2300,"bu","10:20:28",1569700
28700,-100,2000,"bu","10:20:28",1567400
28700,-100,100,"bu","10:20:28",1565400
28700,-100,600,"bu","10:20:28",1565300
28700,-100,1000,"bu","10:20:26",1564700
28700,-100,100,"bu","10:20:26",1563700
28700,-100,400,"bu","10:20:26",1563600
28700,-100,5000,"bu","10:20:22",1563200
28700,-100,400,"bu","10:20:19",1558200
28700,-100,1300,"bu","10:20:17",1557800
28700,-100,900,"bu","10:20:17",1556500
28700,-100,300,"bu","10:20:13",1555600
28700,-100,5000,"bu","10:20:13",1555300
28700,-100,1000,"bu","10:20:11",1550300
28700,-100,5000,"bu","10:19:54",1549300
28650,-150,100,"sd","10:19:40",1544300
28700,-100,2000,"bu","10:19:39",1544200
28650,-150,800,"sd","10:19:15",1542200
28650,-150,1000,"sd","10:19:04",1541400
28650,-150,1000,"sd","10:19:04",1540400
28650,-150,100,"sd","10:19:04",1539400
28650,-150,700,"sd","10:19:04",1539300
28650,-150,400,"sd","10:19:04",1538600
28650,-150,200,"sd","10:19:04",1538200
28650,-150,1600,"sd","10:19:04",1538000
28650,-150,1000,"sd","10:18:54",1536400
28650,-150,400,"sd","10:18:49",1535400
28650,-150,600,"sd","10:18:49",1535000
28650,-150,4200,"sd","10:17:45",1534400
28650,-150,100,"sd","10:17:28",1530200
28650,-150,200,"sd","10:16:58",1530100
28650,-150,200,"bu","10:16:36",1529900
28650,-150,500,"bu","10:16:36",1529700
28650,-150,600,"bu","10:16:36",1529200
28650,-150,1000,"bu","10:16:36",1528600
28650,-150,2600,"bu","10:16:36",1527600
28650,-150,200,"bu","10:16:36",1525000
28650,-150,100,"bu","10:16:34",1524800
28650,-150,5000,"bu","10:16:27",1524700
28650,-150,1000,"bu","10:16:25",1519700
28650,-150,1000,"bu","10:16:24",1518700
28650,-150,100,"bu","10:16:22",1517700
28600,-200,100,"sd","10:16:20",1517600
28600,-200,100,"sd","10:16:01",1517500
28600,-200,100,"bu","10:15:43",1517400
28600,-200,300,"bu","10:15:43",1517300
28600,-200,4400,"bu","10:15:43",1517000
28600,-200,600,"bu","10:15:39",1512600
28600,-200,100,"bu","10:15:39",1512000
28600,-200,2000,"bu","10:15:39",1511900
28600,-200,300,"bu","10:15:39",1509900
28600,-200,2000,"bu","10:15:39",1509600
28600,-200,1500,"bu","10:15:39",1507600
28600,-200,900,"bu","10:15:39",1506100
28600,-200,100,"bu","10:15:39",1505200
28600,-200,2500,"bu","10:15:39",1505100
28600,-200,500,"bu","10:15:25",1502600
28600,-200,200,"bu","10:15:11",1502100
28600,-200,900,"bu","10:15:08",1501900
28600,-200,900,"bu","10:15:03",1501000
28600,-200,1100,"bu","10:15:03",1500100
28550,-250,100,"sd","10:14:56",1499000
28600,-200,1800,"bu","10:14:54",1498900
28600,-200,200,"bu","10:14:54",1497100
28550,-250,700,"sd","10:14:43",1496900
28550,-250,100,"sd","10:14:43",1496200
28550,-250,300,"sd","10:14:43",1496100
28550,-250,200,"sd","10:14:43",1495800
28550,-250,3700,"sd","10:14:43",1495600
28550,-250,2000,"sd","10:14:41",1491900
28600,-200,10000,"bu","10:14:39",1489900
28600,-200,1000,"bu","10:14:37",1479900
28600,-200,100,"bu","10:14:36",1478900
28600,-200,100,"bu","10:14:19",1478800
28550,-250,200,"sd","10:14:13",1478700
28550,-250,500,"sd","10:14:10",1478500
28600,-200,400,"bu","10:14:03",1478000
28550,-250,2000,"sd","10:13:48",1477600
28550,-250,3000,"sd","10:13:46",1475600
28550,-250,1500,"sd","10:13:30",1472600
28550,-250,3000,"sd","10:13:05",1471100
28550,-250,4100,"sd","10:13:03",1468100
28550,-250,100,"sd","10:13:03",1464000
28550,-250,6000,"sd","10:13:03",1463900
28550,-250,300,"sd","10:13:03",1457900
28550,-250,500,"sd","10:13:03",1457600
28550,-250,3000,"sd","10:13:03",1457100
28550,-250,1000,"sd","10:13:03",1454100
28550,-250,3000,"sd","10:13:03",1453100
28550,-250,500,"sd","10:13:03",1450100
28550,-250,500,"sd","10:13:03",1449600
28550,-250,1000,"sd","10:13:03",1449100
28550,-250,200,"sd","10:12:55",1448100
28550,-250,1000,"sd","10:12:55",1447900
28550,-250,300,"sd","10:12:55",1446900
28600,-200,300,"bu","10:12:55",1446600
28550,-250,200,"sd","10:12:50",1446300
28550,-250,2000,"sd","10:12:50",1446100
28600,-200,1000,"sd","10:12:35",1444100
28600,-200,500,"sd","10:12:35",1443100
28600,-200,2000,"sd","10:12:35",1442600
28600,-200,200,"sd","10:12:35",1440600
28600,-200,4200,"sd","10:12:35",1440400
28600,-200,800,"bu","10:11:54",1436200
28600,-200,3200,"sd","10:11:47",1435400
28600,-200,100,"sd","10:11:47",1432200
28600,-200,900,"sd","10:11:47",1432100
28600,-200,100,"bu","10:11:37",1431200
28600,-200,500,"sd","10:11:36",1431100
28600,-200,100,"sd","10:11:36",1430600
28600,-200,200,"sd","10:11:36",1430500
28600,-200,800,"bu","10:11:19",1430300
28600,-200,100,"sd","10:11:13",1429500
28600,-200,2100,"sd","10:11:13",1429400
28600,-200,400,"bu","10:11:05",1427300
28550,-250,1000,"sd","10:11:05",1426900
28600,-200,400,"bu","10:11:05",1425900
28600,-200,600,"bu","10:11:05",1425500
28600,-200,1400,"bu","10:11:03",1424900
28600,-200,700,"bu","10:11:03",1423500
28600,-200,400,"bu","10:11:03",1422800
28600,-200,2500,"bu","10:11:03",1422400
28600,-200,500,"bu","10:10:59",1419900
28600,-200,600,"bu","10:10:44",1419400
28600,-200,400,"bu","10:10:44",1418800
28600,-200,2000,"bu","10:10:44",1418400
28600,-200,500,"bu","10:10:43",1416400
28600,-200,200,"bu","10:10:40",1415900
28600,-200,1000,"bu","10:10:33",1415700
28600,-200,900,"sd","10:10:32",1414700
28600,-200,100,"sd","10:10:32",1413800
28600,-200,400,"sd","10:10:32",1413700
28650,-150,2000,"bu","10:10:20",1413300
28600,-200,500,"unknown","10:10:12",1411300
28600,-200,100,"unknown","10:10:12",1410800
28600,-200,900,"bu","10:09:59",1410700
28600,-200,2000,"sd","10:09:57",1409800
28600,-200,300,"sd","10:09:54",1407800
28600,-200,100,"bu","10:09:53",1407500
28600,-200,1700,"bu","10:09:53",1407400
28600,-200,1000,"bu","10:09:49",1405700
28550,-250,1000,"sd","10:09:49",1404700
28600,-200,1000,"bu","10:09:44",1403700
28600,-200,1000,"bu","10:09:39",1402700
28600,-200,600,"bu","10:09:39",1401700
28600,-200,200,"bu","10:09:37",1401100
28600,-200,200,"bu","10:09:34",1400900
28600,-200,100,"bu","10:09:31",1400700
