"price","change","match_qtty","side","time","total_vol"
22700,100,247900,"unknown","14:45:03",4392400
22650,50,500,"bu","14:29:59",4144500
22650,50,500,"bu","14:29:55",4144000
22650,50,300,"bu","14:29:43",4143500
22650,50,100,"bu","14:29:33",4143200
22650,50,3000,"bu","14:29:16",4143100
22600,0,600,"sd","14:29:11",4140100
22600,0,400,"sd","14:29:11",4139500
22650,50,5000,"bu","14:28:48",4139100
22650,50,6100,"bu","14:28:43",4134100
22600,0,100,"sd","14:28:17",4128000
22600,0,300,"sd","14:28:12",4127900
22650,50,100,"bu","14:27:55",4127600
22600,0,100,"sd","14:27:40",4127500
22650,50,17400,"bu","14:27:37",4127400
22600,0,100,"sd","14:27:32",4110000
22650,50,10000,"bu","14:27:09",4109900
22650,50,200,"bu","14:27:04",4099900
22650,50,7800,"bu","14:27:03",4099700
22650,50,200,"bu","14:27:03",4091900
22650,50,5000,"bu","14:27:03",4091700
22650,50,200,"bu","14:27:03",4086700
22650,50,4200,"bu","14:27:03",4086500
22650,50,2200,"bu","14:26:58",4082300
22650,50,2000,"bu","14:26:19",4080100
22650,50,17400,"bu","14:26:12",4078100
22650,50,10000,"bu","14:26:11",4060700
22650,50,10000,"bu","14:26:02",4050700
22650,50,4200,"bu","14:25:55",4040700
22650,50,1200,"bu","14:25:55",4036500
22650,50,200,"bu","14:25:55",4035300
22650,50,100,"bu","14:25:55",4035100
22650,50,1000,"bu","14:25:55",4035000
22650,50,1000,"bu","14:25:55",4034000
22650,50,100,"bu","14:25:55",4033000
22650,50,3500,"bu","14:25:55",4032900
22650,50,1400,"bu","14:25:55",4029400
22650,50,300,"bu","14:25:53",4028000
22650,50,200,"bu","14:25:53",4027700
22650,50,100,"bu","14:25:53",4027500
22650,50,16800,"bu","14:25:53",4027400
22650,50,3200,"bu","14:25:47",4010600
22650,50,100,"bu","14:25:47",4007400
22650,50,100,"bu","14:25:45",4007300
22600,0,600,"sd","14:25:36",4007200
22650,50,17400,"bu","14:25:33",4006600
22650,50,2900,"bu","14:25:32",3989200
22600,0,100,"bu","14:25:31",3986300
22600,0,6900,"bu","14:25:31",3986200
22600,0,100,"bu","14:25:20",3979300
22600,0,100,"bu","14:25:19",3979200
22600,0,10000,"bu","14:25:11",3979100
22600,0,1000,"bu","14:25:11",3969100
22600,0,100,"bu","14:25:11",3968100
22600,0,400,"bu","14:25:11",3968000
22600,0,1000,"bu","14:25:11",3967600
22600,0,400,"bu","14:25:11",3966600
22600,0,5000,"sd","14:25:05",3966200
22600,0,1000,"sd","14:25:00",3961200
22600,0,1600,"sd","14:24:51",3960200
22600,0,400,"sd","14:24:51",3958600
22600,0,2600,"sd","14:24:44",3958200
22600,0,2000,"sd","14:24:44",3955600
22600,0,10000,"sd","14:24:44",3953600
22600,0,5400,"sd","14:24:44",3943600
22600,0,1000,"sd","14:24:29",3938200
22600,0,200,"sd","14:23:47",3937200
22600,0,200,"sd","14:23:20",3937000
22650,50,2000,"bu","14:22:47",3936800
22600,0,100,"sd","14:22:45",3934800
22600,0,3100,"sd","14:22:42",3934700
22600,0,1000,"sd","14:22:42",3931600
22600,0,500,"sd","14:22:42",3930600
22600,0,200,"sd","14:22:42",3930100
22600,0,200,"sd","14:22:42",3929900
22650,50,200,"bu","14:22:42",3929700
22650,50,17200,"bu","14:22:42",3929500
22650,50,1000,"bu","14:22:37",3912300
22650,50,2900,"bu","14:22:31",3911300
22650,50,3600,"bu","14:22:31",3908400
22650,50,16800,"bu","14:22:29",3904800
22650,50,600,"bu","14:22:29",3888000
22650,50,11700,"bu","14:22:28",3887400
22650,50,5700,"bu","14:22:13",3875700
22600,0,100,"bu","14:22:13",3870000
22600,0,4400,"bu","14:22:13",3869900
22600,0,5000,"bu","14:22:13",3865500
22600,0,100,"bu","14:22:13",3860500
22600,0,900,"bu","14:22:13",3860400
22600,0,200,"bu","14:22:13",3859500
22600,0,500,"bu","14:22:13",3859300
22600,0,500,"bu","14:22:13",3858800
22600,0,200,"bu","14:22:08",3858300
22600,0,300,"bu","14:22:06",3858100
22600,0,700,"bu","14:22:06",3857800
22600,0,300,"bu","14:22:03",3857100
22600,0,100,"bu","14:22:03",3856800
22600,0,2000,"bu","14:22:03",3856700
22600,0,4000,"bu","14:22:03",3854700
22600,0,2600,"bu","14:22:03",3850700
22600,0,200,"bu","14:22:02",3848100
22600,0,2200,"bu","14:22:00",3847900
22600,0,400,"bu","14:22:00",3845700
22600,0,500,"bu","14:22:00",3845300
22600,0,1000,"bu","14:22:00",3844800
22600,0,2000,"bu","14:22:00",3843800
22600,0,1000,"bu","14:22:00",3841800
22600,0,500,"bu","14:22:00",3840800
22600,0,2600,"bu","14:22:00",3840300
22600,0,500,"bu","14:21:55",3837700
22600,0,5000,"bu","14:21:52",3837200
22600,0,400,"bu","14:21:51",3832200
22600,0,5000,"bu","14:21:51",3831800
22600,0,6500,"bu","14:21:41",3826800
22600,0,3400,"bu","14:21:41",3820300
22600,0,2000,"bu","14:21:41",3816900
22600,0,1000,"bu","14:21:41",3814900
22600,0,2100,"bu","14:21:41",3813900
22600,0,2500,"bu","14:21:21",3811800
22550,-50,6800,"sd","14:20:55",3809300
22550,-50,1600,"sd","14:20:55",3802500
22550,-50,500,"sd","14:20:55",3800900
22550,-50,21100,"sd","14:20:55",3800400
22600,0,3000,"bu","14:20:16",3779300
22600,0,3800,"bu","14:19:52",3776300
22550,-50,7900,"sd","14:19:15",3772500
22550,-50,200,"sd","14:19:15",3764600
22550,-50,1900,"sd","14:19:15",3764400
22600,0,1000,"bu","14:18:58",3762500
22550,-50,1000,"sd","14:18:54",3761500
22550,-50,100,"sd","14:17:36",3760500
22550,-50,1000,"sd","14:17:13",3760400
22550,-50,500,"sd","14:16:45",3759400
22550,-50,2000,"sd","14:16:14",3758900
22550,-50,2500,"sd","14:16:03",3756900
22550,-50,800,"sd","14:14:59",3754400
22550,-50,200,"sd","14:14:51",3753600
22550,-50,800,"sd","14:14:51",3753400
22550,-50,1200,"sd","14:14:33",3752600
22550,-50,400,"sd","14:14:33",3751400
22550,-50,100,"sd","14:14:33",3751000
22550,-50,400,"sd","14:14:33",3750900
22550,-50,10000,"sd","14:14:33",3750500
22550,-50,3000,"sd","14:14:33",3740500
22550,-50,800,"sd","14:14:33",3737500
22550,-50,500,"sd","14:14:33",3736700
22550,-50,3600,"sd","14:14:33",3736200
22550,-50,300,"sd","14:14:26",3732600
22550,-50,6000,"sd","14:14:25",3732300
22550,-50,100,"sd","14:13:58",3726300
22600,0,400,"bu","14:12:35",3726200
22550,-50,200,"bu","14:12:01",3725800
22550,-50,1000,"bu","14:12:01",3725600
22550,-50,100,"bu","14:12:01",3724600
22550,-50,20000,"bu","14:12:01",3724500
22550,-50,1000,"bu","14:12:01",3704500
22550,-50,400,"bu","14:12:01",3703500
22550,-50,7300,"bu","14:12:01",3703100
22550,-50,200,"bu","14:11:58",3695800
22550,-50,100,"bu","14:11:53",3695600
22550,-50,400,"bu","14:11:50",3695500
22550,-50,1000,"bu","14:11:50",3695100
22550,-50,600,"bu","14:11:50",3694100
22550,-50,10000,"bu","14:11:44",3693500
22550,-50,1000,"bu","14:11:43",3683500
22550,-50,2000,"bu","14:11:35",3682500
22550,-50,2000,"bu","14:11:34",3680500
22550,-50,500,"bu","14:11:28",3678500
22550,-50,200,"bu","14:10:49",3678000
22500,-100,1000,"sd","14:09:18",3677800
22500,-100,100,"sd","14:09:11",3676800
22500,-100,400,"sd","14:09:01",3676700
22500,-100,2000,"bu","14:08:47",3676300
22500,-100,5500,"bu","14:08:47",3674300
22500,-100,200,"bu","14:08:47",3668800
22500,-100,100,"bu","14:08:47",3668600
22500,-100,1000,"bu","14:08:47",3668500
22500,-100,200,"bu","14:08:47",3667500
22500,-100,4600,"bu","14:08:47",3667300
22500,-100,1100,"bu","14:08:47",3662700
22500,-100,1500,"bu","14:08:29",3661600
22500,-100,1000,"bu","14:08:29",3660100
22500,-100,500,"bu","14:08:29",3659100
22500,-100,1900,"bu","14:08:29",3658600
22500,-100,12500,"bu","14:08:29",3656700
22500,-100,1300,"bu","14:08:24",3644200
22500,-100,11400,"bu","14:08:20",3642900
22500,-100,2000,"bu","14:08:20",3631500
22500,-100,200,"bu","14:07:55",3629500
22500,-100,100,"bu","14:07:40",3629300
22500,-100,300,"bu","14:06:24",3629200
22450,-150,300,"sd","14:05:52",3628900
22500,-100,500,"bu","14:05:29",3628600
22500,-100,1000,"bu","14:05:23",3628100
22500,-100,500,"bu","14:05:18",3627100
22500,-100,200,"bu","14:05:13",3626600
22500,-100,100,"bu","14:04:35",3626400
22500,-100,200,"bu","14:04:35",3626300
22450,-150,300,"sd","14:03:50",3626100
22500,-100,200,"bu","14:03:49",3625800
22450,-150,400,"sd","14:02:36",3625600
22450,-150,5000,"sd","14:01:43",3625200
22450,-150,1800,"sd","14:01:40",3620200
22450,-150,1000,"sd","14:01:40",3618400
22450,-150,200,"sd","14:01:40",3617400
22450,-150,100,"sd","14:01:40",3617200
22450,-150,500,"sd","14:01:40",3617100
22450,-150,100,"sd","14:01:40",3616600
22450,-150,500,"sd","14:01:40",3616500
22450,-150,200,"sd","14:01:40",3616000
22450,-150,100,"sd","14:01:40",3615800
22450,-150,10000,"sd","14:01:40",3615700
22450,-150,2900,"sd","14:01:40",3605700
22450,-150,7100,"sd","14:00:56",3602800
22450,-150,200,"sd","14:00:56",3595700
22450,-150,700,"sd","14:00:56",3595500
22500,-100,100,"bu","14:00:46",3594800
22500,-100,100,"bu","14:00:40",3594700
22500,-100,500,"bu","14:00:05",3594600
22500,-100,300,"bu","13:59:25",3594100
22450,-150,300,"sd","13:59:22",3593800
22450,-150,200,"sd","13:59:22",3593500
22500,-100,100,"bu","13:59:16",3593300
22500,-100,2000,"bu","13:59:15",3593200
22500,-100,4000,"bu","13:59:02",3591200
22450,-150,500,"sd","13:58:23",3587200
22450,-150,1300,"sd","13:58:22",3586700
22450,-150,2000,"sd","13:58:22",3585400
22500,-100,2000,"bu","13:58:19",3583400
22500,-100,4400,"bu","13:58:04",3581400
22450,-150,2100,"bu","13:58:04",3577000
22450,-150,3000,"bu","13:58:03",3574900
22450,-150,1000,"bu","13:57:59",3571900
22450,-150,3000,"sd","13:57:48",3570900
22450,-150,500,"sd","13:57:48",3567900
22450,-150,10000,"sd","13:57:48",3567400
22450,-150,400,"sd","13:57:48",3557400
22450,-150,600,"sd","13:57:44",3557000
22450,-150,500,"sd","13:57:44",3556400
22450,-150,500,"sd","13:57:29",3555900
22450,-150,3600,"sd","13:57:24",3555400
22450,-150,500,"sd","13:57:15",3551800
22450,-150,400,"bu","13:57:06",3551300
22450,-150,100,"bu","13:57:04",3550900
22400,-200,400,"bu","13:56:46",3550800
22400,-200,85300,"bu","13:56:42",3550400
22400,-200,36700,"bu","13:56:42",3465100
22350,-250,500,"sd","13:56:38",3428400
22400,-200,3900,"bu","13:56:32",3427900
22350,-250,1500,"sd","13:56:29",3424000
22350,-250,200,"sd","13:56:29",3422500
22350,-250,100,"sd","13:56:29",3422300
22350,-250,1000,"sd","13:56:29",3422200
22350,-250,300,"sd","13:56:29",3421200
22350,-250,600,"sd","13:56:29",3420900
22350,-250,300,"sd","13:56:28",3420300
22400,-200,500,"bu","13:56:20",3420000
22400,-200,2000,"bu","13:56:08",3419500
22400,-200,10000,"bu","13:56:07",3417500
22350,-250,2100,"sd","13:55:59",3407500
22350,-250,100,"sd","13:55:59",3405400
22350,-250,200,"sd","13:55:59",3405300
22350,-250,200,"sd","13:55:59",3405100
22350,-250,300,"sd","13:55:59",3404900
22350,-250,100,"sd","13:55:59",3404600
22400,-200,200,"bu","13:55:59",3404500
22400,-200,900,"bu","13:55:57",3404300
22400,-200,100,"bu","13:55:57",3403400
22400,-200,200,"bu","13:55:38",3403300
22400,-200,1000,"bu","13:55:38",3403100
22400,-200,100,"bu","13:55:38",3402100
22400,-200,200,"bu","13:55:38",3402000
22400,-200,100,"bu","13:55:38",3401800
22400,-200,400,"bu","13:55:38",3401700
22400,-200,2000,"bu","13:55:38",3401300
22400,-200,1000,"bu","13:55:38",3399300
22400,-200,500,"bu","13:55:38",3398300
22400,-200,200,"bu","13:55:38",3397800
22400,-200,200,"bu","13:55:38",3397600
22400,-200,200,"bu","13:55:38",3397400
22400,-200,200,"bu","13:55:38",3397200
22400,-200,200,"bu","13:55:38",3397000
22400,-200,1000,"bu","13:55:38",3396800
22400,-200,100,"bu","13:55:38",3395800
22400,-200,5000,"bu","13:55:38",3395700
22400,-200,100,"bu","13:55:38",3390700
22400,-200,1000,"bu","13:55:38",3390600
22400,-200,2000,"bu","13:55:38",3389600
22400,-200,100,"bu","13:55:38",3387600
22400,-200,100,"bu","13:55:38",3387500
22400,-200,200,"bu","13:55:38",3387400
22400,-200,100,"bu","13:55:38",3387200
22400,-200,100,"bu","13:55:38",3387100
22400,-200,500,"bu","13:55:38",3387000
22400,-200,100,"bu","13:55:38",3386500
22400,-200,400,"bu","13:55:38",3386400
22400,-200,1200,"bu","13:55:38",3386000
22400,-200,100,"bu","13:55:38",3384800
22400,-200,10200,"bu","13:55:38",3384700
22400,-200,2400,"bu","13:55:38",3374500
22400,-200,200,"bu","13:55:38",3372100
22400,-200,200,"bu","13:55:38",3371900
22400,-200,1000,"bu","13:55:38",3371700
22400,-200,100,"bu","13:55:38",3370700
22400,-200,200,"bu","13:55:38",3370600
22400,-200,100,"bu","13:55:38",3370400
22400,-200,500,"bu","13:55:38",3370300
22400,-200,100,"bu","13:55:38",3369800
22400,-200,200,"bu","13:55:38",3369700
22400,-200,100,"bu","13:55:38",3369500
22400,-200,600,"bu","13:55:38",3369400
22400,-200,200,"bu","13:55:38",3368800
22400,-200,2400,"bu","13:55:38",3368600
22400,-200,100300,"bu","13:55:38",3366200
22400,-200,600,"bu","13:55:38",3265900
22400,-200,1000,"bu","13:55:38",3265300
22400,-200,100,"bu","13:55:38",3264300
22450,-150,100200,"bu","13:55:38",3264200
22400,-200,400,"bu","13:55:38",3164000
22450,-150,400,"bu","13:55:38",3163600
22450,-150,500,"bu","13:55:38",3163200
22450,-150,700,"bu","13:55:38",3162700
22450,-150,1800,"bu","13:55:38",3162000
22400,-200,1000,"bu","13:55:38",3160200
22400,-200,1100,"bu","13:55:38",3159200
22450,-150,1200,"sd","13:55:38",3158100
22400,-200,200,"sd","13:55:38",3156900
22450,-150,1500,"sd","13:55:38",3156700
22400,-200,700,"sd","13:55:38",3155200
22450,-150,200,"sd","13:55:38",3154500
22400,-200,2000,"sd","13:55:38",3154300
22400,-200,21900,"sd","13:55:38",3152300
22400,-200,1000,"sd","13:55:38",3130400
22450,-150,8100,"sd","13:55:38",3129400
22450,-150,12000,"sd","13:55:38",3121300
22400,-200,200,"sd","13:55:38",3109300
22400,-200,5000,"sd","13:55:38",3109100
22400,-200,100,"sd","13:55:38",3104100
22400,-200,10200,"sd","13:55:38",3104000
22400,-200,400,"sd","13:55:38",3093800
22450,-150,6200,"sd","13:55:38",3093400
22400,-200,300,"sd","13:55:38",3087200
22400,-200,100,"sd","13:55:38",3086900
22400,-200,100,"sd","13:55:38",3086800
22400,-200,500,"sd","13:55:38",3086700
22450,-150,4400,"sd","13:55:38",3086200
22400,-200,100,"sd","13:55:38",3081800
22450,-150,100,"sd","13:55:38",3081700
22400,-200,100,"sd","13:55:38",3081600
22400,-200,100,"sd","13:55:38",3081500
22450,-150,600,"sd","13:55:38",3081400
22450,-150,1200,"sd","13:55:38",3080800
22400,-200,100,"sd","13:55:38",3079600
22400,-200,1000,"sd","13:55:38",3079500
22450,-150,20000,"sd","13:55:38",3078500
22400,-200,3000,"sd","13:55:38",3058500
22450,-150,500,"sd","13:55:38",3055500
22400,-200,1200,"sd","13:55:38",3055000
22400,-200,5200,"sd","13:55:38",3053800
22400,-200,900,"sd","13:55:38",3048600
22400,-200,3000,"sd","13:55:38",3047700
22400,-200,500,"sd","13:55:38",3044700
22450,-150,1200,"sd","13:55:38",3044200
22400,-200,500,"sd","13:55:38",3043000
22400,-200,15000,"sd","13:55:38",3042500
22450,-150,100,"sd","13:55:38",3027500
22400,-200,25300,"sd","13:55:38",3027400
22450,-150,200,"sd","13:55:38",3002100
22400,-200,100,"sd","13:55:38",3001900
22400,-200,1600,"sd","13:55:38",3001800
22400,-200,600,"sd","13:55:38",3000200
22400,-200,500,"sd","13:55:38",2999600
22450,-150,600,"sd","13:55:38",2999100
22400,-200,200,"sd","13:55:38",2998400
22450,-150,100,"sd","13:55:38",2998500
22450,-150,200,"sd","13:55:38",2998200
22450,-150,400,"sd","13:55:38",2998000
22450,-150,400,"sd","13:55:38",2997600
22450,-150,200,"sd","13:55:38",2997200
22450,-150,500,"sd","13:55:38",2997000
22450,-150,2000,"sd","13:55:38",2996500
22450,-150,2000,"sd","13:55:38",2994500
22450,-150,100,"sd","13:55:38",2992500
22450,-150,1000,"sd","13:55:38",2992400
22450,-150,100,"sd","13:55:38",2991400
22450,-150,1000,"sd","13:55:38",2991300
22450,-150,100,"sd","13:55:38",2990300
22450,-150,20000,"sd","13:55:38",2990200
22450,-150,100,"sd","13:55:38",2970200
22450,-150,500,"sd","13:55:38",2970100
22450,-150,300,"sd","13:55:38",2969600
22450,-150,1300,"sd","13:55:38",2969300
22450,-150,1500,"sd","13:55:38",2968000
22450,-150,200,"sd","13:55:38",2966500
22450,-150,200,"sd","13:55:38",2966300
22450,-150,500,"sd","13:55:38",2966100
22450,-150,700,"sd","13:55:38",2965600
22450,-150,200,"sd","13:55:38",2964900
22450,-150,300,"sd","13:55:38",2964700
22450,-150,100,"sd","13:55:38",2964400
22450,-150,1000,"sd","13:55:38",2964300
22450,-150,4000,"sd","13:55:38",2963300
22450,-150,100,"sd","13:55:38",2959300
22450,-150,200,"sd","13:55:38",2959200
22450,-150,500,"sd","13:55:38",2959000
22450,-150,900,"sd","13:55:38",2958500
22450,-150,600,"sd","13:55:37",2957600
22500,-100,100,"bu","13:55:32",2957000
22500,-100,100,"bu","13:55:18",2956900
22500,-100,1900,"bu","13:55:17",2956800
22500,-100,100,"bu","13:55:17",2954900
22500,-100,1000,"bu","13:55:17",2954800
22500,-100,700,"bu","13:55:17",2953800
22500,-100,2800,"bu","13:55:17",2953100
22500,-100,500,"bu","13:55:17",2950300
22500,-100,28700,"bu","13:55:17",2949800
22500,-100,3000,"bu","13:55:14",2921100
22500,-100,500,"bu","13:55:03",2918100
22500,-100,500,"sd","13:54:55",2917600
22500,-100,17300,"sd","13:54:55",2917100
22500,-100,3000,"sd","13:54:50",2899800
22500,-100,5000,"sd","13:54:35",2896800
22500,-100,500,"bu","13:54:34",2891800
22500,-100,4200,"bu","13:54:34",2891300
22500,-100,200,"bu","13:54:31",2887100
22500,-100,1000,"bu","13:54:04",2886900
22500,-100,600,"sd","13:54:02",2885900
22500,-100,4000,"sd","13:54:02",2885300
22500,-100,200,"sd","13:54:02",2881300
22500,-100,30000,"sd","13:54:02",2881100
22500,-100,2000,"sd","13:54:02",2851100
22500,-100,100,"sd","13:54:02",2849100
22500,-100,100,"sd","13:54:02",2849000
22500,-100,300,"sd","13:54:02",2848900
22500,-100,1600,"sd","13:54:02",2848600
22500,-100,100,"sd","13:54:02",2847000
22500,-100,1000,"sd","13:54:02",2846900
22500,-100,10000,"sd","13:54:02",2845900
22500,-100,200,"sd","13:54:02",2835900
22500,-100,2000,"sd","13:54:02",2835700
22500,-100,5600,"sd","13:54:02",2833700
22500,-100,4000,"sd","13:54:02",2828100
22500,-100,100,"sd","13:54:02",2824100
22500,-100,500,"sd","13:54:02",2824000
22500,-100,200,"sd","13:54:02",2823500
22500,-100,100,"sd","13:54:02",2823300
22500,-100,500,"sd","13:54:02",2823200
22500,-100,4600,"sd","13:54:02",2822700
22500,-100,500,"sd","13:54:02",2818100
22500,-100,3000,"sd","13:54:02",2817600
22500,-100,13800,"sd","13:54:02",2814600
22500,-100,100,"sd","13:54:02",2800800
22500,-100,100,"sd","13:54:02",2800700
22500,-100,100,"sd","13:54:02",2800600
22500,-100,2000,"sd","13:54:02",2800500
22500,-100,2900,"sd","13:54:02",2798500
22500,-100,100,"sd","13:54:02",2795600
22500,-100,54200,"sd","13:54:02",2795500
22500,-100,1000,"sd","13:53:58",2741300
22500,-100,100,"sd","13:53:50",2740300
22500,-100,300,"sd","13:53:50",2740200
22500,-100,200,"sd","13:53:49",2739900
22500,-100,11700,"sd","13:53:46",2739700
22500,-100,500,"sd","13:53:44",2728000
22500,-100,1000,"sd","13:53:37",2727500
22500,-100,4600,"sd","13:53:37",2726500
22500,-100,7000,"sd","13:53:36",2721900
22500,-100,600,"sd","13:53:31",2714900
22500,-100,11700,"sd","13:53:28",2714300
22500,-100,200,"sd","13:53:24",2702600
22500,-100,500,"sd","13:53:23",2702400
22500,-100,7500,"sd","13:53:03",2701900
22500,-100,100,"sd","13:53:02",2694400
22500,-100,11500,"sd","13:52:46",2694300
22500,-100,6000,"sd","13:52:42",2682800
22550,-50,1100,"sd","13:52:42",2676800
22550,-50,7400,"sd","13:52:40",2675700
22550,-50,500,"bu","13:52:37",2668300
22550,-50,1000,"bu","13:52:37",2667800
22500,-100,200,"sd","13:52:36",2666800
22500,-100,10700,"sd","13:52:30",2666600
22500,-100,10400,"sd","13:52:26",2655900
22500,-100,1000,"sd","13:52:26",2645500
22500,-100,2000,"sd","13:52:26",2644500
22500,-100,3500,"sd","13:52:26",2642500
22500,-100,500,"sd","13:52:26",2639000
22500,-100,300,"sd","13:52:15",2638500
22500,-100,2000,"sd","13:52:13",2638200
22500,-100,2000,"sd","13:52:13",2636200
22500,-100,200,"sd","13:52:13",2634200
22500,-100,300,"sd","13:52:13",2634000
22500,-100,100,"sd","13:52:13",2633700
22500,-100,5000,"sd","13:52:13",2633600
22500,-100,600,"sd","13:52:13",2628600
22500,-100,200,"sd","13:52:13",2628000
22500,-100,500,"sd","13:52:13",2627800
22500,-100,400,"sd","13:52:13",2627300
22500,-100,200,"sd","13:52:13",2626900
22500,-100,600,"sd","13:52:10",2626700
22500,-100,5000,"sd","13:52:10",2626100
22500,-100,200,"sd","13:52:10",2621100
22500,-100,100,"sd","13:52:10",2620900
22550,-50,600,"sd","13:52:10",2620800
22500,-100,100,"sd","13:52:06",2620200
22500,-100,1000,"sd","13:52:06",2620100
22500,-100,9500,"sd","13:52:06",2619100
22500,-100,1000,"sd","13:52:06",2609600
22500,-100,5800,"sd","13:52:06",2608600
22500,-100,2000,"sd","13:52:00",2602800
22500,-100,1300,"sd","13:51:59",2600800
22550,-50,300,"sd","13:51:59",2599500
22550,-50,1000,"sd","13:51:59",2599200
22550,-50,1600,"sd","13:51:59",2598200
22500,-100,7200,"sd","13:51:59",2596600
22550,-50,200,"sd","13:51:53",2589400
22550,-50,10700,"sd","13:51:48",2589200
22550,-50,7500,"sd","13:51:38",2578500
22550,-50,200,"sd","13:51:38",2571000
22550,-50,200,"sd","13:51:38",2570800
22550,-50,300,"sd","13:51:38",2570600
22550,-50,100,"sd","13:51:38",2570300
22550,-50,3500,"sd","13:51:38",2570200
22550,-50,500,"sd","13:51:30",2566700
22550,-50,300,"sd","13:51:24",2566200
22550,-50,100,"sd","13:51:24",2565900
22550,-50,6000,"sd","13:51:24",2565800
22550,-50,100,"sd","13:51:24",2559800
22550,-50,400,"sd","13:51:24",2559700
22550,-50,1000,"sd","13:51:24",2559300
22550,-50,500,"sd","13:51:24",2558300
22550,-50,100,"sd","13:51:24",2557800
22550,-50,100,"sd","13:51:04",2557700
22550,-50,500,"sd","13:50:38",2557600
22550,-50,100,"sd","13:50:36",2557100
22550,-50,400,"sd","13:50:26",2557000
22600,0,1000,"bu","13:50:19",2556600
22550,-50,500,"sd","13:49:46",2555600
22550,-50,1800,"sd","13:49:46",2555100
22600,0,100,"bu","13:49:33",2553300
22550,-50,500,"sd","13:48:56",2553200
22550,-50,3000,"sd","13:48:20",2552700
22550,-50,500,"sd","13:48:04",2549700
22550,-50,100,"sd","13:47:58",2549200
22550,-50,500,"sd","13:47:23",2549100
22550,-50,200,"sd","13:46:34",2548600
22550,-50,800,"sd","13:46:27",2548400
22550,-50,300,"sd","13:46:27",2547600
22550,-50,400,"sd","13:46:27",2547300
22550,-50,200,"sd","13:46:27",2546900
22550,-50,300,"sd","13:46:27",2546700
22550,-50,500,"sd","13:46:22",2546400
22550,-50,3000,"sd","13:45:52",2545900
22550,-50,400,"sd","13:45:49",2542900
22550,-50,2000,"sd","13:45:38",2542500
22550,-50,1000,"sd","13:45:37",2540500
22550,-50,3100,"sd","13:45:33",2539500
22550,-50,1900,"sd","13:45:33",2536400
22550,-50,100,"sd","13:45:32",2534500
22550,-50,500,"sd","13:45:31",2534400
22600,0,100,"bu","13:44:54",2533900
22550,-50,3000,"sd","13:44:50",2533800
22550,-50,500,"bu","13:44:49",2530800
22550,-50,4000,"bu","13:44:49",2530300
22550,-50,500,"bu","13:44:45",2526300
22550,-50,500,"sd","13:44:23",2525800
22550,-50,500,"sd","13:44:17",2525300
22550,-50,500,"sd","13:44:17",2524800
22550,-50,900,"sd","13:44:03",2524300
22550,-50,500,"sd","13:43:46",2523400
22550,-50,2000,"sd","13:43:43",2522900
22550,-50,1000,"sd","13:43:38",2520900
22550,-50,1600,"sd","13:43:37",2519900
22550,-50,500,"sd","13:43:37",2518300
22550,-50,200,"sd","13:43:37",2517800
22550,-50,500,"sd","13:43:37",2517600
22550,-50,9900,"sd","13:43:37",2517100
22550,-50,100,"sd","13:43:34",2507200
22550,-50,100,"sd","13:43:34",2507100
22550,-50,500,"sd","13:43:33",2507000
22550,-50,19300,"sd","13:43:33",2506500
22550,-50,17400,"sd","13:43:30",2487200
22550,-50,4900,"sd","13:43:24",2469800
22550,-50,6200,"sd","13:43:12",2464900
22550,-50,2200,"sd","13:43:04",2458700
22550,-50,9200,"sd","13:43:04",2456500
22550,-50,500,"sd","13:42:55",2447300
22550,-50,300,"sd","13:42:03",2446800
22550,-50,100,"sd","13:42:03",2446500
22550,-50,100,"sd","13:42:03",2446400
22600,0,500,"bu","13:41:46",2446300
22550,-50,500,"sd","13:41:21",2445800
22550,-50,400,"sd","13:40:21",2445300
22550,-50,100,"sd","13:40:21",2444900
22550,-50,4900,"sd","13:39:37",2444800
22550,-50,100,"sd","13:39:37",2439900
22550,-50,500,"sd","13:39:30",2439800
22550,-50,100,"sd","13:38:58",2439300
22550,-50,100,"sd","13:38:44",2439200
22550,-50,200,"bu","13:38:43",2439100
22550,-50,300,"sd","13:38:38",2438900
22550,-50,500,"sd","13:38:18",2438600
22550,-50,200,"sd","13:38:12",2438100
22550,-50,1000,"sd","13:38:12",2437900
22550,-50,100,"sd","13:38:12",2436900
22550,-50,2500,"sd","13:38:12",2436800
22550,-50,200,"sd","13:38:12",2434300
22550,-50,5000,"sd","13:38:12",2434100
22550,-50,10000,"sd","13:38:12",2429100
22550,-50,300,"sd","13:38:12",2419100
22550,-50,5800,"sd","13:38:12",2418800
22550,-50,200,"sd","13:37:58",2413000
22550,-50,500,"sd","13:37:47",2412800
22550,-50,100,"sd","13:37:33",2412300
22550,-50,800,"sd","13:37:33",2412200
22550,-50,1100,"sd","13:37:17",2411400
22550,-50,500,"sd","13:36:55",2410300
22550,-50,500,"sd","13:36:04",2409800
22550,-50,500,"sd","13:35:23",2409300
22550,-50,1200,"bu","13:34:49",2408800
22550,-50,100,"bu","13:34:30",2407600
22550,-50,500,"sd","13:34:27",2407500
22550,-50,100,"sd","13:34:27",2407000
22550,-50,100,"sd","13:34:27",2406900
22550,-50,800,"sd","13:34:27",2406800
22550,-50,2200,"sd","13:34:27",2406000
22550,-50,600,"sd","13:34:24",2403800
22550,-50,500,"sd","13:34:21",2403200
22550,-50,6700,"sd","13:33:51",2402700
22550,-50,1000,"sd","13:33:51",2396000
22550,-50,1000,"sd","13:33:51",2395000
22550,-50,1000,"sd","13:33:51",2394000
22550,-50,10000,"sd","13:33:51",2393000
22550,-50,300,"sd","13:33:51",2383000
22600,0,200,"bu","13:33:42",2382700
22550,-50,500,"sd","13:33:42",2382500
22550,-50,4200,"sd","13:33:36",2382000
22550,-50,9800,"sd","13:33:36",2377800
22550,-50,200,"sd","13:33:30",2368000
22550,-50,300,"sd","13:33:30",2367800
22550,-50,200,"sd","13:32:38",2367500
22550,-50,300,"sd","13:32:38",2367300
22600,0,1700,"bu","13:32:28",2367000
22600,0,500,"bu","13:32:17",2365300
22600,0,300,"bu","13:32:16",2364800
22600,0,4000,"bu","13:31:51",2364500
22550,-50,500,"sd","13:31:46",2360500
22600,0,100,"bu","13:31:46",2360000
22600,0,5000,"bu","13:31:45",2359900
22600,0,100,"bu","13:31:38",2354900
22600,0,3600,"bu","13:30:59",2354800
22600,0,1400,"bu","13:30:59",2351200
22550,-50,500,"sd","13:30:55",2349800
22550,-50,500,"sd","13:30:36",2349300
22600,0,1600,"bu","13:30:28",2348800
22600,0,1200,"bu","13:30:28",2347200
22600,0,500,"bu","13:30:28",2346000
22600,0,700,"bu","13:30:28",2345500
22600,0,300,"bu","13:30:15",2344800
22600,0,400,"bu","13:30:15",2344500
22600,0,100,"bu","13:30:13",2344100
22600,0,300,"bu","13:30:13",2344000
22600,0,1000,"bu","13:30:13",2343700
22600,0,2100,"bu","13:30:13",2342700
22550,-50,500,"sd","13:30:03",2340600
22550,-50,800,"sd","13:29:23",2340100
22550,-50,500,"sd","13:29:21",2339300
22600,0,7900,"bu","13:28:45",2338800
22600,0,100,"bu","13:28:45",2330900
22600,0,2000,"bu","13:28:45",2330800
22550,-50,1000,"sd","13:28:27",2328800
22550,-50,500,"sd","13:28:21",2327800
22550,-50,2000,"sd","13:28:14",2327300
22550,-50,2000,"bu","13:27:35",2325300
22550,-50,500,"bu","13:27:35",2323300
22550,-50,100,"bu","13:27:35",2322800
22550,-50,300,"bu","13:27:35",2322700
22550,-50,500,"bu","13:27:32",2322400
22500,-100,500,"sd","13:27:30",2321900
22550,-50,3000,"bu","13:27:27",2321400
22550,-50,200,"bu","13:27:18",2318400
22550,-50,2000,"bu","13:27:13",2318200
22550,-50,200,"bu","13:27:10",2316200
22550,-50,200,"bu","13:26:58",2316000
22550,-50,55700,"bu","13:26:49",2315800
22500,-100,500,"sd","13:26:38",2260100
22550,-50,200,"bu","13:26:17",2259600
22550,-50,500,"bu","13:25:47",2259400
22500,-100,500,"sd","13:25:46",2258900
22500,-100,100,"sd","13:24:55",2258400
22500,-100,200,"sd","13:24:55",2258300
22500,-100,200,"sd","13:24:55",2258100
22500,-100,100,"sd","13:24:30",2257900
22500,-100,100,"sd","13:24:30",2257800
22500,-100,200,"bu","13:24:17",2257700
22500,-100,300,"bu","13:24:08",2257500
22500,-100,1000,"sd","13:23:44",2257200
22500,-100,500,"sd","13:23:44",2256200
22500,-100,19000,"sd","13:23:44",2255700
22500,-100,1000,"sd","13:23:44",2236700
22500,-100,500,"sd","13:23:44",2235700
22500,-100,100,"sd","13:23:44",2235200
22500,-100,500,"sd","13:23:44",2235100
22500,-100,200,"sd","13:23:44",2234600
22500,-100,100,"sd","13:23:44",2234400
22500,-100,1000,"sd","13:23:44",2234300
22500,-100,100,"sd","13:23:44",2233300
22500,-100,7500,"sd","13:23:44",2233200
22500,-100,1200,"sd","13:23:40",2225700
22500,-100,500,"sd","13:23:22",2224500
22500,-100,200,"sd","13:23:22",2224000
22500,-100,300,"sd","13:23:13",2223800
22500,-100,300,"sd","13:23:07",2223500
22500,-100,2000,"sd","13:23:07",2223200
22500,-100,2000,"sd","13:23:07",2221200
22500,-100,100,"sd","13:23:07",2219200
22500,-100,500,"sd","13:23:07",2219100
22500,-100,10000,"sd","13:23:07",2218600
22500,-100,500,"sd","13:23:07",2208600
22500,-100,500,"sd","13:23:07",2208100
22500,-100,500,"sd","13:23:07",2207600
22500,-100,300,"sd","13:23:07",2207100
22500,-100,200,"sd","13:23:07",2206800
22500,-100,100,"sd","13:23:07",2206600
22500,-100,200,"sd","13:23:07",2206500
22500,-100,1000,"sd","13:23:07",2206300
22500,-100,7000,"sd","13:23:07",2205300
22500,-100,200,"sd","13:23:07",2198300
22500,-100,200,"sd","13:23:07",2198100
22500,-100,500,"sd","13:23:07",2197900
22500,-100,2000,"sd","13:23:07",2197400
22500,-100,800,"sd","13:23:07",2195400
22500,-100,500,"sd","13:23:07",2194600
22500,-100,300,"sd","13:23:07",2194100
22500,-100,300,"sd","13:23:07",2193800
22500,-100,500,"sd","13:22:22",2193500
22500,-100,200,"sd","13:21:48",2193000
22500,-100,500,"sd","13:21:48",2192800
22500,-100,18000,"sd","13:21:48",2192300
22500,-100,1300,"sd","13:21:48",2174300
22500,-100,100,"sd","13:21:41",2173000
22500,-100,500,"sd","13:21:30",2172900
22500,-100,500,"sd","13:20:38",2172400
22500,-100,100,"sd","13:20:22",2171900
22500,-100,500,"sd","13:19:46",2171800
22500,-100,3000,"sd","13:19:41",2171300
22500,-100,12000,"sd","13:19:36",2168300
22500,-100,500,"sd","13:18:55",2156300
22500,-100,500,"sd","13:18:04",2155800
22550,-50,100,"bu","13:17:56",2155300
22500,-100,1600,"sd","13:17:54",2155200
22500,-100,500,"sd","13:17:22",2153600
22550,-50,10000,"bu","13:16:58",2153100
22550,-50,100,"bu","13:16:50",2143100
22500,-100,8900,"sd","13:16:36",2143000
22500,-100,8500,"sd","13:16:36",2134100
22500,-100,500,"sd","13:16:22",2125600
22500,-100,3300,"sd","13:16:17",2125100
22500,-100,500,"sd","13:15:29",2121800
22500,-100,1000,"sd","13:15:21",2121300
22500,-100,1200,"sd","13:14:46",2120300
22500,-100,100,"sd","13:14:46",2119100
22500,-100,500,"sd","13:14:46",2119000
22500,-100,100,"sd","13:14:46",2118500
22500,-100,100,"sd","13:14:46",2118400
22500,-100,3000,"sd","13:14:46",2118300
22500,-100,500,"sd","13:14:38",2115300
22550,-50,100,"bu","13:14:14",2114800
22550,-50,100,"bu","13:13:54",2114700
22500,-100,1000,"sd","13:13:53",2114600
22500,-100,500,"sd","13:13:46",2113600
22500,-100,1000,"sd","13:13:37",2113100
22500,-100,100,"sd","13:13:37",2112100
22500,-100,1500,"sd","13:13:37",2112000
22500,-100,1000,"sd","13:12:57",2110500
22500,-100,6100,"sd","13:12:57",2109500
22500,-100,500,"sd","13:12:55",2103400
22500,-100,1500,"sd","13:12:40",2102900
22500,-100,11100,"sd","13:12:30",2101400
22500,-100,500,"sd","13:12:03",2090300
22500,-100,300,"sd","13:11:21",2089800
22500,-100,200,"sd","13:11:21",2089500
22500,-100,2300,"sd","13:11:00",2089300
22500,-100,1000,"sd","13:11:00",2087000
22500,-100,1700,"sd","13:11:00",2086000
22500,-100,500,"sd","13:10:36",2084300
22500,-100,500,"bu","13:10:26",2083800
22500,-100,11300,"bu","13:10:26",2083300
22500,-100,3000,"bu","13:10:24",2072000
22500,-100,100,"sd","13:10:16",2069000
22500,-100,2000,"sd","13:10:16",2068900
22500,-100,1000,"sd","13:10:16",2066900
22500,-100,100,"sd","13:10:16",2065900
22500,-100,400,"sd","13:10:16",2065800
22500,-100,500,"sd","13:10:16",2065400
22500,-100,1200,"sd","13:10:16",2064900
22500,-100,500,"sd","13:10:16",2063700
22500,-100,100,"sd","13:10:16",2063200
22500,-100,100,"sd","13:10:16",2063100
22500,-100,3300,"sd","13:10:16",2063000
22500,-100,200,"sd","13:10:16",2059700
22500,-100,200,"sd","13:10:16",2059500
22500,-100,200,"sd","13:10:16",2059300
22500,-100,5000,"sd","13:10:16",2059100
22500,-100,100,"sd","13:10:16",2054100
22500,-100,100,"sd","13:10:16",2054000
22500,-100,300,"sd","13:10:16",2053900
22500,-100,100,"sd","13:10:16",2053600
22500,-100,100,"sd","13:10:16",2053500
22500,-100,100,"sd","13:10:16",2053400
22500,-100,1400,"sd","13:09:31",2053300
22500,-100,500,"sd","13:09:29",2051900
22500,-100,500,"sd","13:08:38",2051400
22500,-100,2500,"sd","13:08:38",2050900
22500,-100,1800,"bu","13:08:02",2048400
22500,-100,100,"bu","13:07:57",2046600
22500,-100,100,"sd","13:07:51",2046500
22500,-100,300,"sd","13:07:51",2046400
22500,-100,5000,"sd","13:07:51",2046100
22500,-100,200,"sd","13:07:51",2041100
22500,-100,5000,"sd","13:07:51",2040900
22500,-100,100,"sd","13:07:51",2035900
22500,-100,500,"sd","13:07:51",2035800
22500,-100,1000,"sd","13:07:51",2035300
22500,-100,500,"sd","13:07:51",2034300
22500,-100,700,"sd","13:07:51",2033800
22500,-100,200,"sd","13:07:51",2033100
22500,-100,10000,"sd","13:07:50",2032900
22500,-100,500,"sd","13:07:50",2022900
22500,-100,1000,"sd","13:07:50",2022400
22500,-100,100,"sd","13:07:50",2021400
22500,-100,2900,"sd","13:07:50",2021300
22500,-100,500,"sd","13:07:46",2018400
22550,-50,300,"bu","13:07:20",2017900
22500,-100,500,"sd","13:06:55",2017600
22500,-100,1100,"sd","13:06:37",2017100
22500,-100,500,"sd","13:06:37",2016000
22500,-100,5000,"sd","13:06:37",2015500
22500,-100,200,"sd","13:06:37",2010500
22500,-100,500,"sd","13:06:37",2010300
22500,-100,200,"sd","13:06:37",2009800
22500,-100,100,"sd","13:06:37",2009600
22500,-100,1000,"sd","13:06:37",2009500
22500,-100,5000,"sd","13:06:37",2008500
22500,-100,3800,"sd","13:06:37",2003500
22500,-100,1000,"sd","13:06:23",1999700
22500,-100,500,"sd","13:06:03",1998700
22550,-50,1000,"bu","13:05:39",1998200
22500,-100,500,"sd","13:05:21",1997200
22500,-100,500,"sd","13:04:21",1996700
22550,-50,10000,"bu","13:04:17",1996200
22500,-100,3700,"sd","13:04:16",1986200
22500,-100,13700,"sd","13:04:16",1982500
22500,-100,700,"sd","13:04:03",1968800
22500,-100,5600,"bu","13:03:30",1968100
22450,-150,500,"sd","13:03:29",1962500
22500,-100,600,"bu","13:03:18",1962000
22500,-100,4400,"bu","13:03:18",1961400
22500,-100,500,"bu","13:03:14",1957000
22450,-150,3000,"sd","13:02:56",1956500
22450,-150,100,"sd","13:02:56",1953500
22450,-150,100,"sd","13:02:56",1953400
22450,-150,100,"sd","13:02:56",1953300
22450,-150,500,"sd","13:02:56",1953200
22450,-150,300,"sd","13:02:56",1952700
22450,-150,1000,"sd","13:02:56",1952400
22450,-150,500,"sd","13:02:56",1951400
22450,-150,2000,"sd","13:02:56",1950900
22450,-150,100,"sd","13:02:56",1948900
22450,-150,500,"sd","13:02:56",1948800
22450,-150,100,"sd","13:02:56",1948300
22450,-150,500,"sd","13:02:56",1948200
22450,-150,4500,"sd","13:02:56",1947700
22500,-100,100,"sd","13:02:56",1943200
22500,-100,500,"sd","13:02:56",1943100
22500,-100,100,"sd","13:02:56",1942600
22500,-100,500,"sd","13:02:56",1942500
22500,-100,2900,"sd","13:02:56",1942000
22500,-100,600,"sd","13:02:41",1939100
22500,-100,500,"sd","13:02:38",1938500
22500,-100,500,"bu","13:01:57",1938000
22500,-100,500,"bu","13:01:57",1937500
22450,-150,100,"sd","13:01:20",1937000
22450,-150,500,"sd","13:01:20",1936900
22450,-150,200,"sd","13:01:20",1936400
22450,-150,100,"sd","13:01:20",1936200
22500,-100,1000,"sd","13:01:20",1936100
22500,-100,600,"sd","13:01:20",1935100
22500,-100,100,"sd","13:01:20",1934500
22500,-100,200,"sd","13:01:20",1934400
22500,-100,200,"sd","13:01:20",1934200
22500,-100,100,"sd","13:01:20",1934000
22500,-100,100,"sd","13:01:20",1933900
22500,-100,1000,"sd","13:01:20",1933800
22450,-150,5500,"sd","13:01:20",1932800
22500,-100,400,"sd","13:01:20",1927300
22500,-100,2600,"sd","13:01:20",1926900
22500,-100,2400,"sd","13:01:12",1924300
22500,-100,5000,"sd","13:01:12",1921900
22500,-100,400,"sd","13:01:12",1916900
22500,-100,3900,"sd","13:01:12",1916500
22500,-100,1100,"sd","13:01:04",1912600
22500,-100,5000,"sd","13:01:04",1911500
22500,-100,100,"sd","13:01:04",1906500
22500,-100,400,"sd","13:01:04",1906400
22500,-100,100,"sd","13:01:04",1906000
22500,-100,400,"sd","13:01:04",1905900
22500,-100,100,"sd","13:01:04",1905500
22500,-100,200,"sd","13:01:04",1905400
22500,-100,100,"sd","13:01:04",1905200
22500,-100,1000,"sd","13:01:04",1905100
22500,-100,200,"sd","13:01:04",1904100
22500,-100,500,"sd","13:01:04",1903900
22500,-100,1000,"sd","13:01:04",1903400
22500,-100,200,"sd","13:01:04",1902400
22500,-100,100,"sd","13:01:04",1902200
22500,-100,300,"sd","13:01:04",1902100
22500,-100,200,"sd","13:00:56",1901800
22500,-100,10600,"sd","13:00:56",1901600
22500,-100,500,"sd","13:00:55",1891000
22500,-100,6500,"sd","13:00:44",1890500
22500,-100,11400,"sd","13:00:43",1884000
22500,-100,500,"sd","13:00:38",1872600
22500,-100,12700,"sd","13:00:37",1872100
22500,-100,10000,"sd","13:00:33",1859400
22500,-100,100,"sd","13:00:30",1849400
22500,-100,200,"sd","13:00:28",1849300
22550,-50,100,"bu","13:00:26",1849100
22500,-100,1000,"sd","13:00:11",1849000
22550,-50,300,"bu","13:00:08",1848000
22500,-100,200,"sd","13:00:07",1847700
22500,-100,6500,"sd","13:00:06",1847500
22500,-100,200,"sd","13:00:05",1841000
22500,-100,5500,"sd","13:00:03",1840800
22500,-100,1400,"sd","13:00:03",1835300
22500,-100,17400,"sd","11:29:53",1833900
22500,-100,17400,"sd","11:29:39",1816500
22500,-100,7800,"sd","11:29:23",1799100
22500,-100,600,"sd","11:29:18",1791300
22500,-100,1000,"sd","11:28:51",1790700
22500,-100,200,"sd","11:28:34",1789700
22500,-100,3000,"sd","11:28:02",1789500
22500,-100,500,"sd","11:28:00",1786500
22500,-100,2100,"sd","11:27:56",1786000
22500,-100,2700,"sd","11:27:14",1783900
22500,-100,500,"sd","11:27:14",1781200
22500,-100,400,"sd","11:27:14",1780700
22500,-100,100,"sd","11:27:14",1780300
22500,-100,500,"sd","11:27:14",1780200
22500,-100,100,"sd","11:27:14",1779700
22500,-100,1000,"sd","11:27:14",1779600
22500,-100,1000,"sd","11:27:14",1778600
22500,-100,100,"sd","11:27:14",1777600
22500,-100,200,"sd","11:27:14",1777500
22500,-100,100,"sd","11:27:14",1777300
22500,-100,500,"sd","11:27:14",1777200
22500,-100,100,"sd","11:27:14",1776700
22500,-100,5000,"sd","11:27:14",1776600
22500,-100,200,"sd","11:27:14",1771600
22500,-100,200,"sd","11:27:14",1771400
22500,-100,10000,"sd","11:27:14",1771200
22500,-100,100,"sd","11:27:14",1761200
22500,-100,100,"sd","11:27:14",1761100
22500,-100,21000,"sd","11:27:14",1761000
22500,-100,4000,"sd","11:27:14",1740000
22500,-100,100,"sd","11:27:14",1736000
22500,-100,300,"sd","11:27:14",1735900
22500,-100,1000,"sd","11:27:14",1735600
22550,-50,5000,"bu","11:26:17",1734600
22550,-50,100,"bu","11:26:14",1729600
22500,-100,1500,"sd","11:25:26",1729500
22550,-50,200,"bu","11:25:18",1728000
22550,-50,2100,"bu","11:24:21",1727800
22500,-100,300,"sd","11:23:40",1725700
22500,-100,6200,"sd","11:22:54",1725400
22500,-100,200,"sd","11:22:54",1719200
22500,-100,300,"sd","11:22:54",1719000
22500,-100,10000,"sd","11:22:54",1718700
22500,-100,1000,"sd","11:22:54",1708700
22500,-100,10000,"sd","11:22:54",1707700
22500,-100,100,"sd","11:22:54",1697700
22500,-100,6000,"sd","11:22:54",1697600
22500,-100,500,"sd","11:22:54",1691600
22500,-100,100,"sd","11:22:54",1691100
22500,-100,500,"sd","11:22:54",1691000
22500,-100,1000,"sd","11:22:54",1690500
22500,-100,100,"sd","11:22:54",1689500
22500,-100,500,"sd","11:22:54",1689400
22500,-100,1000,"sd","11:22:54",1688900
22500,-100,200,"sd","11:22:54",1687900
22500,-100,100,"sd","11:22:54",1687700
22500,-100,100,"sd","11:22:54",1687600
22500,-100,100,"sd","11:22:54",1687500
22500,-100,2000,"sd","11:22:54",1687400
22500,-100,5000,"sd","11:22:54",1685400
22500,-100,300,"sd","11:22:54",1680400
22500,-100,100,"sd","11:22:54",1680100
22500,-100,100,"sd","11:22:54",1680000
22500,-100,200,"sd","11:22:54",1679900
22500,-100,500,"sd","11:22:54",1679700
22500,-100,500,"sd","11:22:54",1679200
22500,-100,100,"sd","11:22:54",1678700
22500,-100,700,"sd","11:22:54",1678600
22500,-100,1000,"sd","11:22:54",1677900
22500,-100,1000,"sd","11:22:54",1676900
22500,-100,500,"sd","11:22:54",1675900
22500,-100,9900,"sd","11:22:53",1675400
22550,-50,30000,"bu","11:22:47",1665500
22550,-50,2000,"bu","11:22:45",1635500
22500,-100,100,"sd","11:22:45",1633500
22500,-100,1900,"sd","11:22:45",1633400
22500,-100,100,"sd","11:22:04",1631500
22500,-100,400,"sd","11:22:04",1631400
22500,-100,4600,"sd","11:21:34",1631000
22500,-100,200,"sd","11:21:34",1626400
22500,-100,100,"sd","11:21:34",1626200
22500,-100,100,"sd","11:21:33",1626100
22500,-100,100,"sd","11:21:33",1626000
22500,-100,100,"sd","11:21:33",1625900
22500,-100,200,"sd","11:21:33",1625800
22500,-100,100,"sd","11:21:33",1625600
22500,-100,1000,"sd","11:21:33",1625500
22500,-100,2000,"sd","11:21:33",1624500
22500,-100,500,"sd","11:21:33",1622500
22500,-100,100,"sd","11:21:33",1622000
22500,-100,1000,"sd","11:21:33",1621900
22500,-100,5000,"sd","11:21:33",1620900
22500,-100,4900,"sd","11:21:33",1615900
22500,-100,2000,"sd","11:21:12",1611000
22500,-100,3100,"sd","11:21:04",1609000
22500,-100,500,"sd","11:21:04",1605900
22500,-100,200,"sd","11:21:04",1605400
22500,-100,100,"sd","11:21:04",1605200
22500,-100,300,"sd","11:21:04",1605100
22500,-100,400,"sd","11:21:04",1604800
22500,-100,400,"sd","11:21:04",1604400
22500,-100,100,"sd","11:20:55",1604000
22500,-100,700,"sd","11:20:55",1603900
22500,-100,100,"sd","11:20:55",1603200
22500,-100,100,"sd","11:20:55",1603100
22500,-100,1000,"sd","11:20:55",1603000
22500,-100,1000,"sd","11:20:55",1602000
22500,-100,100,"sd","11:20:55",1601000
22500,-100,3000,"sd","11:20:55",1600900
22500,-100,1000,"sd","11:20:55",1597900
22500,-100,100,"sd","11:20:55",1596900
22500,-100,500,"sd","11:20:55",1596800
22500,-100,800,"sd","11:20:55",1596300
22500,-100,7000,"sd","11:20:55",1595500
22500,-100,500,"sd","11:20:55",1588500
22500,-100,500,"sd","11:20:55",1588000
22500,-100,100,"sd","11:20:55",1587500
22500,-100,100,"sd","11:20:55",1587400
22500,-100,100,"sd","11:20:55",1587300
22500,-100,100,"sd","11:20:55",1587200
22500,-100,100,"sd","11:20:55",1587100
22500,-100,100,"sd","11:20:55",1587000
22500,-100,100,"sd","11:20:55",1586900
22500,-100,500,"sd","11:20:55",1586800
22500,-100,100,"sd","11:20:55",1586300
22500,-100,100,"sd","11:20:55",1586200
22500,-100,1000,"sd","11:20:55",1586100
22500,-100,100,"sd","11:20:55",1585100
22500,-100,500,"sd","11:20:55",1585000
22500,-100,100,"sd","11:20:55",1584500
22500,-100,400,"sd","11:20:55",1584400
22500,-100,100,"sd","11:20:53",1584000
22550,-50,500,"sd","11:20:24",1583900
22550,-50,100,"sd","11:20:24",1583400
22550,-50,200,"sd","11:20:24",1583300
22550,-50,100,"sd","11:20:24",1583100
22550,-50,15000,"sd","11:20:24",1583000
22550,-50,3000,"sd","11:20:24",1568000
22550,-50,1500,"sd","11:20:24",1565000
22550,-50,100,"sd","11:20:24",1563500
22550,-50,2000,"sd","11:20:24",1563400
22550,-50,200,"sd","11:20:24",1561400
22550,-50,500,"sd","11:20:24",1561200
22550,-50,36500,"sd","11:20:24",1560700
22550,-50,23500,"sd","11:19:45",1524200
22550,-50,100,"sd","11:19:45",1500700
22550,-50,20000,"sd","11:19:45",1500600
22550,-50,2200,"sd","11:19:45",1480600
22550,-50,2000,"sd","11:19:45",1478400
22550,-50,200,"sd","11:19:45",1476400
22550,-50,3000,"sd","11:19:45",1476200
22550,-50,200,"sd","11:19:45",1473200
22550,-50,10000,"sd","11:19:45",1473000
22550,-50,500,"sd","11:19:45",1463000
22550,-50,9000,"sd","11:19:45",1462500
22550,-50,1000,"sd","11:19:45",1453500
22550,-50,1000,"sd","11:19:45",1452500
22550,-50,1000,"sd","11:19:45",1451500
22550,-50,100,"sd","11:19:45",1450500
22550,-50,100,"sd","11:19:45",1450400
22550,-50,100,"sd","11:19:45",1450300
22550,-50,50000,"sd","11:19:45",1450200
22550,-50,300,"sd","11:19:45",1400200
22550,-50,1600,"sd","11:19:45",1399900
22550,-50,100,"sd","11:19:45",1398300
22550,-50,200,"sd","11:19:45",1398200
22550,-50,300,"sd","11:19:45",1398000
22550,-50,300,"sd","11:19:45",1397700
22550,-50,1000,"sd","11:19:45",1397400
22550,-50,1000,"sd","11:19:45",1396400
22550,-50,1000,"sd","11:19:45",1395400
22550,-50,100,"sd","11:19:45",1394400
22550,-50,3000,"sd","11:19:45",1394300
22550,-50,100,"sd","11:19:45",1391300
22550,-50,800,"sd","11:19:45",1391200
22600,0,1600,"bu","11:18:47",1390400
22600,0,200,"bu","11:18:42",1388800
22600,0,200,"bu","11:18:42",1388600
22600,0,200,"unknown","11:18:42",1388400
22600,0,200,"unknown","11:18:42",1388200
22600,0,200,"sd","11:18:42",1388000
22600,0,1000,"sd","11:18:42",1387800
22600,0,200,"sd","11:18:42",1386800
22600,0,200,"sd","11:18:42",1386600
22600,0,100,"sd","11:18:42",1386400
22600,0,1000,"sd","11:18:42",1386300
22600,0,5800,"sd","11:18:42",1385300
22600,0,200,"sd","11:18:42",1379500
22600,0,2100,"sd","11:18:42",1379300
22600,0,3000,"sd","11:18:42",1377200
22600,0,1000,"sd","11:18:42",1374200
22600,0,33500,"sd","11:18:42",1373200
22600,0,3000,"sd","11:18:36",1339700
22600,0,300,"sd","11:18:25",1336700
22600,0,1000,"sd","11:17:13",1336400
22600,0,1000,"sd","11:16:28",1335400
22600,0,1000,"sd","11:16:13",1334400
22600,0,15000,"sd","11:15:29",1333400
22600,0,45200,"sd","11:15:09",1318400
22600,0,500,"sd","11:15:09",1273200
22600,0,200,"sd","11:15:09",1272700
22600,0,300,"sd","11:15:09",1272500
22600,0,800,"sd","11:15:09",1272200
22600,0,200,"sd","11:14:30",1271400
22600,0,200,"sd","11:13:15",1271200
22600,0,200,"sd","11:13:15",1271000
22600,0,200,"sd","11:12:42",1270800
22600,0,1500,"sd","11:12:19",1270600
22600,0,400,"sd","11:12:19",1269100
22600,0,1000,"sd","11:12:19",1268700
22600,0,2000,"sd","11:12:19",1267700
22600,0,400,"sd","11:12:19",1265700
22600,0,100,"sd","11:12:19",1265300
22600,0,200,"sd","11:12:19",1265200
22600,0,300,"sd","11:12:19",1265000
22600,0,300,"sd","11:12:19",1264700
22600,0,200,"sd","11:12:19",1264400
22600,0,900,"sd","11:12:19",1264200
22600,0,600,"sd","11:12:19",1263300
22600,0,100,"sd","11:12:19",1262700
22600,0,100,"sd","11:12:18",1262600
22600,0,1300,"sd","11:12:18",1262500
22600,0,700,"sd","11:11:38",1261200
22600,0,500,"sd","11:10:01",1260500
22650,50,300,"bu","11:08:35",1260000
22600,0,3500,"sd","11:07:46",1259700
22600,0,500,"sd","11:07:46",1256200
22600,0,500,"sd","11:07:46",1255700
22600,0,4000,"sd","11:07:46",1255200
22600,0,500,"sd","11:07:46",1251200
22600,0,1000,"sd","11:06:45",1250700
22600,0,2000,"sd","11:06:28",1249700
22600,0,2500,"sd","11:06:25",1247700
22600,0,3000,"sd","11:06:25",1245200
22600,0,5500,"sd","11:06:23",1242200
22600,0,3900,"sd","11:06:23",1236700
22600,0,1600,"sd","11:06:23",1232800
22600,0,3400,"sd","11:03:32",1231200
22600,0,1000,"sd","11:03:32",1227800
22600,0,1000,"sd","11:03:32",1226800
22600,0,1000,"sd","11:03:32",1225800
22600,0,1000,"sd","11:03:32",1224800
22600,0,100,"sd","11:03:32",1223800
22600,0,200,"sd","11:03:32",1223700
22600,0,100,"sd","11:03:32",1223500
22600,0,2200,"sd","11:03:32",1223400
22650,50,500,"bu","11:02:13",1221200
22600,0,2800,"sd","11:01:54",1220700
22600,0,200,"sd","11:01:54",1217900
22600,0,3000,"sd","11:01:54",1217700
22600,0,1000,"sd","11:01:54",1214700
22600,0,100,"sd","11:01:54",1213700
22600,0,2000,"sd","11:01:54",1213600
22600,0,900,"sd","11:01:54",1211600
22650,50,200,"bu","11:00:11",1210700
22650,50,200,"bu","11:00:09",1210500
22650,50,3000,"bu","10:59:58",1210300
22650,50,1000,"bu","10:59:56",1207300
22650,50,200,"bu","10:59:43",1206300
22600,0,100,"sd","10:59:28",1206100
22650,50,1000,"bu","10:57:44",1206000
22650,50,17400,"bu","10:57:08",1205000
22650,50,300,"bu","10:56:48",1187600
22650,50,4000,"bu","10:56:00",1187300
22650,50,2700,"sd","10:54:46",1183300
22650,50,100,"sd","10:54:46",1180600
22650,50,1000,"sd","10:54:46",1180500
22650,50,29100,"sd","10:54:46",1179500
22650,50,300,"sd","10:54:45",1150400
22650,50,600,"sd","10:54:24",1150100
22650,50,50000,"sd","10:54:24",1149500
22650,50,10000,"sd","10:54:24",1099500
22650,50,10000,"sd","10:54:24",1089500
22650,50,300,"sd","10:54:24",1079500
22650,50,10000,"sd","10:54:24",1079200
22650,50,100,"sd","10:54:24",1069200
22650,50,900,"sd","10:54:24",1069100
22700,100,100,"bu","10:53:06",1068200
22650,50,1000,"sd","10:53:02",1068100
22650,50,100,"sd","10:52:17",1067100
22650,50,100,"sd","10:52:17",1067000
22650,50,500,"sd","10:52:17",1066900
22650,50,100,"sd","10:51:31",1066400
22650,50,300,"sd","10:51:31",1066300
22650,50,100,"sd","10:51:31",1066000
22650,50,100,"sd","10:51:31",1065900
22650,50,600,"sd","10:51:31",1065800
22650,50,200,"sd","10:51:31",1065200
22650,50,200,"sd","10:51:31",1065000
22650,50,300,"sd","10:51:31",1064800
22700,100,100,"bu","10:49:44",1064500
22650,50,10000,"sd","10:48:35",1064400
22700,100,2300,"bu","10:48:12",1054400
22700,100,1000,"bu","10:47:40",1052100
22700,100,17400,"bu","10:46:03",1051100
22700,100,17400,"bu","10:44:07",1033700
22700,100,200,"bu","10:43:43",1016300
22650,50,200,"sd","10:42:25",1016100
22650,50,200,"sd","10:42:15",1015900
22650,50,5700,"sd","10:42:09",1015700
22650,50,400,"sd","10:42:09",1010000
22650,50,2000,"sd","10:42:09",1009600
22650,50,1900,"sd","10:42:09",1007600
22650,50,100,"sd","10:40:53",1005700
22650,50,2000,"sd","10:40:53",1005600
22650,50,5000,"sd","10:40:53",1003600
22650,50,2900,"sd","10:40:53",998600
22650,50,1100,"sd","10:39:03",995700
22650,50,3900,"sd","10:39:03",994600
22650,50,100,"sd","10:38:58",990700
22650,50,100,"sd","10:38:09",990600
22650,50,11000,"sd","10:37:39",990500
22650,50,100,"sd","10:37:37",979500
22650,50,2200,"sd","10:37:34",979400
22650,50,800,"sd","10:37:34",977200
22650,50,2500,"sd","10:37:21",976400
22700,100,200,"bu","10:37:18",973900
22650,50,6500,"sd","10:37:06",973700
22700,100,1400,"sd","10:36:42",967200
22700,100,200,"sd","10:36:40",965800
22700,100,400,"bu","10:36:30",965600
22700,100,500,"sd","10:36:28",965200
22700,100,100,"sd","10:36:28",964700
22700,100,300,"sd","10:36:15",964600
22700,100,700,"sd","10:36:15",964300
22700,100,2300,"sd","10:36:12",963600
22700,100,8700,"sd","10:36:12",961300
22700,100,1300,"sd","10:35:56",952600
22700,100,9700,"sd","10:35:56",951300
22700,100,100,"sd","10:35:28",941600
22700,100,200,"sd","10:35:16",941500
22700,100,100,"sd","10:35:00",941300
22700,100,100,"sd","10:33:35",941200
22750,150,4300,"bu","10:33:33",941100
22700,100,100,"sd","10:32:08",936800
22700,100,5000,"sd","10:32:05",936700
22700,100,2000,"sd","10:32:05",931700
22700,100,100,"bu","10:31:53",929700
22650,50,7600,"bu","10:30:47",929600
22650,50,500,"bu","10:30:47",922000
22650,50,700,"bu","10:30:45",921500
22650,50,200,"sd","10:30:26",920800
22650,50,100,"sd","10:30:26",920600
22650,50,5000,"sd","10:30:26",920500
22650,50,18900,"sd","10:30:26",915500
22700,100,3000,"sd","10:30:26",896600
22700,100,14000,"sd","10:30:26",893600
22750,150,1000,"bu","10:30:06",879600
22700,100,300,"sd","10:30:04",878600
22750,150,3900,"bu","10:29:34",878300
22750,150,500,"bu","10:29:34",874400
22750,150,500,"bu","10:29:34",873900
22750,150,2100,"bu","10:29:34",873400
22700,100,100,"sd","10:29:22",871300
22700,100,100,"sd","10:28:58",871200
22700,100,600,"sd","10:28:58",871100
22700,100,100,"sd","10:28:58",870500
22700,100,100,"sd","10:28:58",870400
22700,100,7500,"sd","10:28:58",870300
22700,100,100,"sd","10:28:58",862800
22700,100,1500,"sd","10:28:58",862700
22700,100,300,"bu","10:28:58",861200
22700,100,1000,"bu","10:28:58",860900
22700,100,2000,"bu","10:28:58",859900
22700,100,300,"bu","10:28:58",857900
22700,100,2500,"bu","10:28:58",857600
22700,100,500,"bu","10:28:58",855100
22700,100,500,"bu","10:28:58",854600
22700,100,500,"bu","10:28:58",854100
22700,100,100,"bu","10:28:58",853600
22700,100,2000,"bu","10:28:58",853500
22700,100,200,"bu","10:28:58",851500
22700,100,700,"bu","10:28:58",851300
22650,50,1100,"sd","10:28:31",850600
22650,50,1400,"sd","10:28:31",849500
22700,100,100,"bu","10:27:23",848100
22650,50,500,"sd","10:27:01",848000
22650,50,2500,"sd","10:26:23",847500
22650,50,600,"sd","10:25:24",845000
22650,50,9400,"sd","10:25:24",844400
22650,50,1000,"sd","10:25:22",835000
22650,50,200,"sd","10:24:11",834000
22650,50,1000,"sd","10:23:24",833800
22650,50,10000,"sd","10:22:51",832800
22700,100,100,"bu","10:22:33",822800
22700,100,100,"bu","10:22:24",822700
22700,100,100,"bu","10:22:04",822600
22650,50,100,"bu","10:21:55",822500
22650,50,700,"bu","10:21:55",822400
22650,50,1100,"bu","10:21:55",821700
22650,50,800,"bu","10:21:55",820600
22650,50,500,"bu","10:21:55",819800
22650,50,2800,"bu","10:21:55",819300
22650,50,100,"bu","10:21:55",816500
22650,50,2000,"bu","10:21:55",816400
22650,50,400,"bu","10:21:55",814400
22650,50,200,"bu","10:21:55",814000
22650,50,400,"bu","10:21:55",813800
22650,50,100,"bu","10:21:55",813400
22650,50,3100,"bu","10:21:55",813300
22650,50,5000,"bu","10:21:48",810200
22650,50,100,"bu","10:21:37",805200
22650,50,100,"bu","10:21:25",805100
22650,50,200,"bu","10:21:25",805000
22650,50,400,"bu","10:21:25",804800
22650,50,100,"bu","10:21:25",804400
22650,50,9800,"bu","10:21:25",804300
22650,50,6800,"bu","10:21:25",794500
22600,0,300,"sd","10:20:43",787700
22650,50,200,"bu","10:20:08",787400
22600,0,4000,"sd","10:19:17",787200
22600,0,5000,"sd","10:19:15",783200
22600,0,500,"sd","10:18:39",778200
22600,0,2000,"sd","10:17:55",777700
22650,50,100,"bu","10:17:19",775700
22600,0,1300,"sd","10:16:19",775600
22600,0,200,"sd","10:16:19",774300
22600,0,1000,"sd","10:16:19",774100
22600,0,1200,"sd","10:16:19",773100
22600,0,800,"sd","10:15:45",771900
22600,0,3000,"sd","10:15:45",771100
22600,0,4100,"sd","10:15:45",768100
22650,50,400,"bu","10:15:41",764000
22600,0,10900,"sd","10:15:39",763600
22600,0,200,"sd","10:15:39",752700
22600,0,200,"sd","10:15:39",752500
22600,0,5500,"sd","10:15:39",752300
22600,0,1700,"sd","10:15:39",746800
22600,0,11500,"sd","10:15:39",745100
22650,50,17400,"bu","10:15:23",733600
22650,50,100,"bu","10:15:05",716200
22650,50,100,"bu","10:14:23",716100
22600,0,100,"sd","10:14:18",716000
22650,50,10400,"bu","10:14:03",715900
22650,50,100,"bu","10:14:00",705500
22650,50,17400,"bu","10:14:00",705400
22650,50,10500,"bu","10:13:52",688000
22650,50,17400,"bu","10:13:51",677500
22650,50,12700,"bu","10:13:47",660100
22600,0,700,"bu","10:13:34",647400
22600,0,5100,"bu","10:13:34",646700
22600,0,7800,"bu","10:13:32",641600
22600,0,1000,"bu","10:13:32",633800
22600,0,3200,"bu","10:13:32",632800
22600,0,200,"bu","10:13:28",629600
22600,0,6600,"bu","10:13:23",629400
22600,0,10800,"bu","10:13:23",622800
22600,0,17400,"bu","10:13:05",612000
22600,0,100,"bu","10:13:01",594600
22600,0,1000,"bu","10:12:46",594500
22600,0,400,"bu","10:12:12",593500
22600,0,10000,"bu","10:11:55",593100
22600,0,3000,"bu","10:11:21",583100
22600,0,1000,"bu","10:10:39",580100
22550,-50,600,"sd","10:10:21",579100
22550,-50,500,"sd","10:09:50",578500
22550,-50,200,"sd","10:09:34",578000
22550,-50,2700,"sd","10:08:22",577800
22550,-50,1400,"sd","10:08:22",575100
22550,-50,500,"sd","10:08:22",573700
22600,0,200,"bu","10:07:50",573200
22600,0,200,"sd","10:07:18",573000
22600,0,100,"sd","10:07:18",572800
22600,0,1100,"sd","10:07:18",572700
22600,0,1000,"sd","10:07:18",571600
22600,0,2500,"sd","10:07:18",570600
22600,0,1200,"sd","10:07:18",568100
22600,0,2500,"sd","10:06:38",566900
22600,0,1700,"sd","10:06:38",564400
22600,0,5800,"sd","10:06:38",562700
22600,0,3000,"sd","10:05:45",556900
22600,0,1000,"sd","10:05:29",553900
22600,0,200,"bu","10:05:27",552900
22600,0,2000,"sd","10:05:16",552700
22600,0,10000,"sd","10:05:16",550700
22600,0,5000,"sd","10:05:16",540700
22600,0,5000,"sd","10:05:16",535700
22600,0,1000,"sd","10:05:16",530700
22600,0,500,"sd","10:05:16",529700
22600,0,800,"sd","10:05:16",529200
22600,0,200,"sd","10:05:16",528400
22600,0,100,"sd","10:05:16",528200
22600,0,100,"sd","10:05:16",528100
22600,0,1500,"sd","10:05:16",528000
22600,0,200,"sd","10:05:16",526500
22600,0,5500,"sd","10:05:16",526300
22600,0,300,"sd","10:05:16",520800
22600,0,200,"sd","10:05:16",520500
22600,0,17400,"sd","10:05:16",520300
22600,0,9200,"sd","10:04:39",502900
22600,0,500,"sd","10:04:39",493700
22600,0,300,"sd","10:04:39",493200
22600,0,1000,"sd","10:04:34",492900
22600,0,1000,"sd","10:04:13",491900
22600,0,500,"sd","10:03:57",490900
22650,50,2500,"bu","10:03:41",490400
22650,50,100,"bu","10:02:34",487900
22600,0,200,"sd","10:00:10",487800
22600,0,4800,"sd","10:00:10",487600
22600,0,700,"sd","09:59:30",482800
22600,0,300,"sd","09:59:30",482100
22600,0,400,"sd","09:59:30",481800
22650,50,900,"bu","09:59:29",481400
22600,0,500,"sd","09:58:49",480500
22600,0,800,"sd","09:58:13",480000
22600,0,200,"sd","09:58:13",479200
22600,0,1000,"sd","09:58:13",479000
22600,0,200,"sd","09:58:13",478000
22600,0,7800,"sd","09:58:13",477800
22600,0,500,"sd","09:58:04",470000
22600,0,200,"sd","09:57:28",469500
22600,0,200,"sd","09:57:26",469300
22600,0,800,"sd","09:56:59",469100
22600,0,500,"sd","09:56:33",468300
22600,0,100,"sd","09:56:33",467800
22600,0,300,"sd","09:55:31",467700
22600,0,2500,"sd","09:55:31",467400
22600,0,2000,"sd","09:55:31",464900
22600,0,4500,"sd","09:55:31",462900
22600,0,17400,"sd","09:55:31",458400
22600,0,200,"sd","09:55:31",441000
22600,0,500,"sd","09:55:31",440800
22600,0,5000,"sd","09:55:31",440300
22600,0,100,"sd","09:55:31",435300
22600,0,100,"sd","09:55:31",435200
22600,0,100,"sd","09:55:31",435100
22600,0,200,"sd","09:55:31",435000
22600,0,100,"sd","09:55:31",434800
22600,0,2000,"sd","09:55:31",434700
22600,0,200,"sd","09:55:31",432700
22600,0,100,"sd","09:55:31",432500
22600,0,100,"sd","09:55:31",432400
22650,50,200,"bu","09:53:55",432300
22600,0,100,"sd","09:53:38",432100
22600,0,100,"sd","09:51:53",432000
22600,0,900,"sd","09:51:53",431900
22600,0,1000,"sd","09:51:53",431000
22600,0,500,"sd","09:51:20",430000
22600,0,1500,"sd","09:51:20",429500
22600,0,8500,"sd","09:51:08",428000
22600,0,1500,"sd","09:51:08",419500
22650,50,500,"sd","09:51:02",418000
22650,50,1600,"sd","09:51:02",417500
22650,50,2000,"sd","09:51:00",415900
22650,50,1400,"sd","09:50:40",413900
22650,50,1000,"sd","09:50:40",412500
22650,50,7600,"sd","09:50:40",411500
22700,100,200,"bu","09:50:35",403900
22650,50,200,"sd","09:50:27",403700
22650,50,10000,"sd","09:49:58",403500
22700,100,100,"bu","09:49:33",393500
22700,100,500,"sd","09:49:14",393400
22700,100,100,"sd","09:49:14",392900
22700,100,900,"sd","09:48:45",392800
22700,100,100,"sd","09:48:45",391900
22700,100,1900,"sd","09:48:14",391800
22700,100,400,"sd","09:48:14",389900
22700,100,1000,"bu","09:47:39",389500
22700,100,3600,"bu","09:47:39",388500
22700,100,1000,"bu","09:47:37",384900
22700,100,400,"sd","09:47:18",383900
22700,100,500,"sd","09:47:08",383500
22700,100,8500,"sd","09:47:08",383000
22700,100,100,"bu","09:46:42",374500
22700,100,200,"bu","09:46:42",374400
22700,100,1200,"bu","09:46:42",374200
22650,50,500,"sd","09:46:37",373000
22700,100,200,"bu","09:46:31",372500
22700,100,1500,"bu","09:46:25",372300
22700,100,100,"bu","09:46:22",370800
22700,100,5000,"bu","09:46:22",370700
22700,100,3900,"bu","09:46:22",365700
22700,100,1000,"bu","09:45:53",361800
22700,100,15100,"bu","09:45:47",360800
22700,100,10000,"bu","09:45:47",345700
22700,100,19900,"bu","09:45:47",335700
22700,100,100,"bu","09:45:33",315800
22700,100,2000,"bu","09:44:53",315700
22700,100,400,"bu","09:44:35",313700
22700,100,100,"bu","09:44:15",313300
22700,100,15000,"bu","09:44:10",313200
22700,100,2000,"bu","09:44:02",298200
22700,100,104500,"sd","09:43:32",296200
22700,100,3000,"sd","09:43:28",191700
22700,100,1000,"bu","09:43:17",188700
22700,100,5000,"bu","09:43:17",187700
22700,100,100,"bu","09:43:17",182700
22700,100,100,"bu","09:43:17",182600
22700,100,10000,"bu","09:43:17",182500
22700,100,200,"bu","09:43:17",172500
22700,100,3000,"bu","09:43:17",172300
22700,100,500,"bu","09:43:17",169300
22700,100,2500,"bu","09:43:17",168800
22700,100,100,"bu","09:43:17",166300
22700,100,20000,"bu","09:43:17",166200
22650,50,100,"sd","09:42:05",146200
22650,50,1600,"sd","09:41:06",146100
22650,50,3300,"sd","09:41:06",144500
22650,50,100,"sd","09:40:43",141200
22650,50,100,"sd","09:40:33",141100
22650,50,1500,"sd","09:38:48",141000
22650,50,200,"sd","09:38:48",139500
22650,50,200,"sd","09:38:40",139300
22700,100,300,"bu","09:38:24",139100
22700,100,200,"sd","09:38:18",138800
22700,100,300,"sd","09:38:15",138600
22700,100,100,"sd","09:37:59",138300
22750,150,200,"bu","09:37:40",138200
22700,100,100,"sd","09:37:38",138000
22750,150,700,"sd","09:35:51",137900
22750,150,100,"bu","09:35:43",137000
22750,150,100,"bu","09:35:43",137200
22750,150,100,"bu","09:35:43",137100
22700,100,100,"bu","09:34:56",136900
22700,100,200,"bu","09:34:56",136800
22700,100,200,"bu","09:34:56",136600
22700,100,200,"bu","09:34:56",136400
22650,50,100,"bu","09:34:42",136200
22600,0,100,"bu","09:33:34",136100
22600,0,100,"bu","09:33:34",136000
22600,0,2300,"bu","09:33:34",135900
22600,0,200,"bu","09:33:31",133600
22600,0,600,"bu","09:33:27",133400
22600,0,500,"bu","09:33:25",132800
22600,0,700,"bu","09:33:20",132300
22600,0,700,"bu","09:33:09",131600
22600,0,1300,"bu","09:33:09",130900
22600,0,1700,"bu","09:33:03",129600
22600,0,100,"bu","09:33:03",127900
22600,0,1400,"bu","09:33:03",127800
22600,0,1900,"bu","09:32:57",126400
22600,0,6100,"bu","09:32:48",124500
22600,0,1000,"bu","09:32:36",118400
22600,0,2000,"bu","09:32:33",117400
22600,0,1000,"bu","09:32:29",115400
22600,0,1000,"bu","09:32:29",114400
22600,0,1000,"bu","09:32:23",113400
22600,0,1000,"bu","09:32:12",112400
22600,0,100,"bu","09:31:58",111400
22550,-50,100,"sd","09:31:57",111300
22600,0,500,"bu","09:31:46",111200
22600,0,400,"bu","09:31:38",110700
22600,0,100,"bu","09:31:38",110300
22600,0,100,"bu","09:31:30",110200
22600,0,5000,"bu","09:31:03",110100
22600,0,200,"bu","09:30:27",105100
22600,0,300,"bu","09:29:42",104900
22550,-50,1200,"sd","09:29:11",104600
22550,-50,3000,"sd","09:29:11",103400
22550,-50,200,"sd","09:29:11",100400
22550,-50,3600,"sd","09:29:11",100200
22600,0,6900,"bu","09:28:32",96600
22600,0,3100,"bu","09:28:32",89700
22600,0,1000,"bu","09:28:21",86600
22600,0,1000,"bu","09:27:47",85600
22600,0,2900,"bu","09:27:43",84600
22600,0,7100,"bu","09:27:43",81700
22600,0,200,"bu","09:27:31",74600
22600,0,1000,"bu","09:27:12",74400
22600,0,1000,"bu","09:26:31",73400
22600,0,100,"bu","09:26:30",72400
22600,0,100,"bu","09:26:28",72300
22600,0,300,"bu","09:26:22",72200
22600,0,100,"bu","09:26:15",71900
22600,0,100,"sd","09:25:53",71800
22600,0,200,"sd","09:25:25",71700
22600,0,200,"sd","09:25:25",71500
22600,0,600,"sd","09:25:18",71300
22600,0,200,"bu","09:24:30",70700
22600,0,100,"bu","09:24:08",70500
22550,-50,400,"sd","09:24:07",70400
22600,0,100,"bu","09:24:02",70000
22600,0,100,"bu","09:23:31",69900
22600,0,500,"sd","09:22:55",69800
22600,0,200,"bu","09:22:33",69300
22550,-50,500,"sd","09:22:08",69100
22550,-50,600,"sd","09:21:00",68600
22550,-50,500,"sd","09:20:54",68000
22550,-50,1500,"sd","09:20:20",67500
22550,-50,1900,"sd","09:20:01",66000
22550,-50,100,"sd","09:20:01",64100
22550,-50,1000,"sd","09:20:01",64000
22550,-50,500,"sd","09:20:01",63000
22550,-50,1200,"sd","09:19:50",62500
22700,100,800,"sd","09:19:50",61300
22700,100,100,"bu","09:19:49",60500
22700,100,200,"bu","09:19:49",60400
22650,50,300,"bu","09:19:49",59700
22650,50,500,"bu","09:19:49",60200
22600,0,1100,"bu","09:19:49",59400
22600,0,100,"bu","09:19:49",58300
22600,0,100,"bu","09:19:49",58200
22600,0,600,"bu","09:19:49",58100
22600,0,500,"bu","09:19:49",57500
22600,0,100,"bu","09:19:49",57000
22600,0,200,"bu","09:19:49",56900
22700,100,800,"bu","09:19:49",56700
22700,100,100,"bu","09:19:49",55900
22700,100,400,"bu","09:19:49",55800
22550,-50,300,"sd","09:19:06",55400
22550,-50,700,"sd","09:19:00",55100
22550,-50,300,"bu","09:18:59",54400
22500,-100,100,"sd","09:18:59",54100
22550,-50,100,"bu","09:18:56",54000
22550,-50,1100,"bu","09:18:52",53900
22550,-50,300,"bu","09:18:52",52800
22550,-50,600,"bu","09:18:52",52500
22550,-50,200,"bu","09:18:43",51900
22500,-100,100,"sd","09:18:03",51700
22550,-50,100,"bu","09:17:39",51600
22550,-50,100,"bu","09:17:34",51500
22550,-50,200,"bu","09:17:16",51400
22550,-50,100,"bu","09:17:12",51200
22550,-50,100,"bu","09:17:04",51100
22550,-50,500,"sd","09:16:57",51000
22550,-50,100,"sd","09:16:57",50500
22550,-50,400,"bu","09:15:56",50400
22500,-100,50000,"unknown","09:15:02",50000
