"price","change","match_qtty","side","time","total_vol"
22000,100,559700,"unknown","14:45:04",12046900
22000,100,3000,"sd","14:30:01",11487200
22000,100,1000,"sd","14:29:59",11484200
22000,100,3000,"sd","14:29:59",11483200
22000,100,500,"sd","14:29:59",11480200
22050,150,100,"bu","14:29:57",11479700
22050,150,1000,"bu","14:29:56",11479600
22000,100,2000,"sd","14:29:55",11478600
22000,100,500,"sd","14:29:53",11476600
22000,100,200,"sd","14:29:51",11476100
22000,100,300,"sd","14:29:50",11475900
22000,100,500,"sd","14:29:50",11475600
22000,100,1000,"sd","14:29:50",11475100
22000,100,1000,"sd","14:29:50",11474100
22000,100,1200,"sd","14:29:50",11473100
22000,100,2000,"sd","14:29:49",11471900
22000,100,5000,"sd","14:29:49",11469900
22000,100,300,"sd","14:29:47",11464900
22000,100,1000,"sd","14:29:46",11464600
22050,150,500,"bu","14:29:44",11463600
22000,100,600,"sd","14:29:39",11463100
22050,150,500,"bu","14:29:38",11462500
22000,100,1000,"sd","14:29:35",11462000
22000,100,500,"sd","14:29:33",11461000
22000,100,2000,"sd","14:29:33",11460500
22000,100,10000,"sd","14:29:32",11458500
22000,100,1000,"sd","14:29:25",11448500
22000,100,100,"sd","14:29:24",11447500
22000,100,1000,"sd","14:29:21",11447400
22000,100,1000,"sd","14:29:19",11446400
22000,100,20000,"sd","14:29:18",11445400
22050,150,1500,"bu","14:29:12",11425400
22000,100,1000,"sd","14:29:11",11423900
22000,100,100,"sd","14:29:07",11422900
22050,150,100,"bu","14:29:01",11422800
22000,100,400,"sd","14:28:56",11422700
22000,100,1800,"sd","14:28:55",11422300
22000,100,3200,"sd","14:28:55",11420500
22000,100,19200,"sd","14:28:42",11417300
22050,150,500,"bu","14:28:41",11398100
22050,150,3000,"bu","14:28:40",11397600
22050,150,400,"bu","14:28:35",11394600
22050,150,600,"bu","14:28:35",11394200
22050,150,500,"bu","14:28:33",11393600
22050,150,500,"sd","14:28:30",11393100
22050,150,100,"sd","14:28:30",11392600
22050,150,5000,"sd","14:28:30",11392500
22050,150,13300,"sd","14:28:30",11387500
22050,150,100,"sd","14:28:29",11374200
22050,150,1000,"sd","14:28:28",11374100
22050,150,4000,"sd","14:28:28",11373100
22050,150,1000,"sd","14:28:26",11369100
22100,200,1000,"bu","14:28:26",11368100
22050,150,500,"sd","14:28:25",11367100
22050,150,100,"sd","14:28:25",11366600
22050,150,1000,"sd","14:28:25",11366500
22050,150,1000,"sd","14:28:25",11365500
22050,150,1000,"sd","14:28:24",11364500
22050,150,4000,"sd","14:28:24",11363500
22050,150,300,"sd","14:28:22",11359500
22050,150,100,"sd","14:28:21",11359200
22050,150,600,"sd","14:28:21",11359100
22050,150,2000,"sd","14:28:21",11358500
22050,150,500,"sd","14:28:21",11356500
22050,150,300,"sd","14:28:21",11356000
22050,150,1600,"sd","14:28:21",11355700
22050,150,1000,"sd","14:28:20",11354100
22050,150,5700,"sd","14:28:18",11353100
22050,150,1600,"sd","14:28:14",11347400
22050,150,1500,"sd","14:28:14",11345800
22050,150,8600,"sd","14:28:14",11344300
22050,150,1400,"sd","14:28:14",11335700
22050,150,500,"sd","14:28:12",11334300
22050,150,18100,"sd","14:28:10",11333800
22050,150,100,"sd","14:28:10",11315700
22050,150,800,"sd","14:28:10",11315600
22050,150,1000,"sd","14:28:10",11314800
22050,150,2000,"sd","14:28:09",11313800
22050,150,4400,"sd","14:28:09",11311800
22050,150,600,"sd","14:28:09",11307400
22100,200,2000,"bu","14:28:07",11306800
22050,150,400,"sd","14:28:07",11304800
22050,150,600,"sd","14:28:07",11304400
22050,150,4400,"sd","14:28:05",11303800
22050,150,1000,"sd","14:28:05",11299400
22050,150,1000,"sd","14:28:05",11298400
22050,150,4000,"sd","14:28:05",11297400
22050,150,3000,"sd","14:28:04",11293400
22050,150,100,"sd","14:28:03",11290400
22050,150,700,"sd","14:28:03",11290300
22050,150,5000,"sd","14:28:01",11289600
22100,200,2000,"bu","14:27:59",11284600
22050,150,10000,"sd","14:27:58",11282600
22050,150,5000,"sd","14:27:58",11272600
22050,150,1800,"sd","14:27:58",11267600
22050,150,400,"sd","14:27:57",11265800
22050,150,200,"sd","14:27:57",11265400
22050,150,400,"sd","14:27:57",11265200
22050,150,100,"sd","14:27:57",11264800
22050,150,100,"sd","14:27:57",11264700
22050,150,100,"sd","14:27:54",11264600
22050,150,20000,"sd","14:27:54",11264500
22050,150,1000,"sd","14:27:54",11244500
22050,150,3500,"sd","14:27:54",11243500
22050,150,5000,"sd","14:27:54",11240000
22050,150,300,"sd","14:27:54",11235000
22050,150,200,"sd","14:27:54",11234700
22050,150,2000,"sd","14:27:54",11234500
22050,150,19900,"sd","14:27:54",11232500
22050,150,100,"sd","14:27:51",11212600
22050,150,400,"sd","14:27:51",11212500
22100,200,400,"bu","14:27:49",11212100
22100,200,200,"bu","14:27:49",11211700
22100,200,500,"bu","14:27:49",11211500
22100,200,1900,"bu","14:27:49",11211000
22050,150,1400,"sd","14:27:48",11209100
22050,150,600,"sd","14:27:48",11207700
22050,150,200,"sd","14:27:44",11207100
22050,150,200,"sd","14:27:43",11206900
22050,150,2000,"sd","14:27:42",11206700
22100,200,100,"bu","14:27:37",11204700
22100,200,100,"bu","14:27:37",11204600
22100,200,100,"bu","14:27:37",11204500
22050,150,200,"sd","14:27:34",11204400
22050,150,800,"sd","14:27:34",11204200
22050,150,1000,"sd","14:27:28",11203400
22050,150,500,"sd","14:27:23",11202400
22050,150,5700,"sd","14:27:23",11201900
22100,200,1000,"bu","14:27:22",11196200
22050,150,4000,"sd","14:27:21",11195200
22100,200,500,"bu","14:27:18",11191200
22050,150,2000,"sd","14:27:05",11190700
22100,200,500,"bu","14:26:59",11188700
22050,150,6000,"sd","14:26:59",11188200
22050,150,4000,"sd","14:26:59",11182200
22100,200,900,"bu","14:26:56",11178200
22100,200,100,"bu","14:26:56",11177300
22050,150,500,"sd","14:26:53",11177200
22100,200,900,"bu","14:26:53",11176700
22100,200,200,"bu","14:26:53",11175800
22100,200,400,"bu","14:26:53",11175600
22050,150,500,"sd","14:26:49",11175200
22050,150,200,"sd","14:26:49",11174700
22050,150,500,"sd","14:26:49",11174500
22050,150,800,"sd","14:26:49",11174000
22050,150,200,"sd","14:26:48",11173200
22100,200,100,"bu","14:26:45",11173000
22100,200,2000,"bu","14:26:45",11172900
22100,200,100,"bu","14:26:45",11170900
22100,200,500,"bu","14:26:45",11170800
22100,200,1500,"bu","14:26:45",11170300
22100,200,500,"bu","14:26:45",11168800
22100,200,200,"bu","14:26:45",11168300
22100,200,100,"bu","14:26:45",11168100
22050,150,1000,"sd","14:26:40",11168000
22050,150,2000,"sd","14:26:37",11167000
22050,150,100,"sd","14:26:37",11165000
22050,150,2000,"sd","14:26:37",11164900
22050,150,1000,"sd","14:26:37",11162900
22050,150,1000,"sd","14:26:37",11161900
22050,150,2900,"sd","14:26:37",11160900
22100,200,2200,"bu","14:26:34",11158000
22100,200,100,"bu","14:26:34",11155800
22100,200,500,"bu","14:26:34",11155700
22100,200,200,"bu","14:26:34",11155200
22100,200,300,"bu","14:26:34",11155000
22100,200,1000,"bu","14:26:34",11154700
22100,200,700,"bu","14:26:34",11153700
22100,200,3000,"bu","14:26:34",11153000
22100,200,300,"bu","14:26:34",11150000
22100,200,200,"bu","14:26:34",11149700
22100,200,500,"bu","14:26:34",11149500
22100,200,100,"bu","14:26:34",11149000
22100,200,400,"bu","14:26:34",11148900
22100,200,100,"bu","14:26:34",11148500
22100,200,400,"bu","14:26:34",11148400
22050,150,100,"sd","14:26:32",11148000
22050,150,400,"sd","14:26:32",11147900
22100,200,1600,"bu","14:26:30",11147500
22100,200,200,"bu","14:26:30",11145900
22100,200,1000,"bu","14:26:30",11145700
22050,150,700,"sd","14:26:30",11144700
22050,150,500,"sd","14:26:24",11144000
22050,150,1500,"sd","14:26:22",11143500
22050,150,100,"sd","14:26:16",11142000
22100,200,500,"bu","14:26:09",11141900
22050,150,100,"sd","14:26:04",11141400
22050,150,2000,"sd","14:25:50",11141300
22100,200,300,"bu","14:25:49",11139300
22050,150,100,"sd","14:25:48",11139000
22050,150,10000,"sd","14:25:48",11138900
22100,200,500,"bu","14:25:39",11128900
22050,150,3000,"sd","14:25:34",11128400
22100,200,200,"bu","14:25:34",11125400
22050,150,10000,"sd","14:25:33",11125200
22050,150,100,"sd","14:25:28",11115200
22100,200,600,"bu","14:25:27",11115100
22100,200,200,"bu","14:25:27",11114500
22100,200,100,"bu","14:25:27",11114300
22100,200,100,"bu","14:25:27",11114200
22050,150,200,"sd","14:25:27",11114100
22050,150,100,"sd","14:25:24",11113900
22050,150,1000,"sd","14:25:24",11113800
22050,150,10000,"sd","14:25:20",11112800
22050,150,2000,"sd","14:25:16",11102800
22050,150,500,"sd","14:25:10",11100800
22050,150,100,"sd","14:25:06",11100300
22050,150,51000,"sd","14:25:06",11100200
22050,150,1000,"sd","14:25:06",11049200
22050,150,3100,"sd","14:25:06",11048200
22050,150,2000,"sd","14:25:06",11045100
22050,150,1000,"sd","14:25:06",11043100
22050,150,300,"sd","14:25:06",11042100
22050,150,2300,"sd","14:25:06",11041800
22050,150,100,"bu","14:25:06",11039500
22050,150,1000,"bu","14:25:06",11039400
22050,150,100,"bu","14:25:06",11038400
22050,150,700,"bu","14:25:06",11038300
22050,150,5000,"bu","14:25:06",11037600
22050,150,4000,"bu","14:25:06",11032600
22050,150,100,"bu","14:25:06",11028600
22050,150,1000,"bu","14:25:06",11028500
22050,150,100,"bu","14:25:06",11027500
22050,150,6000,"bu","14:25:06",11027400
22050,150,400,"bu","14:25:06",11021400
22050,150,1000,"bu","14:25:06",11021000
22050,150,100,"bu","14:25:06",11020000
22050,150,100,"bu","14:25:06",11019900
22050,150,10000,"bu","14:25:06",11019800
22050,150,100,"bu","14:25:06",11009800
22050,150,500,"bu","14:25:06",11009700
22050,150,1000,"bu","14:25:06",11009200
22050,150,200,"bu","14:25:06",11008200
22050,150,3000,"bu","14:25:06",11008000
22050,150,1000,"bu","14:25:06",11005000
22050,150,100,"bu","14:25:06",11004000
22050,150,7100,"bu","14:25:06",11003900
22050,150,200,"bu","14:25:06",10996800
22050,150,200,"bu","14:25:06",10996600
22050,150,200,"bu","14:25:06",10996400
22050,150,2000,"bu","14:25:06",10996200
22050,150,500,"bu","14:25:06",10994200
22050,150,1000,"bu","14:25:06",10993700
22050,150,5000,"bu","14:25:06",10992700
22050,150,100,"bu","14:25:06",10987700
22050,150,8700,"bu","14:25:06",10987600
22000,100,7000,"sd","14:25:05",10978900
22050,150,500,"bu","14:25:04",10971900
22050,150,800,"bu","14:24:52",10971400
22050,150,1200,"bu","14:24:52",10970600
22050,150,100,"bu","14:24:52",10969400
22000,100,100,"sd","14:24:50",10969300
22050,150,100,"bu","14:24:48",10969200
22050,150,1000,"bu","14:24:48",10969100
22050,150,400,"bu","14:24:47",10968100
22050,150,100,"bu","14:24:40",10967700
22050,150,800,"bu","14:24:36",10967600
22050,150,2000,"bu","14:24:33",10966800
22050,150,5000,"bu","14:24:32",10964800
22000,100,3000,"sd","14:24:32",10959800
22000,100,2300,"sd","14:24:30",10956800
22000,100,2700,"sd","14:24:30",10954500
22050,150,2000,"bu","14:24:28",10951800
22050,150,100,"bu","14:24:28",10949800
22050,150,200,"bu","14:24:27",10949700
22000,100,1200,"sd","14:24:27",10949500
22050,150,3000,"bu","14:24:26",10948300
22050,150,200,"bu","14:24:24",10945300
22050,150,100,"bu","14:24:23",10945100
22050,150,3000,"bu","14:24:20",10945000
22050,150,200,"bu","14:24:18",10942000
22050,150,200,"bu","14:24:13",10941800
22050,150,600,"bu","14:24:11",10941600
22050,150,1400,"bu","14:24:11",10941000
22050,150,48600,"bu","14:24:11",10939600
22050,150,1400,"bu","14:24:11",10891000
22050,150,200,"bu","14:24:10",10889600
22050,150,400,"bu","14:24:08",10889400
22050,150,500,"bu","14:24:08",10889000
22050,150,100,"bu","14:24:08",10888500
22050,150,200,"bu","14:24:04",10888400
22050,150,200,"bu","14:23:59",10888200
22050,150,100,"bu","14:23:59",10888000
22050,150,300,"bu","14:23:59",10887900
22050,150,1000,"bu","14:23:59",10887600
22050,150,500,"bu","14:23:58",10886600
22050,150,1000,"bu","14:23:58",10886100
22050,150,500,"bu","14:23:58",10885100
22050,150,1600,"bu","14:23:58",10884600
22050,150,400,"bu","14:23:55",10883000
22050,150,100,"bu","14:23:55",10882600
22050,150,100,"bu","14:23:54",10882500
22050,150,100,"bu","14:23:54",10882400
22050,150,1000,"bu","14:23:54",10882300
22050,150,100,"bu","14:23:54",10881300
22050,150,500,"bu","14:23:54",10881200
22050,150,2000,"bu","14:23:54",10880700
22050,150,2000,"bu","14:23:54",10878700
22050,150,100,"bu","14:23:54",10876700
22050,150,100,"bu","14:23:54",10876600
22050,150,2000,"bu","14:23:54",10876500
22050,150,200,"bu","14:23:54",10874500
22050,150,100,"bu","14:23:54",10874300
22050,150,500,"bu","14:23:54",10874200
22050,150,100,"bu","14:23:54",10873700
22050,150,300,"bu","14:23:54",10873600
22050,150,200,"bu","14:23:48",10873300
22050,150,400,"bu","14:23:44",10873100
22000,100,1000,"sd","14:23:44",10872700
22050,150,100,"bu","14:23:41",10871700
22050,150,100,"bu","14:23:41",10871600
22050,150,200,"bu","14:23:39",10871500
22050,150,500,"bu","14:23:39",10871300
22050,150,1000,"bu","14:23:39",10870800
22050,150,600,"bu","14:23:39",10869800
22050,150,100,"bu","14:23:39",10869200
22050,150,400,"bu","14:23:39",10869100
22050,150,1000,"bu","14:23:39",10868700
22050,150,1000,"bu","14:23:39",10867700
22050,150,1000,"bu","14:23:39",10866700
22050,150,100,"bu","14:23:39",10865700
22050,150,100,"bu","14:23:39",10865600
22050,150,1000,"bu","14:23:39",10865500
22050,150,5000,"bu","14:23:39",10864500
22050,150,100,"bu","14:23:39",10859500
22050,150,100,"bu","14:23:39",10859400
22050,150,2000,"bu","14:23:39",10859300
22050,150,400,"bu","14:23:39",10857300
22050,150,5000,"bu","14:23:39",10856900
22050,150,200,"bu","14:23:39",10851900
22050,150,200,"bu","14:23:39",10851700
22050,150,200,"bu","14:23:35",10851500
22000,100,100,"sd","14:23:33",10851300
22000,100,100,"sd","14:23:29",10851200
22000,100,100,"sd","14:23:29",10851100
22000,100,100,"sd","14:23:29",10851000
22000,100,700,"sd","14:23:29",10850900
22000,100,1000,"sd","14:23:29",10850200
22000,100,1000,"sd","14:23:29",10849200
22000,100,600,"sd","14:23:26",10848200
22050,150,200,"bu","14:23:26",10847600
22000,100,1500,"sd","14:23:25",10847400
22000,100,5000,"sd","14:23:25",10845900
22000,100,1000,"sd","14:23:25",10840900
22000,100,1000,"sd","14:23:25",10839900
22000,100,3000,"sd","14:23:25",10838900
22000,100,7000,"sd","14:23:25",10835900
22000,100,2000,"sd","14:23:25",10828900
22000,100,4000,"sd","14:23:25",10826900
22000,100,3000,"sd","14:23:25",10822900
22000,100,2500,"sd","14:23:25",10819900
22050,150,200,"bu","14:23:20",10817400
22000,100,400,"sd","14:23:19",10817200
22050,150,200,"bu","14:23:16",10816800
22000,100,100,"sd","14:23:10",10816600
22000,100,1800,"bu","14:23:10",10816500
22000,100,100,"bu","14:23:10",10814700
22000,100,100,"bu","14:23:10",10814600
22000,100,500,"bu","14:23:10",10814500
22000,100,1000,"bu","14:23:10",10814000
22000,100,100,"bu","14:23:10",10813000
22000,100,700,"bu","14:23:10",10812900
22000,100,500,"bu","14:23:10",10812200
22000,100,2300,"bu","14:23:10",10811700
22000,100,100,"bu","14:23:10",10809400
22000,100,700,"bu","14:23:10",10809300
22000,100,1100,"bu","14:23:10",10808600
22000,100,100,"bu","14:23:10",10807500
22000,100,5000,"bu","14:23:10",10807400
22000,100,100,"bu","14:23:10",10802400
22000,100,100,"bu","14:23:10",10802300
22000,100,700,"bu","14:23:10",10802200
22000,100,100,"bu","14:23:10",10801500
22000,100,100,"bu","14:23:10",10801400
22000,100,300,"bu","14:23:10",10801300
22000,100,700,"bu","14:23:10",10801000
22000,100,1000,"bu","14:23:10",10800300
22000,100,200,"bu","14:23:10",10799300
22000,100,100,"bu","14:23:10",10799100
22000,100,100,"bu","14:23:09",10799000
22000,100,1000,"bu","14:23:09",10798900
22000,100,100,"bu","14:23:09",10797900
22000,100,100,"bu","14:23:09",10797800
22000,100,400,"bu","14:23:09",10797700
22000,100,1000,"bu","14:23:09",10797300
22000,100,300,"bu","14:23:09",10796300
22000,100,100,"bu","14:23:07",10796000
22000,100,3200,"bu","14:23:07",10795900
22000,100,1000,"bu","14:23:07",10792700
22000,100,800,"bu","14:23:07",10791700
22000,100,100,"bu","14:23:06",10790900
22000,100,1000,"bu","14:23:01",10790800
22000,100,4400,"bu","14:22:59",10789800
22000,100,400,"bu","14:22:59",10785400
22000,100,2000,"bu","14:22:59",10785000
22000,100,3200,"bu","14:22:59",10783000
22000,100,1800,"bu","14:22:58",10779800
22000,100,200,"bu","14:22:58",10778000
22000,100,800,"bu","14:22:55",10777800
22000,100,100,"bu","14:22:55",10777000
22000,100,1100,"bu","14:22:55",10776900
22000,100,5000,"bu","14:22:53",10775800
22000,100,3900,"bu","14:22:49",10770800
22000,100,200,"bu","14:22:49",10766900
22000,100,900,"bu","14:22:49",10766700
22000,100,100,"bu","14:22:34",10765800
21950,50,200,"sd","14:22:24",10765700
21950,50,1600,"sd","14:22:24",10765500
22000,100,100,"bu","14:22:18",10763900
22000,100,1900,"bu","14:22:18",10763800
22000,100,100,"bu","14:22:15",10761900
22000,100,1000,"bu","14:22:12",10761800
22000,100,1000,"bu","14:22:10",10760800
22000,100,1000,"bu","14:22:09",10759800
22000,100,200,"bu","14:22:05",10758800
22000,100,200,"bu","14:22:04",10758600
22000,100,300,"bu","14:22:02",10758400
22000,100,500,"bu","14:22:02",10758100
22000,100,800,"bu","14:22:00",10757600
22000,100,300,"bu","14:22:00",10756800
22000,100,3900,"bu","14:22:00",10756500
22000,100,100,"bu","14:21:50",10752600
22000,100,100,"bu","14:21:50",10752500
22000,100,100,"bu","14:21:50",10752400
22000,100,700,"bu","14:21:50",10752300
22000,100,200,"bu","14:21:46",10751600
22000,100,300,"bu","14:21:39",10751400
22000,100,1800,"bu","14:21:27",10751100
22000,100,2000,"bu","14:21:27",10749300
22000,100,1000,"bu","14:21:27",10747300
22000,100,100,"bu","14:21:27",10746300
22000,100,200,"bu","14:21:27",10746200
22000,100,15000,"bu","14:21:27",10746000
22000,100,9900,"bu","14:21:27",10731000
22000,100,100,"bu","14:21:23",10721100
22000,100,100,"bu","14:21:14",10721000
21950,50,100,"sd","14:21:13",10720900
22000,100,1000,"bu","14:21:11",10720800
21950,50,1000,"sd","14:20:59",10719800
22000,100,500,"bu","14:20:58",10718800
22000,100,300,"bu","14:20:43",10718300
22000,100,3000,"bu","14:20:43",10718000
22000,100,100,"bu","14:20:43",10715000
22000,100,300,"bu","14:20:43",10714900
22000,100,700,"bu","14:20:43",10714600
22000,100,1000,"bu","14:20:43",10713900
22000,100,1000,"bu","14:20:43",10712900
22000,100,3600,"bu","14:20:43",10711900
22000,100,300,"bu","14:20:42",10708300
21950,50,100,"sd","14:20:40",10708000
21950,50,100,"sd","14:20:30",10707900
22000,100,100,"bu","14:20:27",10707800
22000,100,900,"bu","14:20:27",10707700
22000,100,100,"bu","14:20:27",10706800
22000,100,800,"bu","14:20:27",10706700
22000,100,100,"bu","14:20:27",10705900
22000,100,100,"bu","14:20:24",10705800
22000,100,100,"bu","14:20:24",10705700
22000,100,200,"bu","14:20:24",10705600
22000,100,200,"bu","14:20:24",10705400
22000,100,300,"bu","14:20:24",10705200
22000,100,3600,"bu","14:20:24",10704900
22000,100,20000,"bu","14:20:24",10701300
22000,100,10000,"bu","14:20:22",10681300
22000,100,100,"bu","14:20:17",10671300
22000,100,100,"bu","14:20:05",10671200
22000,100,2500,"bu","14:20:02",10671100
22000,100,300,"bu","14:20:01",10668600
22000,100,2000,"sd","14:19:59",10668300
22000,100,1000,"sd","14:19:59",10666300
22000,100,2000,"sd","14:19:59",10665300
22000,100,500,"sd","14:19:59",10663300
22000,100,5000,"sd","14:19:59",10662800
22000,100,500,"sd","14:19:59",10657800
22000,100,2400,"sd","14:19:59",10657300
22000,100,400,"sd","14:19:56",10654900
22000,100,200,"sd","14:19:56",10654500
22000,100,6000,"sd","14:19:50",10654300
22000,100,1000,"sd","14:19:47",10648300
22000,100,1100,"sd","14:19:46",10647300
22000,100,100,"sd","14:19:43",10646200
22000,100,300,"sd","14:19:40",10646100
22000,100,1000,"sd","14:19:40",10645800
22000,100,400,"sd","14:19:36",10644800
22000,100,100,"sd","14:19:35",10644400
22000,100,100,"sd","14:19:33",10644300
22000,100,6900,"bu","14:19:29",10644200
22000,100,3100,"bu","14:19:29",10637300
22000,100,3000,"bu","14:19:29",10634200
22000,100,200,"bu","14:19:29",10631200
22000,100,2000,"bu","14:19:29",10631000
22000,100,1700,"bu","14:19:29",10629000
22000,100,2900,"bu","14:19:26",10627300
22000,100,1000,"sd","14:19:15",10624400
22000,100,9400,"sd","14:19:15",10623400
22000,100,1000,"sd","14:19:13",10614000
22000,100,1000,"bu","14:19:13",10613000
22000,100,1000,"bu","14:19:13",10612000
22000,100,2000,"bu","14:19:13",10611000
22000,100,1000,"bu","14:19:13",10609000
22000,100,5000,"bu","14:19:13",10608000
22000,100,1000,"bu","14:19:13",10603000
22000,100,1000,"bu","14:19:13",10602000
22000,100,500,"bu","14:19:13",10601000
22000,100,7100,"bu","14:19:13",10600500
22000,100,1000,"bu","14:19:12",10593400
22000,100,500,"bu","14:19:11",10592400
22000,100,1000,"bu","14:19:09",10591900
22000,100,400,"bu","14:19:07",10590900
22000,100,600,"bu","14:19:07",10590500
22000,100,100,"bu","14:19:04",10589900
22000,100,4300,"bu","14:19:02",10589800
22000,100,5700,"bu","14:19:02",10585500
22000,100,700,"bu","14:19:01",10579800
22000,100,5000,"bu","14:19:01",10579100
22000,100,300,"bu","14:19:01",10574100
22000,100,1000,"bu","14:19:01",10573800
22000,100,100,"bu","14:19:01",10572800
22000,100,900,"bu","14:19:01",10572700
22000,100,200,"bu","14:19:01",10571800
22000,100,1000,"bu","14:19:01",10571600
22000,100,100,"bu","14:19:01",10570600
22000,100,400,"bu","14:19:01",10570500
22000,100,100,"bu","14:19:01",10570100
22000,100,200,"bu","14:19:01",10570000
22000,100,500,"bu","14:19:01",10569800
22000,100,500,"bu","14:19:01",10569300
22000,100,100,"bu","14:19:01",10568800
22000,100,2000,"bu","14:19:01",10568700
22000,100,100,"bu","14:19:01",10566700
22000,100,500,"bu","14:19:01",10566600
22000,100,500,"bu","14:19:01",10566100
22000,100,1500,"bu","14:19:01",10565600
22000,100,1000,"bu","14:19:01",10564100
22000,100,10300,"bu","14:19:01",10563100
22000,100,2000,"bu","14:18:59",10552800
22000,100,1500,"bu","14:18:51",10550800
22000,100,10000,"bu","14:18:47",10549300
21950,50,100,"sd","14:18:46",10539300
21950,50,200,"sd","14:18:46",10539200
22000,100,400,"bu","14:18:44",10539000
22000,100,1600,"bu","14:18:40",10538600
22000,100,2000,"bu","14:18:37",10537000
22000,100,5000,"bu","14:18:37",10535000
22000,100,5000,"bu","14:18:33",10530000
22000,100,5200,"bu","14:18:25",10525000
22000,100,5000,"bu","14:18:25",10519800
22000,100,100,"bu","14:18:25",10514800
22000,100,1000,"bu","14:18:25",10514700
22000,100,300,"bu","14:18:25",10513700
22000,100,2000,"bu","14:18:25",10513400
22000,100,1000,"bu","14:18:25",10511400
22000,100,100,"bu","14:18:25",10510400
22000,100,4500,"bu","14:18:25",10510300
22000,100,800,"bu","14:18:25",10505800
22000,100,5800,"bu","14:18:21",10505000
22000,100,200,"bu","14:18:20",10499200
21950,50,100,"sd","14:18:19",10499000
22000,100,400,"bu","14:18:16",10498900
22000,100,900,"bu","14:18:13",10498500
22000,100,2200,"bu","14:18:12",10497600
22000,100,200,"bu","14:18:07",10495400
22000,100,1000,"bu","14:18:06",10495200
22000,100,600,"bu","14:18:05",10494200
22000,100,3000,"bu","14:17:57",10493600
22000,100,100,"bu","14:17:57",10490600
22000,100,400,"bu","14:17:52",10490500
22000,100,1000,"sd","14:17:51",10490100
22000,100,100,"sd","14:17:51",10489100
22000,100,4300,"sd","14:17:51",10489000
22000,100,100,"sd","14:17:50",10484700
22000,100,1000,"sd","14:17:49",10484600
22000,100,100,"sd","14:17:49",10483600
22000,100,4500,"sd","14:17:47",10483500
22000,100,500,"sd","14:17:47",10479000
22000,100,500,"sd","14:17:46",10478500
22000,100,200,"sd","14:17:46",10478000
22000,100,300,"sd","14:17:46",10477800
22000,100,1000,"sd","14:17:43",10477500
22000,100,1000,"sd","14:17:43",10476500
22000,100,3000,"sd","14:17:41",10475500
22000,100,500,"sd","14:17:40",10472500
22000,100,1000,"sd","14:17:37",10472000
22000,100,3200,"sd","14:17:36",10471000
22000,100,400,"sd","14:17:36",10467800
22000,100,10000,"sd","14:17:36",10467400
22000,100,500,"sd","14:17:36",10457400
22000,100,1700,"sd","14:17:36",10456900
22000,100,2000,"sd","14:17:36",10455200
22000,100,2000,"sd","14:17:36",10453200
22000,100,200,"sd","14:17:36",10451200
22000,100,500,"sd","14:17:30",10451000
22000,100,2300,"sd","14:17:25",10450500
22000,100,100,"sd","14:17:25",10448200
22000,100,2600,"sd","14:17:25",10448100
22000,100,200,"sd","14:17:19",10445500
22000,100,100,"sd","14:17:18",10445300
22000,100,1000,"sd","14:17:17",10445200
22000,100,2000,"sd","14:17:13",10444200
22000,100,200,"sd","14:17:10",10442200
22000,100,100,"sd","14:17:09",10442000
22000,100,100,"sd","14:17:06",10441900
22000,100,1000,"sd","14:17:03",10441800
22000,100,1000,"sd","14:16:50",10440800
22000,100,100,"sd","14:16:43",10439800
22050,150,3800,"bu","14:16:41",10439700
22050,150,1200,"bu","14:16:41",10435900
22000,100,200,"sd","14:16:41",10434700
22000,100,1400,"sd","14:16:41",10434500
22000,100,1900,"sd","14:16:41",10433100
22000,100,200,"bu","14:16:40",10431200
22000,100,7900,"bu","14:16:40",10431000
22000,100,500,"bu","14:16:39",10423100
22000,100,100,"bu","14:16:39",10422600
22000,100,100,"bu","14:16:39",10422500
22000,100,1000,"bu","14:16:39",10422400
22000,100,200,"bu","14:16:39",10421400
22000,100,100,"bu","14:16:39",10421200
22000,100,500,"bu","14:16:39",10421100
22000,100,900,"bu","14:16:39",10420600
22000,100,2000,"bu","14:16:39",10419700
22000,100,2000,"bu","14:16:39",10417700
22000,100,1000,"bu","14:16:39",10415700
22000,100,1000,"bu","14:16:39",10414700
22000,100,600,"bu","14:16:39",10413700
21950,50,400,"sd","14:16:33",10413100
22000,100,400,"bu","14:16:30",10412700
22000,100,100,"bu","14:16:30",10412300
22000,100,100,"bu","14:16:29",10412200
22000,100,1000,"bu","14:16:29",10412100
22000,100,100,"bu","14:16:29",10411100
22000,100,500,"bu","14:16:29",10411000
22000,100,900,"bu","14:16:29",10410500
22000,100,400,"bu","14:16:29",10409600
22000,100,2000,"bu","14:16:29",10409200
22000,100,500,"bu","14:16:29",10407200
22000,100,400,"bu","14:16:29",10406700
22000,100,900,"bu","14:16:29",10406300
22000,100,100,"bu","14:16:29",10405400
22000,100,3100,"bu","14:16:29",10405300
22000,100,1000,"bu","14:16:28",10402200
22000,100,500,"bu","14:16:27",10401200
22000,100,400,"bu","14:16:25",10400700
22000,100,100,"bu","14:16:25",10400300
22000,100,500,"bu","14:16:25",10400200
22000,100,6300,"bu","14:16:25",10399700
22000,100,200,"bu","14:16:25",10393400
22000,100,1100,"bu","14:16:25",10393200
22000,100,1100,"bu","14:16:25",10392100
22000,100,1900,"bu","14:16:25",10391000
22000,100,700,"bu","14:16:25",10389100
22000,100,2500,"bu","14:16:25",10388400
22000,100,100,"bu","14:16:25",10385900
22000,100,300,"bu","14:16:25",10385800
22000,100,2000,"bu","14:16:25",10385500
22000,100,5000,"bu","14:16:25",10383500
22000,100,1000,"bu","14:16:25",10378500
22000,100,300,"bu","14:16:25",10377500
22000,100,100,"bu","14:16:25",10377200
22000,100,1000,"bu","14:16:25",10377100
22000,100,2000,"bu","14:16:25",10376100
22000,100,500,"bu","14:16:25",10374100
22000,100,1000,"bu","14:16:25",10373600
22000,100,100,"bu","14:16:25",10372600
22000,100,1500,"bu","14:16:25",10372500
22000,100,4000,"bu","14:16:25",10371000
22000,100,100,"bu","14:16:25",10367000
22000,100,500,"bu","14:16:25",10366900
22000,100,2000,"bu","14:16:25",10366400
22000,100,1100,"bu","14:16:25",10364400
22000,100,200,"bu","14:16:25",10363300
22000,100,500,"bu","14:16:25",10363100
22000,100,500,"bu","14:16:25",10362600
22000,100,1700,"bu","14:16:25",10362100
22000,100,1000,"bu","14:16:25",10360400
22000,100,1900,"bu","14:16:25",10359400
22000,100,5000,"bu","14:16:25",10357500
22000,100,100,"bu","14:16:25",10352500
22000,100,600,"bu","14:16:25",10352400
22000,100,100,"bu","14:16:25",10351800
22000,100,1000,"bu","14:16:25",10351700
22000,100,500,"bu","14:16:20",10350700
22000,100,1000,"bu","14:16:20",10350200
22000,100,100,"bu","14:16:20",10349200
22000,100,400,"bu","14:16:20",10349100
22000,100,200,"bu","14:16:19",10348700
22000,100,1000,"bu","14:16:19",10348500
22000,100,200,"bu","14:16:19",10347500
22000,100,100,"bu","14:16:19",10347300
22000,100,900,"bu","14:16:19",10347200
22000,100,1100,"bu","14:16:19",10346300
22000,100,100,"bu","14:16:19",10345200
22000,100,1800,"bu","14:16:19",10345100
22000,100,15700,"bu","14:16:18",10343300
22000,100,100,"bu","14:16:14",10327600
22000,100,2400,"bu","14:16:12",10327500
22000,100,100,"bu","14:16:12",10325100
22000,100,2000,"bu","14:16:12",10325000
22000,100,200,"bu","14:16:12",10323000
22000,100,300,"bu","14:16:12",10322800
22000,100,500,"bu","14:16:11",10322500
22000,100,200,"bu","14:16:01",10322000
22000,100,100,"bu","14:16:01",10321800
22000,100,500,"bu","14:16:01",10321700
22000,100,1000,"bu","14:16:01",10321200
22000,100,3000,"bu","14:16:01",10320200
22000,100,100,"bu","14:16:01",10317200
22000,100,200,"bu","14:16:01",10317100
22000,100,2000,"bu","14:16:01",10316900
22000,100,100,"bu","14:16:01",10314900
22000,100,100,"bu","14:16:01",10314800
22000,100,5000,"bu","14:16:01",10314700
22000,100,500,"bu","14:16:01",10309700
22000,100,1000,"bu","14:16:01",10309200
22000,100,100,"bu","14:16:01",10308200
22000,100,2000,"bu","14:16:01",10308100
22000,100,3100,"bu","14:16:01",10306100
22000,100,2000,"bu","14:15:58",10303000
22000,100,300,"bu","14:15:58",10301000
22000,100,6900,"bu","14:15:58",10300700
22000,100,400,"bu","14:15:58",10293800
22000,100,4000,"bu","14:15:58",10293400
22000,100,4000,"bu","14:15:58",10289400
22000,100,200,"bu","14:15:58",10285400
22000,100,300,"bu","14:15:58",10285200
22000,100,2000,"bu","14:15:58",10284900
22000,100,500,"bu","14:15:58",10282900
22000,100,2000,"bu","14:15:58",10282400
22000,100,200,"bu","14:15:58",10280400
22000,100,1000,"bu","14:15:58",10280200
22000,100,1200,"bu","14:15:58",10279200
22000,100,500,"bu","14:15:55",10278000
22000,100,1500,"bu","14:15:55",10277500
22000,100,200,"bu","14:15:55",10276000
22000,100,1000,"bu","14:15:55",10275800
22000,100,100,"bu","14:15:55",10274800
22000,100,300,"bu","14:15:55",10274700
22000,100,200,"bu","14:15:55",10274400
22000,100,10000,"bu","14:15:55",10274200
22000,100,500,"bu","14:15:55",10264200
22000,100,600,"bu","14:15:55",10263700
22000,100,200,"bu","14:15:55",10263100
22000,100,500,"bu","14:15:55",10262900
22000,100,2600,"bu","14:15:55",10262400
22000,100,1000,"bu","14:15:55",10259800
22000,100,10000,"bu","14:15:55",10258800
22000,100,100,"bu","14:15:55",10248800
22000,100,300,"bu","14:15:55",10248700
22000,100,2600,"bu","14:15:55",10248400
22000,100,1000,"bu","14:15:55",10245800
22000,100,1000,"bu","14:15:55",10244800
22000,100,900,"bu","14:15:55",10243800
22000,100,300,"bu","14:15:55",10242900
22000,100,400,"bu","14:15:55",10242600
22000,100,50000,"bu","14:15:55",10242200
22000,100,1000,"bu","14:15:55",10192200
22000,100,100,"bu","14:15:55",10191200
22000,100,1400,"bu","14:15:55",10191100
22000,100,100,"bu","14:15:55",10189700
22000,100,100,"bu","14:15:55",10189600
22000,100,100,"bu","14:15:55",10189500
22000,100,100,"bu","14:15:55",10189400
22000,100,700,"bu","14:15:55",10189300
22000,100,5000,"bu","14:15:55",10188600
22000,100,500,"bu","14:15:55",10183600
22000,100,200,"bu","14:15:55",10183100
22000,100,1000,"bu","14:15:55",10182900
22000,100,2900,"bu","14:15:55",10181900
22000,100,500,"bu","14:15:55",10179000
22000,100,500,"bu","14:15:55",10178500
22000,100,1000,"bu","14:15:51",10178000
21950,50,2000,"sd","14:15:48",10177000
22000,100,46100,"bu","14:15:43",10175000
22000,100,2000,"bu","14:15:43",10128900
22000,100,300,"bu","14:15:43",10126900
22000,100,500,"bu","14:15:43",10126600
22000,100,1100,"bu","14:15:43",10126100
22000,100,1500,"bu","14:15:34",10125000
21950,50,1000,"sd","14:15:28",10123500
22000,100,400,"bu","14:15:26",10122500
22000,100,1000,"bu","14:15:26",10122100
22000,100,600,"bu","14:15:26",10121100
22000,100,300,"bu","14:15:18",10120500
22000,100,300,"bu","14:15:15",10120200
21950,50,10000,"sd","14:15:02",10119900
21950,50,1000,"sd","14:14:52",10109900
22000,100,100,"bu","14:14:51",10108900
22000,100,1200,"bu","14:14:51",10108800
22000,100,500,"bu","14:14:51",10107600
22000,100,1000,"bu","14:14:51",10107100
22000,100,3500,"bu","14:14:51",10106100
22000,100,500,"bu","14:14:51",10102600
22000,100,1000,"bu","14:14:51",10102100
22000,100,2000,"bu","14:14:51",10101100
22000,100,300,"bu","14:14:51",10099100
22000,100,2800,"bu","14:14:51",10098800
22000,100,300,"bu","14:14:51",10096000
22000,100,200,"bu","14:14:51",10095700
22000,100,1000,"bu","14:14:51",10095500
22000,100,200,"bu","14:14:51",10094500
22000,100,200,"bu","14:14:51",10094300
22000,100,100,"bu","14:14:51",10094100
22000,100,10000,"bu","14:14:51",10094000
22000,100,1000,"bu","14:14:51",10084000
22000,100,100,"bu","14:14:51",10083000
22000,100,5000,"bu","14:14:51",10082900
22000,100,100,"bu","14:14:51",10077900
22000,100,100,"bu","14:14:51",10077800
22000,100,100,"bu","14:14:51",10077700
22000,100,1000,"bu","14:14:51",10077600
22000,100,1000,"bu","14:14:51",10076600
22000,100,100,"bu","14:14:51",10075600
22000,100,500,"bu","14:14:51",10075500
22000,100,100,"bu","14:14:51",10075000
22000,100,1500,"bu","14:14:51",10074900
22000,100,300,"bu","14:14:51",10073400
22000,100,500,"bu","14:14:51",10073100
22000,100,100,"bu","14:14:51",10072600
22000,100,2700,"bu","14:14:51",10072500
22000,100,100,"bu","14:14:51",10069800
22000,100,500,"bu","14:14:51",10069700
22000,100,400,"bu","14:14:51",10069200
22000,100,7000,"bu","14:14:51",10068800
22000,100,100,"bu","14:14:51",10061800
22000,100,2800,"bu","14:14:51",10061700
21950,50,100,"sd","14:14:48",10058900
21950,50,100,"sd","14:14:34",10058800
22000,100,600,"bu","14:14:33",10058700
21950,50,1000,"sd","14:14:30",10058100
22000,100,300,"bu","14:14:29",10057100
22000,100,1300,"bu","14:14:24",10056800
22000,100,600,"bu","14:14:24",10055500
22000,100,2000,"bu","14:14:24",10054900
22000,100,300,"bu","14:14:24",10052900
22000,100,800,"bu","14:14:24",10052600
21950,50,600,"sd","14:14:23",10051800
21950,50,500,"sd","14:14:15",10051200
21950,50,2000,"sd","14:14:08",10050700
21950,50,1000,"sd","14:14:04",10048700
21950,50,500,"sd","14:14:04",10047700
21950,50,500,"sd","14:14:04",10047200
21950,50,100,"sd","14:14:01",10046700
21950,50,400,"sd","14:13:57",10046600
21950,50,1600,"sd","14:13:57",10046200
21950,50,100,"sd","14:13:56",10044600
21950,50,200,"sd","14:13:56",10044500
22000,100,200,"bu","14:13:54",10044300
21950,50,5000,"bu","14:13:49",10044100
21950,50,100,"bu","14:13:49",10039100
21950,50,2000,"bu","14:13:49",10039000
21950,50,100,"bu","14:13:49",10037000
21950,50,2500,"bu","14:13:49",10036900
21950,50,2000,"bu","14:13:43",10034400
21950,50,400,"bu","14:13:38",10032400
21950,50,400,"bu","14:13:36",10032000
21950,50,100,"bu","14:13:36",10031600
21950,50,800,"bu","14:13:33",10031500
21950,50,100,"bu","14:13:33",10030700
21950,50,4600,"bu","14:13:33",10030600
21950,50,300,"bu","14:13:33",10026000
21950,50,200,"bu","14:13:33",10025700
21950,50,100,"bu","14:13:33",10025500
21950,50,200,"bu","14:13:33",10025400
21950,50,3000,"bu","14:13:33",10025200
21950,50,700,"bu","14:13:33",10022200
21950,50,500,"bu","14:13:30",10021500
21950,50,1000,"bu","14:13:29",10021000
21950,50,3000,"bu","14:13:28",10020000
21950,50,500,"bu","14:13:26",10017000
21950,50,2000,"bu","14:13:26",10016500
21950,50,1000,"bu","14:13:21",10014500
21950,50,100,"bu","14:13:18",10013500
21950,50,4200,"bu","14:13:15",10013400
21950,50,800,"bu","14:13:15",10009200
21950,50,700,"bu","14:13:05",10008400
21950,50,400,"bu","14:13:05",10007700
21950,50,500,"bu","14:13:05",10007300
21950,50,100,"bu","14:13:05",10006800
21950,50,3300,"bu","14:13:05",10006700
21950,50,500,"bu","14:13:04",10003400
21950,50,1000,"bu","14:13:02",10002900
21950,50,100,"bu","14:12:58",10001900
21950,50,100,"bu","14:12:58",10001800
21950,50,500,"bu","14:12:58",10001700
21950,50,100,"bu","14:12:57",10001200
21950,50,1000,"bu","14:12:57",10001100
21950,50,800,"bu","14:12:56",10000100
21950,50,3200,"bu","14:12:56",9999300
21950,50,6800,"bu","14:12:56",9996100
21950,50,400,"bu","14:12:54",9989300
21950,50,300,"bu","14:12:54",9988900
21950,50,1900,"bu","14:12:52",9988600
21950,50,1000,"bu","14:12:52",9986700
21950,50,100,"bu","14:12:52",9985700
21950,50,10000,"bu","14:12:52",9985600
21950,50,500,"bu","14:12:52",9975600
21950,50,200,"bu","14:12:52",9975100
21950,50,6300,"bu","14:12:52",9974900
21950,50,3700,"bu","14:12:49",9968600
21950,50,500,"bu","14:12:49",9964900
21950,50,100,"bu","14:12:49",9964400
21950,50,1000,"bu","14:12:49",9964300
21950,50,4700,"bu","14:12:49",9963300
21950,50,300,"bu","14:12:48",9958600
21950,50,1000,"bu","14:12:48",9958300
21950,50,200,"bu","14:12:48",9957300
21950,50,1800,"bu","14:12:42",9957100
21950,50,900,"bu","14:12:42",9955300
21950,50,300,"bu","14:12:42",9954400
21950,50,100,"bu","14:12:36",9954100
21950,50,100,"bu","14:12:35",9954000
21950,50,200,"bu","14:12:35",9953900
21950,50,500,"bu","14:12:35",9953700
21950,50,300,"bu","14:12:35",9953200
21950,50,700,"bu","14:12:29",9952900
21950,50,900,"bu","14:12:29",9952200
21950,50,300,"bu","14:12:29",9951300
21950,50,500,"bu","14:12:29",9951000
21950,50,500,"bu","14:12:29",9950500
21950,50,100,"bu","14:12:29",9950000
21950,50,7000,"bu","14:12:29",9949900
21950,50,13000,"bu","14:12:24",9942900
21950,50,500,"bu","14:12:24",9929900
21950,50,100,"bu","14:12:24",9929400
21950,50,2000,"bu","14:12:24",9929300
21950,50,100,"bu","14:12:24",9927300
21950,50,4300,"bu","14:12:24",9927200
21950,50,1700,"bu","14:12:15",9922900
21950,50,100,"bu","14:12:15",9921200
21950,50,200,"bu","14:12:15",9921100
21900,0,300,"sd","14:11:50",9920900
21900,0,1000,"sd","14:11:43",9920600
21900,0,900,"bu","14:11:42",9919600
21900,0,200,"bu","14:11:42",9918700
21900,0,100,"bu","14:11:42",9918500
21900,0,1000,"bu","14:11:42",9918400
21900,0,100,"bu","14:11:42",9917400
21900,0,100,"bu","14:11:42",9917300
21900,0,300,"bu","14:11:42",9917200
21900,0,500,"bu","14:11:42",9916900
21900,0,200,"bu","14:11:42",9916400
21900,0,400,"bu","14:11:42",9916200
21900,0,100,"bu","14:11:42",9915800
21900,0,1000,"bu","14:11:42",9915700
21900,0,300,"bu","14:11:42",9914700
21900,0,8000,"bu","14:11:42",9914400
21900,0,500,"bu","14:11:41",9906400
21900,0,100,"bu","14:11:41",9905900
21900,0,1000,"bu","14:11:41",9905800
21900,0,500,"bu","14:11:41",9904800
21900,0,300,"bu","14:11:41",9904300
21900,0,100,"bu","14:11:41",9904000
21900,0,2800,"bu","14:11:41",9903900
21900,0,600,"bu","14:11:41",9901100
21900,0,200,"bu","14:11:41",9900500
21900,0,2000,"bu","14:11:41",9900300
21900,0,200,"bu","14:11:41",9898300
21900,0,2500,"bu","14:11:41",9898100
21900,0,400,"bu","14:11:41",9895600
21900,0,1200,"bu","14:11:41",9895200
21900,0,300,"bu","14:11:41",9894000
21900,0,3000,"bu","14:11:40",9893700
21900,0,1300,"bu","14:11:40",9890700
21900,0,2000,"bu","14:11:38",9889400
21900,0,200,"bu","14:11:37",9887400
21900,0,1000,"bu","14:11:37",9887200
21900,0,200,"bu","14:11:37",9886200
21900,0,700,"bu","14:11:37",9886000
21900,0,2000,"bu","14:11:36",9885300
21900,0,7000,"bu","14:11:35",9883300
21900,0,300,"bu","14:11:35",9876300
21900,0,200,"bu","14:11:35",9876000
21900,0,10000,"bu","14:11:35",9875800
21900,0,500,"bu","14:11:35",9865800
21900,0,1100,"bu","14:11:35",9865300
21900,0,2000,"bu","14:11:35",9864200
21900,0,900,"bu","14:11:35",9862200
21900,0,6000,"bu","14:11:28",9861300
21900,0,200,"bu","14:11:28",9855300
21900,0,1000,"bu","14:11:25",9855100
21900,0,1900,"bu","14:11:23",9854100
21900,0,500,"bu","14:11:23",9852200
21900,0,500,"bu","14:11:23",9851700
21900,0,500,"bu","14:11:23",9851200
21900,0,100,"bu","14:11:23",9850700
21900,0,2000,"bu","14:11:23",9850600
21900,0,100,"bu","14:11:23",9848600
21900,0,1000,"bu","14:11:23",9848500
21900,0,1000,"bu","14:11:23",9847500
21900,0,2400,"bu","14:11:23",9846500
21900,0,1000,"bu","14:11:21",9844100
21900,0,100,"bu","14:11:21",9843100
21900,0,2000,"bu","14:11:21",9843000
21900,0,1000,"bu","14:11:21",9841000
21900,0,100,"bu","14:11:21",9840000
21900,0,3600,"bu","14:11:21",9839900
21900,0,900,"bu","14:11:21",9836300
21900,0,300,"bu","14:11:21",9835400
21900,0,100,"bu","14:11:21",9835100
21900,0,100,"bu","14:11:11",9835000
21900,0,500,"bu","14:11:11",9834900
21900,0,300,"bu","14:11:11",9834400
21900,0,300,"bu","14:11:11",9834100
21900,0,800,"bu","14:11:11",9833800
21850,-50,100,"sd","14:10:58",9833000
21850,-50,100,"sd","14:10:51",9832900
21900,0,200,"bu","14:10:51",9832800
21900,0,300,"bu","14:10:51",9832600
21850,-50,2000,"sd","14:10:46",9832300
21900,0,500,"bu","14:10:41",9830300
21900,0,500,"bu","14:10:41",9829800
21850,-50,1100,"sd","14:10:41",9829300
21850,-50,500,"sd","14:10:41",9828200
21850,-50,200,"sd","14:10:41",9827700
21850,-50,38200,"sd","14:10:41",9827500
21900,0,100,"bu","14:10:32",9789300
21850,-50,1000,"sd","14:10:23",9789200
21850,-50,500,"sd","14:10:18",9788200
21850,-50,10300,"bu","14:10:12",9787700
21850,-50,100,"sd","14:10:11",9777400
21850,-50,200,"sd","14:10:11",9777300
21850,-50,100,"sd","14:10:11",9777100
21850,-50,300,"sd","14:10:11",9777000
21850,-50,200,"sd","14:10:11",9776700
21850,-50,100,"sd","14:10:11",9776500
21850,-50,500,"sd","14:10:11",9776400
21850,-50,100,"sd","14:10:11",9775900
21850,-50,900,"sd","14:10:11",9775800
21850,-50,1100,"sd","14:10:11",9774900
21850,-50,200,"sd","14:10:06",9773800
21900,0,1000,"bu","14:10:06",9773600
21900,0,2600,"bu","14:10:00",9772600
21900,0,1400,"bu","14:10:00",9770000
21850,-50,3700,"sd","14:09:47",9768600
21850,-50,100,"sd","14:09:47",9764900
21850,-50,100,"sd","14:09:47",9764800
21850,-50,1000,"sd","14:09:47",9764700
21850,-50,200,"sd","14:09:47",9763700
21850,-50,500,"sd","14:09:47",9763500
21850,-50,1000,"sd","14:09:47",9763000
21850,-50,3400,"sd","14:09:47",9762000
21850,-50,6600,"sd","14:09:44",9758600
21850,-50,400,"sd","14:09:44",9752000
21900,0,600,"bu","14:09:37",9751600
21900,0,1200,"bu","14:09:37",9751000
21850,-50,100,"sd","14:09:32",9749800
21850,-50,900,"sd","14:09:32",9749700
21850,-50,2000,"sd","14:09:30",9748800
21850,-50,100,"sd","14:09:28",9746800
21850,-50,200,"sd","14:09:25",9746700
21850,-50,200,"sd","14:09:25",9746500
21850,-50,5000,"sd","14:09:25",9746300
21850,-50,100,"sd","14:09:25",9741300
21850,-50,300,"sd","14:09:25",9741200
21850,-50,200,"sd","14:09:25",9740900
21850,-50,20000,"sd","14:09:25",9740700
21850,-50,200,"sd","14:09:25",9720700
21850,-50,200,"sd","14:09:25",9720500
21850,-50,2000,"sd","14:09:25",9720300
21850,-50,100,"sd","14:09:25",9718300
21850,-50,6500,"sd","14:09:25",9718200
21900,0,800,"bu","14:09:21",9711700
21900,0,200,"bu","14:09:21",9710900
21900,0,400,"bu","14:09:13",9710700
21850,-50,100,"sd","14:09:11",9710300
21850,-50,3000,"sd","14:09:09",9710200
21850,-50,400,"sd","14:08:57",9707200
21850,-50,500,"bu","14:08:55",9706800
21850,-50,100,"bu","14:08:51",9706300
21850,-50,400,"bu","14:08:51",9706200
21850,-50,100,"bu","14:08:50",9705800
21850,-50,400,"bu","14:08:50",9705700
21850,-50,100,"bu","14:08:49",9705300
21850,-50,500,"bu","14:08:49",9705200
21850,-50,400,"bu","14:08:49",9704700
21850,-50,600,"bu","14:08:48",9704300
21850,-50,400,"bu","14:08:48",9703700
21850,-50,3000,"bu","14:08:45",9703300
21850,-50,500,"bu","14:08:45",9700300
21850,-50,1100,"bu","14:08:44",9699800
21850,-50,900,"bu","14:08:44",9698700
21850,-50,1000,"bu","14:08:42",9697800
21850,-50,500,"bu","14:08:39",9696800
21850,-50,100,"bu","14:08:36",9696300
21850,-50,100,"bu","14:08:36",9696200
21850,-50,1400,"bu","14:08:36",9696100
21850,-50,500,"bu","14:08:36",9694700
21850,-50,1000,"bu","14:08:36",9694200
21850,-50,200,"bu","14:08:36",9693200
21850,-50,900,"bu","14:08:36",9693000
21850,-50,3000,"bu","14:08:36",9692100
21850,-50,500,"bu","14:08:36",9689100
21850,-50,300,"bu","14:08:36",9688600
21850,-50,3500,"bu","14:08:36",9688300
21850,-50,500,"bu","14:08:36",9684800
21850,-50,1500,"bu","14:08:36",9684300
21850,-50,2400,"bu","14:08:36",9682800
21850,-50,500,"bu","14:08:36",9680400
21850,-50,500,"bu","14:08:36",9679900
21850,-50,300,"bu","14:08:36",9679400
21850,-50,500,"bu","14:08:36",9679100
21850,-50,2400,"bu","14:08:36",9678600
21850,-50,10000,"bu","14:08:35",9676200
21850,-50,1000,"bu","14:08:33",9666200
21850,-50,100,"bu","14:08:29",9665200
21850,-50,100,"bu","14:08:28",9665100
21850,-50,400,"bu","14:08:25",9665000
21850,-50,100,"bu","14:08:19",9664600
21850,-50,900,"bu","14:08:13",9664500
21850,-50,100,"bu","14:08:13",9663600
21850,-50,1000,"bu","14:07:49",9663500
21800,-100,200,"sd","14:07:48",9662500
21800,-100,300,"sd","14:07:48",9662300
21850,-50,6900,"bu","14:07:46",9662000
21850,-50,5000,"bu","14:07:46",9655100
21850,-50,5000,"bu","14:07:46",9650100
21850,-50,500,"bu","14:07:46",9645100
21850,-50,5000,"bu","14:07:46",9644600
21850,-50,7600,"bu","14:07:46",9639600
21850,-50,300,"bu","14:07:45",9632000
21850,-50,2100,"bu","14:07:36",9631700
21800,-100,2000,"sd","14:07:35",9629600
21800,-100,100,"sd","14:07:25",9627600
21800,-100,100,"sd","14:07:25",9627500
21800,-100,1000,"sd","14:07:23",9627400
21800,-100,3000,"sd","14:07:19",9626400
21800,-100,500,"sd","14:07:19",9623400
21800,-100,1000,"sd","14:07:08",9622900
21850,-50,2400,"bu","14:06:49",9621900
21850,-50,2000,"bu","14:06:47",9619500
21850,-50,600,"bu","14:06:45",9617500
21850,-50,400,"bu","14:06:45",9616900
21800,-100,100,"sd","14:06:42",9616500
21850,-50,100,"bu","14:06:39",9616400
21800,-100,4000,"sd","14:06:35",9616300
21800,-100,300,"sd","14:06:33",9612300
21800,-100,5000,"sd","14:06:22",9612000
21800,-100,4000,"sd","14:06:20",9607000
21800,-100,800,"sd","14:06:10",9603000
21800,-100,2500,"sd","14:06:07",9602200
21800,-100,100,"sd","14:05:58",9599700
21850,-50,500,"bu","14:05:57",9599600
21850,-50,500,"bu","14:05:54",9599100
21850,-50,200,"bu","14:05:50",9598600
21850,-50,200,"bu","14:05:47",9598400
21850,-50,100,"bu","14:05:47",9598200
21850,-50,500,"bu","14:05:47",9598100
21850,-50,500,"bu","14:05:47",9597600
21850,-50,8700,"bu","14:05:47",9597100
21850,-50,100,"bu","14:05:44",9588400
21850,-50,100,"bu","14:05:38",9588300
21850,-50,400,"bu","14:05:31",9588200
21850,-50,1000,"bu","14:05:28",9587800
21850,-50,100,"bu","14:05:23",9586800
21850,-50,1000,"bu","14:05:18",9586700
21850,-50,3600,"bu","14:05:10",9585700
21850,-50,6400,"bu","14:05:10",9582100
21850,-50,3000,"bu","14:05:09",9575700
21850,-50,1000,"bu","14:04:55",9572700
21850,-50,100,"bu","14:04:55",9571700
21850,-50,4500,"unknown","14:04:55",9571600
21850,-50,100,"sd","14:04:47",9567100
21850,-50,400,"sd","14:04:44",9567000
21850,-50,300,"sd","14:04:44",9566600
21850,-50,200,"sd","14:04:42",9566300
21850,-50,3000,"sd","14:04:42",9566100
21850,-50,1000,"sd","14:04:42",9563100
21850,-50,2300,"sd","14:04:42",9562100
21850,-50,3000,"sd","14:04:42",9559800
21850,-50,100,"sd","14:04:42",9556800
21850,-50,500,"sd","14:04:42",9556700
21850,-50,2000,"sd","14:04:42",9556200
21850,-50,1000,"sd","14:04:42",9554200
21850,-50,1000,"sd","14:04:42",9553200
21850,-50,100,"sd","14:04:42",9552200
21850,-50,2000,"sd","14:04:42",9552100
21850,-50,600,"sd","14:04:42",9550100
21850,-50,100,"sd","14:04:42",9549500
21850,-50,1000,"sd","14:04:42",9549400
21850,-50,500,"sd","14:04:42",9548400
21850,-50,11600,"sd","14:04:42",9547900
21850,-50,1000,"sd","14:04:40",9536300
21900,0,100,"bu","14:04:40",9535300
21900,0,400,"bu","14:04:40",9535200
21850,-50,2000,"sd","14:04:36",9534800
21850,-50,5000,"sd","14:04:34",9532800
21850,-50,400,"sd","14:04:30",9527800
21850,-50,200,"sd","14:04:30",9527400
21850,-50,400,"sd","14:04:30",9527200
21850,-50,200,"sd","14:04:26",9526800
21850,-50,400,"sd","14:04:24",9526600
21850,-50,100,"sd","14:04:24",9526200
21850,-50,3000,"sd","14:04:10",9526100
21850,-50,500,"sd","14:04:07",9523100
21850,-50,2000,"sd","14:04:07",9522600
21900,0,600,"bu","14:04:04",9520600
21900,0,4800,"bu","14:04:04",9520000
21900,0,4600,"bu","14:04:04",9515200
21850,-50,3000,"sd","14:04:03",9510600
21850,-50,11400,"sd","14:04:03",9507600
21850,-50,100,"sd","14:04:03",9496200
21850,-50,1000,"sd","14:04:03",9496100
21850,-50,100,"sd","14:04:03",9495100
21850,-50,500,"sd","14:04:03",9495000
21850,-50,200,"sd","14:04:03",9494500
21850,-50,1700,"sd","14:04:03",9494300
21850,-50,1000,"sd","14:03:59",9492600
21850,-50,1500,"sd","14:03:58",9491600
21850,-50,300,"sd","14:03:58",9490100
21850,-50,1000,"sd","14:03:56",9489800
21850,-50,500,"sd","14:03:55",9488800
21850,-50,5000,"sd","14:03:52",9488300
21850,-50,100,"sd","14:03:51",9483300
21850,-50,3400,"sd","14:03:50",9483200
21850,-50,500,"sd","14:03:50",9479800
21850,-50,300,"sd","14:03:50",9479300
21850,-50,100,"sd","14:03:50",9479000
21850,-50,300,"sd","14:03:50",9478900
21850,-50,1000,"sd","14:03:50",9478600
21850,-50,9400,"sd","14:03:50",9477600
21850,-50,600,"sd","14:03:49",9468200
21850,-50,200,"sd","14:03:49",9467600
21850,-50,1000,"sd","14:03:49",9467400
21850,-50,300,"sd","14:03:49",9466400
21850,-50,500,"sd","14:03:49",9466100
21850,-50,10000,"sd","14:03:49",9465600
21850,-50,100,"sd","14:03:49",9455600
21850,-50,2000,"sd","14:03:49",9455500
21850,-50,2000,"sd","14:03:49",9453500
21850,-50,200,"sd","14:03:49",9451500
21850,-50,200,"sd","14:03:49",9451300
21850,-50,2900,"sd","14:03:49",9451100
21850,-50,100,"sd","14:03:45",9448200
21850,-50,500,"sd","14:03:45",9448100
21850,-50,12400,"sd","14:03:45",9447600
21850,-50,500,"sd","14:03:42",9435200
21850,-50,1000,"sd","14:03:31",9434700
21900,0,100,"bu","14:03:25",9433700
21900,0,300,"bu","14:03:23",9433600
21900,0,100,"bu","14:03:22",9433300
21900,0,8600,"bu","14:03:14",9433200
21850,-50,1000,"sd","14:03:07",9424600
21900,0,2000,"bu","14:03:03",9423600
21900,0,500,"bu","14:02:52",9421600
21850,-50,5100,"sd","14:02:43",9421100
21850,-50,200,"sd","14:02:43",9416000
21850,-50,100,"sd","14:02:43",9415800
21850,-50,500,"sd","14:02:43",9415700
21850,-50,500,"sd","14:02:43",9415200
21850,-50,1000,"sd","14:02:43",9414700
21850,-50,500,"sd","14:02:43",9413700
21850,-50,2100,"sd","14:02:43",9413200
21900,0,500,"bu","14:02:42",9411100
21900,0,300,"bu","14:02:35",9410600
21850,-50,1000,"sd","14:02:33",9410300
21900,0,600,"bu","14:02:33",9409300
21900,0,1000,"bu","14:02:33",9408700
21900,0,400,"bu","14:02:33",9407700
21900,0,900,"bu","14:02:26",9407300
21900,0,500,"bu","14:02:23",9406400
21900,0,2200,"bu","14:02:18",9405900
21900,0,500,"bu","14:02:18",9403700
21900,0,500,"bu","14:02:14",9403200
21900,0,1100,"bu","14:02:14",9402700
21900,0,400,"bu","14:02:14",9401600
21900,0,1000,"bu","14:02:13",9401200
21900,0,100,"bu","14:02:13",9400200
21900,0,1000,"bu","14:02:13",9400100
21900,0,300,"bu","14:02:13",9399100
21900,0,100,"bu","14:02:13",9398800
21900,0,500,"bu","14:02:13",9398700
21900,0,500,"bu","14:02:11",9398200
21900,0,100,"bu","14:02:11",9397700
21900,0,400,"bu","14:02:11",9397600
21900,0,1600,"bu","14:02:09",9397200
21900,0,400,"bu","14:02:09",9395600
21900,0,300,"bu","14:02:09",9395200
21900,0,2000,"bu","14:02:05",9394900
21900,0,1400,"bu","14:02:05",9392900
21900,0,1600,"bu","14:02:05",9391500
21900,0,300,"bu","14:02:04",9389900
21900,0,100,"bu","14:02:03",9389600
21900,0,400,"bu","14:02:03",9389500
21900,0,300,"bu","14:02:01",9389100
21900,0,100,"bu","14:02:01",9388800
21900,0,100,"bu","14:02:01",9388700
21900,0,500,"bu","14:02:01",9388600
21900,0,1500,"bu","14:01:58",9388100
21900,0,100,"bu","14:01:58",9386600
21900,0,100,"bu","14:01:58",9386500
21900,0,500,"bu","14:01:58",9386400
21900,0,3000,"bu","14:01:58",9385900
21900,0,3000,"bu","14:01:58",9382900
21900,0,500,"bu","14:01:58",9379900
21900,0,100,"bu","14:01:58",9379400
21900,0,100,"bu","14:01:58",9379300
21900,0,1100,"bu","14:01:58",9379200
21900,0,100,"bu","14:01:52",9378100
21850,-50,6900,"sd","14:01:50",9378000
21850,-50,500,"sd","14:01:50",9371100
21850,-50,1000,"sd","14:01:50",9370600
21850,-50,500,"sd","14:01:50",9369600
21850,-50,500,"sd","14:01:50",9369100
21850,-50,300,"sd","14:01:50",9368600
21850,-50,300,"sd","14:01:50",9368300
21900,0,1800,"bu","14:01:50",9368000
21900,0,100,"bu","14:01:50",9366200
21900,0,300,"bu","14:01:50",9366100
21900,0,500,"bu","14:01:50",9365800
21900,0,2000,"bu","14:01:50",9365300
21900,0,15000,"bu","14:01:50",9363300
21900,0,300,"bu","14:01:50",9348300
21900,0,1000,"bu","14:01:49",9348000
21900,0,600,"bu","14:01:49",9347000
21900,0,2000,"bu","14:01:47",9346400
21900,0,10000,"bu","14:01:44",9344400
21900,0,300,"bu","14:01:34",9334400
21850,-50,100,"sd","14:01:34",9334100
21900,0,1000,"bu","14:01:32",9334000
21900,0,100,"bu","14:01:27",9333000
21900,0,500,"bu","14:01:27",9332900
21900,0,2000,"bu","14:01:26",9332400
21900,0,100,"bu","14:01:21",9330400
21900,0,10000,"bu","14:01:13",9330300
21900,0,1000,"bu","14:01:03",9320300
21850,-50,600,"sd","14:01:02",9319300
21850,-50,400,"sd","14:01:02",9318700
21850,-50,1000,"sd","14:00:58",9318300
21900,0,1100,"bu","14:00:52",9317300
21900,0,500,"bu","14:00:52",9316200
21850,-50,600,"sd","14:00:51",9315700
21850,-50,100,"sd","14:00:51",9315100
21850,-50,200,"sd","14:00:51",9315000
21850,-50,10400,"sd","14:00:51",9314800
21850,-50,1000,"sd","14:00:51",9304400
21850,-50,1000,"sd","14:00:51",9303400
21850,-50,5000,"sd","14:00:51",9302400
21850,-50,3000,"sd","14:00:51",9297400
21850,-50,18700,"sd","14:00:51",9294400
21850,-50,1300,"sd","14:00:43",9275700
21850,-50,400,"sd","14:00:43",9274400
21850,-50,600,"sd","14:00:29",9274000
21850,-50,100,"sd","14:00:29",9273400
21850,-50,500,"sd","14:00:29",9273300
21850,-50,300,"sd","14:00:29",9272800
21850,-50,500,"sd","14:00:29",9272500
21900,0,500,"bu","14:00:28",9272000
21850,-50,300,"sd","14:00:19",9271500
21850,-50,200,"sd","14:00:17",9271200
21850,-50,100,"sd","14:00:17",9271000
21850,-50,200,"bu","14:00:12",9270900
21850,-50,100,"bu","14:00:08",9270700
21850,-50,200,"bu","14:00:08",9270600
21850,-50,800,"bu","14:00:08",9270400
21850,-50,1900,"bu","14:00:07",9269600
21850,-50,3000,"bu","14:00:07",9267700
21850,-50,2000,"bu","14:00:04",9264700
21850,-50,7300,"bu","14:00:02",9262700
21850,-50,1000,"bu","14:00:02",9255400
21850,-50,1700,"bu","14:00:02",9254400
21850,-50,100,"bu","14:00:00",9252700
21800,-100,1000,"sd","13:59:59",9252600
21850,-50,3000,"bu","13:59:58",9251600
21850,-50,100,"bu","13:59:57",9248600
21800,-100,300,"sd","13:59:57",9248500
21850,-50,200,"bu","13:59:52",9248200
21850,-50,4900,"bu","13:59:50",9248000
21850,-50,4100,"bu","13:59:50",9243100
21800,-100,1900,"sd","13:59:44",9239000
21850,-50,200,"bu","13:59:43",9237100
21850,-50,700,"bu","13:59:41",9236900
21850,-50,300,"bu","13:59:41",9236200
21850,-50,100,"bu","13:59:40",9235900
21850,-50,100,"bu","13:59:40",9235800
21850,-50,2300,"bu","13:59:40",9235700
21850,-50,1000,"bu","13:59:35",9233400
21850,-50,800,"bu","13:59:34",9232400
21850,-50,2000,"bu","13:59:32",9231600
21850,-50,3000,"bu","13:59:32",9229600
21850,-50,5900,"bu","13:59:25",9226600
21850,-50,200,"bu","13:59:25",9220700
21850,-50,2000,"bu","13:59:25",9220500
21850,-50,500,"bu","13:59:25",9218500
21850,-50,100,"bu","13:59:25",9218000
21850,-50,500,"bu","13:59:25",9217900
21850,-50,10800,"bu","13:59:25",9217400
21850,-50,100,"bu","13:59:24",9206600
21850,-50,500,"bu","13:59:22",9206500
21850,-50,3600,"bu","13:59:21",9206000
21850,-50,100,"bu","13:59:21",9202400
21850,-50,1000,"bu","13:59:21",9202300
21850,-50,100,"bu","13:59:21",9201300
21850,-50,200,"bu","13:59:21",9201200
21850,-50,100,"bu","13:59:08",9201000
21850,-50,900,"bu","13:59:08",9200900
21850,-50,1000,"bu","13:59:08",9200000
21850,-50,200,"bu","13:58:53",9199000
21850,-50,100,"bu","13:58:51",9198800
21800,-100,900,"sd","13:58:49",9198700
21800,-100,900,"sd","13:58:49",9197800
21800,-100,400,"sd","13:58:49",9196900
21800,-100,200,"sd","13:58:49",9196500
21800,-100,4000,"sd","13:58:49",9196300
21800,-100,100,"sd","13:58:49",9192300
21800,-100,100,"sd","13:58:49",9192200
21800,-100,200,"sd","13:58:49",9192100
21800,-100,200,"sd","13:58:49",9191900
21800,-100,100,"sd","13:58:49",9191700
21800,-100,400,"sd","13:58:49",9191600
21800,-100,200,"sd","13:58:49",9191200
21800,-100,400,"sd","13:58:49",9191000
21800,-100,1000,"sd","13:58:49",9190600
21800,-100,100,"sd","13:58:44",9189600
21850,-50,100,"bu","13:58:38",9189500
21850,-50,7700,"bu","13:58:38",9189400
21850,-50,100,"bu","13:58:38",9181700
21850,-50,2200,"bu","13:58:38",9181600
21850,-50,100,"bu","13:58:37",9179400
21800,-100,400,"sd","13:58:37",9179300
21800,-100,7400,"sd","13:58:37",9178900
21800,-100,300,"sd","13:58:37",9171500
21800,-100,5000,"sd","13:58:37",9171200
21800,-100,10000,"sd","13:58:37",9166200
21800,-100,500,"sd","13:58:37",9156200
21800,-100,500,"sd","13:58:37",9155700
21800,-100,2000,"sd","13:58:37",9155200
21800,-100,500,"sd","13:58:37",9153200
21800,-100,7000,"sd","13:58:37",9152700
21800,-100,1000,"sd","13:58:37",9145700
21800,-100,1000,"sd","13:58:37",9144700
21800,-100,300,"sd","13:58:37",9143700
21800,-100,200,"sd","13:58:37",9143400
21800,-100,2000,"sd","13:58:37",9143200
21800,-100,200,"sd","13:58:37",9141200
21800,-100,400,"sd","13:58:37",9141000
21800,-100,1000,"sd","13:58:37",9140600
21800,-100,100,"sd","13:58:37",9139600
21800,-100,8600,"sd","13:58:37",9139500
21800,-100,1000,"sd","13:58:37",9130900
21800,-100,100,"sd","13:58:37",9129900
21800,-100,900,"sd","13:58:33",9129800
21800,-100,500,"sd","13:58:33",9128900
21800,-100,15000,"sd","13:58:28",9128400
21850,-50,700,"bu","13:58:28",9113400
21850,-50,100,"bu","13:58:28",9112700
21850,-50,100,"bu","13:58:28",9112600
21850,-50,1000,"bu","13:58:28",9112500
21850,-50,5000,"bu","13:58:28",9111500
21850,-50,500,"bu","13:58:28",9106500
21850,-50,600,"bu","13:58:28",9106000
21800,-100,500,"sd","13:58:25",9105400
21800,-100,300,"bu","13:58:19",9104900
21800,-100,500,"bu","13:58:19",9104600
21800,-100,900,"bu","13:58:19",9104100
21800,-100,2000,"bu","13:58:19",9103200
21800,-100,200,"bu","13:58:19",9101200
21800,-100,500,"bu","13:58:19",9101000
21800,-100,100,"bu","13:58:19",9100500
21800,-100,500,"bu","13:58:19",9100400
21800,-100,100,"bu","13:58:19",9099900
21800,-100,1300,"bu","13:58:19",9099800
21800,-100,200,"bu","13:58:19",9098500
21800,-100,100,"bu","13:58:19",9098300
21800,-100,1500,"bu","13:58:19",9098200
21800,-100,400,"bu","13:58:19",9096700
21800,-100,600,"bu","13:58:19",9096300
21800,-100,300,"bu","13:58:19",9095700
21800,-100,200,"bu","13:58:18",9095400
21800,-100,200,"bu","13:58:17",9095200
21800,-100,300,"bu","13:58:17",9095000
21800,-100,100,"bu","13:58:16",9094700
21800,-100,3000,"bu","13:58:16",9094600
21800,-100,500,"bu","13:58:16",9091600
21800,-100,1000,"bu","13:58:15",9091100
21800,-100,2000,"bu","13:58:14",9090100
21800,-100,2500,"bu","13:58:14",9088100
21800,-100,5000,"bu","13:58:14",9085600
21800,-100,400,"bu","13:58:13",9080600
21800,-100,300,"bu","13:58:13",9080200
21800,-100,700,"bu","13:58:13",9079900
21800,-100,1000,"bu","13:58:13",9079200
21800,-100,100,"bu","13:58:13",9078200
21800,-100,100,"bu","13:58:12",9078100
21800,-100,800,"bu","13:58:11",9078000
21800,-100,1000,"bu","13:58:11",9077200
21800,-100,1200,"bu","13:58:11",9076200
21800,-100,5000,"bu","13:58:11",9075000
21800,-100,10000,"bu","13:58:10",9070000
21800,-100,100,"bu","13:58:09",9060000
21800,-100,2700,"bu","13:58:08",9059900
21800,-100,2000,"bu","13:58:08",9057200
21800,-100,300,"bu","13:58:08",9055200
21800,-100,100,"bu","13:58:07",9054900
21800,-100,1000,"bu","13:58:07",9054800
21800,-100,900,"bu","13:58:07",9053800
21800,-100,1000,"bu","13:58:07",9052900
21800,-100,1000,"bu","13:58:07",9051900
21800,-100,1000,"bu","13:58:07",9050900
21800,-100,200,"bu","13:58:05",9049900
21800,-100,300,"bu","13:58:05",9049700
21800,-100,200,"bu","13:58:05",9049400
21800,-100,2000,"bu","13:58:02",9049200
21750,-150,100,"sd","13:58:01",9047200
21800,-100,1000,"bu","13:58:00",9047100
21800,-100,1000,"bu","13:57:58",9046100
21800,-100,100,"bu","13:57:58",9045100
21800,-100,5000,"bu","13:57:55",9045000
21800,-100,2000,"bu","13:57:53",9040000
21800,-100,3800,"bu","13:57:52",9038000
21800,-100,3000,"bu","13:57:50",9034200
21800,-100,100,"bu","13:57:48",9031200
21750,-150,500,"sd","13:57:48",9031100
21800,-100,1000,"bu","13:57:41",9030600
21750,-150,1400,"sd","13:57:34",9029600
21750,-150,600,"sd","13:57:34",9028200
21750,-150,200,"sd","13:57:12",9027600
21750,-150,500,"sd","13:57:08",9027400
21750,-150,1000,"sd","13:57:08",9026900
21750,-150,2500,"sd","13:57:07",9025900
21750,-150,1000,"sd","13:57:04",9023400
21750,-150,1600,"sd","13:56:47",9022400
21750,-150,500,"sd","13:56:47",9020800
21750,-150,100,"sd","13:56:47",9020300
21750,-150,1500,"sd","13:56:47",9020200
21750,-150,5000,"sd","13:56:47",9018700
21750,-150,100,"sd","13:56:47",9013700
21750,-150,500,"sd","13:56:47",9013600
21750,-150,100,"sd","13:56:47",9013100
21750,-150,3600,"sd","13:56:47",9013000
21750,-150,1000,"sd","13:56:42",9009400
21750,-150,400,"sd","13:56:41",9008400
21750,-150,100,"sd","13:56:41",9008000
21750,-150,500,"sd","13:56:41",9007900
21750,-150,100,"sd","13:56:34",9007400
21750,-150,400,"sd","13:56:30",9007300
21750,-150,600,"sd","13:56:30",9006900
21750,-150,200,"sd","13:56:29",9006300
21750,-150,100,"bu","13:56:27",9006100
21750,-150,100,"bu","13:56:27",9006000
21700,-200,800,"sd","13:56:24",9005900
21700,-200,100,"sd","13:56:24",9005100
21700,-200,100,"sd","13:56:24",9005000
21700,-200,100,"sd","13:56:24",9004900
21700,-200,1000,"sd","13:56:24",9004800
21750,-150,11200,"sd","13:56:24",9003800
21700,-200,1000,"sd","13:56:24",8992600
21700,-200,100,"sd","13:56:24",8991600
21700,-200,10000,"sd","13:56:24",8991500
21700,-200,200,"sd","13:56:24",8981500
21700,-200,1000,"sd","13:56:24",8981300
21700,-200,300,"sd","13:56:24",8980300
21700,-200,5600,"sd","13:56:24",8980000
21750,-150,3000,"sd","13:56:24",8974400
21750,-150,1000,"sd","13:56:24",8971400
21750,-150,2000,"sd","13:56:24",8970400
21750,-150,500,"sd","13:56:17",8968400
21750,-150,1000,"sd","13:56:16",8967900
21750,-150,5000,"sd","13:56:15",8966900
21750,-150,500,"sd","13:56:14",8961900
21750,-150,2000,"sd","13:56:13",8961400
21750,-150,200,"sd","13:56:11",8959400
21750,-150,2000,"bu","13:56:11",8959200
21750,-150,5000,"bu","13:56:11",8957200
21750,-150,200,"bu","13:56:11",8952200
21750,-150,200,"bu","13:56:11",8952000
21750,-150,5000,"bu","13:56:11",8951800
21750,-150,500,"bu","13:56:11",8946800
21750,-150,100,"bu","13:56:11",8946300
21750,-150,400,"bu","13:56:11",8946200
21750,-150,1000,"bu","13:56:11",8945800
21750,-150,5000,"bu","13:56:11",8944800
21750,-150,500,"bu","13:56:11",8939800
21750,-150,3300,"bu","13:56:11",8939300
21750,-150,5000,"bu","13:56:11",8936000
21750,-150,1400,"bu","13:56:11",8931000
21700,-200,3000,"sd","13:56:07",8929600
21750,-150,100,"bu","13:56:03",8926600
21750,-150,500,"bu","13:56:00",8926500
21750,-150,200,"bu","13:56:00",8926000
21750,-150,300,"bu","13:56:00",8925800
21700,-200,200,"sd","13:55:55",8925500
21750,-150,1000,"bu","13:55:54",8925300
21750,-150,200,"bu","13:55:52",8924300
21750,-150,100,"bu","13:55:49",8924100
21750,-150,500,"bu","13:55:46",8924000
21750,-150,100,"bu","13:55:40",8923500
21700,-200,1200,"sd","13:55:39",8923400
21700,-200,500,"sd","13:55:39",8922200
21700,-200,400,"sd","13:55:39",8921700
21700,-200,600,"sd","13:55:29",8921300
21700,-200,300,"sd","13:55:29",8920700
21700,-200,100,"sd","13:55:29",8920400
21750,-150,500,"bu","13:55:25",8920300
21750,-150,300,"bu","13:55:23",8919800
21750,-150,500,"bu","13:55:23",8919500
21750,-150,1500,"bu","13:55:21",8919000
21750,-150,400,"bu","13:55:21",8917500
21750,-150,100,"bu","13:55:21",8917100
21750,-150,200,"sd","13:55:16",8917000
21750,-150,2700,"sd","13:55:16",8916800
21750,-150,500,"sd","13:55:16",8914100
21750,-150,1000,"sd","13:55:16",8913600
21750,-150,1000,"sd","13:55:14",8912600
21750,-150,200,"sd","13:55:13",8911600
21750,-150,4600,"sd","13:55:13",8911400
21750,-150,400,"sd","13:55:13",8906800
21750,-150,4600,"sd","13:55:11",8906400
21750,-150,500,"sd","13:55:11",8901800
21750,-150,100,"sd","13:55:11",8901300
21750,-150,1000,"sd","13:55:11",8901200
21750,-150,1000,"sd","13:55:11",8900200
21750,-150,200,"sd","13:55:11",8899200
21750,-150,100,"sd","13:55:11",8899000
21750,-150,100,"sd","13:55:11",8898900
21750,-150,100,"sd","13:55:11",8898800
21750,-150,300,"sd","13:55:11",8898700
21750,-150,100,"sd","13:55:11",8898400
21750,-150,600,"sd","13:55:08",8898300
21750,-150,1400,"sd","13:55:08",8897700
21750,-150,3000,"sd","13:55:07",8896300
21750,-150,500,"sd","13:55:07",8893300
21750,-150,500,"sd","13:55:07",8892800
21750,-150,100,"sd","13:55:07",8892300
21750,-150,3600,"sd","13:55:07",8892200
21750,-150,800,"sd","13:55:07",8888600
21750,-150,500,"sd","13:55:07",8887800
21750,-150,200,"sd","13:55:07",8887300
21750,-150,800,"sd","13:55:07",8887100
21750,-150,100,"sd","13:55:06",8886300
21750,-150,900,"sd","13:55:06",8886200
21750,-150,2000,"sd","13:55:06",8885300
21750,-150,100,"sd","13:55:04",8883300
21750,-150,2000,"sd","13:55:04",8883200
21750,-150,700,"sd","13:55:04",8881200
21750,-150,1000,"sd","13:55:04",8880500
21750,-150,100,"sd","13:55:04",8879500
21750,-150,6200,"sd","13:55:04",8879400
21750,-150,1000,"sd","13:55:03",8873200
21750,-150,2800,"sd","13:55:03",8872200
21750,-150,1200,"sd","13:55:03",8869400
21750,-150,1000,"sd","13:55:03",8868200
21750,-150,300,"sd","13:55:02",8867200
21750,-150,300,"sd","13:55:01",8866900
21750,-150,100,"sd","13:55:01",8866600
21750,-150,1300,"sd","13:55:00",8866500
21750,-150,200,"sd","13:55:00",8865200
21750,-150,100,"sd","13:55:00",8865000
21750,-150,900,"sd","13:55:00",8864900
21750,-150,100,"sd","13:54:59",8864000
21750,-150,500,"sd","13:54:59",8863900
21750,-150,1000,"sd","13:54:59",8863400
21750,-150,1000,"sd","13:54:59",8862400
21750,-150,500,"sd","13:54:59",8861400
21750,-150,100,"sd","13:54:59",8860900
21750,-150,3300,"sd","13:54:59",8860800
21750,-150,3500,"sd","13:54:59",8857500
21750,-150,200,"sd","13:54:57",8854000
21750,-150,1300,"sd","13:54:55",8853800
21750,-150,500,"sd","13:54:55",8852500
21750,-150,300,"sd","13:54:55",8852000
21750,-150,100,"sd","13:54:55",8851700
21750,-150,5000,"sd","13:54:55",8851600
21750,-150,500,"sd","13:54:55",8846600
21750,-150,100,"sd","13:54:55",8846100
21750,-150,6000,"sd","13:54:55",8846000
21750,-150,1000,"sd","13:54:55",8840000
21750,-150,1200,"sd","13:54:55",8839000
21750,-150,3800,"sd","13:54:55",8837800
21750,-150,200,"sd","13:54:55",8834000
21750,-150,2000,"sd","13:54:55",8833800
21750,-150,20000,"sd","13:54:51",8831800
21750,-150,3000,"sd","13:54:49",8811800
21750,-150,500,"sd","13:54:48",8808800
21750,-150,4300,"sd","13:54:48",8808300
21750,-150,100,"sd","13:54:45",8804000
21750,-150,7000,"sd","13:54:42",8803900
21750,-150,300,"sd","13:54:40",8796900
21750,-150,1000,"sd","13:54:36",8796600
21750,-150,200,"sd","13:54:35",8795600
21750,-150,1000,"sd","13:54:29",8795400
21750,-150,1000,"sd","13:54:29",8794400
21750,-150,100,"sd","13:54:25",8793400
21750,-150,1000,"sd","13:54:24",8793300
21750,-150,500,"sd","13:54:20",8792300
21750,-150,5000,"sd","13:54:18",8791800
21750,-150,3000,"sd","13:54:15",8786800
21750,-150,2000,"sd","13:54:15",8783800
21750,-150,1500,"sd","13:54:15",8781800
21750,-150,100,"sd","13:54:13",8780300
21750,-150,3000,"sd","13:54:09",8780200
21750,-150,100,"sd","13:54:06",8777200
21750,-150,5000,"sd","13:54:03",8777100
21750,-150,800,"sd","13:54:01",8772100
21750,-150,4000,"sd","13:53:56",8771300
21750,-150,2200,"sd","13:53:54",8767300
21750,-150,400,"sd","13:53:52",8765100
21750,-150,6000,"sd","13:53:51",8764700
21750,-150,400,"sd","13:53:50",8758700
21750,-150,5000,"sd","13:53:50",8758300
21750,-150,500,"sd","13:53:48",8753300
21750,-150,6000,"sd","13:53:48",8752800
21750,-150,5000,"sd","13:53:45",8746800
21750,-150,1000,"sd","13:53:40",8741800
21750,-150,200,"sd","13:53:37",8740800
21750,-150,300,"sd","13:53:37",8740600
21800,-100,3000,"bu","13:53:37",8740300
21750,-150,7000,"sd","13:53:35",8737300
21750,-150,200,"sd","13:53:28",8730300
21750,-150,1300,"sd","13:53:25",8730100
21750,-150,1000,"sd","13:53:25",8728800
21750,-150,100,"sd","13:53:25",8727800
21750,-150,100,"sd","13:53:25",8727700
21800,-100,500,"bu","13:52:57",8727600
21800,-100,100,"bu","13:52:51",8727100
21800,-100,1000,"bu","13:52:49",8727000
21800,-100,1000,"bu","13:52:49",8726000
21800,-100,5000,"bu","13:52:49",8725000
21800,-100,5000,"bu","13:52:49",8720000
21800,-100,1000,"bu","13:52:49",8715000
21800,-100,1000,"bu","13:52:49",8714000
21800,-100,5000,"bu","13:52:49",8713000
21800,-100,1000,"bu","13:52:49",8708000
21800,-100,3000,"sd","13:52:49",8707000
21800,-100,300,"sd","13:52:49",8704000
21800,-100,500,"sd","13:52:49",8703700
21800,-100,300,"sd","13:52:49",8703200
21800,-100,500,"sd","13:52:49",8702900
21800,-100,1400,"sd","13:52:49",8702400
21800,-100,1000,"sd","13:52:49",8701000
21800,-100,500,"sd","13:52:49",8700000
21800,-100,500,"sd","13:52:49",8699500
21800,-100,100,"sd","13:52:49",8699000
21800,-100,200,"sd","13:52:49",8698900
21800,-100,800,"sd","13:52:49",8698700
21800,-100,300,"sd","13:52:49",8697900
21800,-100,1000,"sd","13:52:47",8697600
21800,-100,3600,"sd","13:52:47",8696600
21800,-100,100,"sd","13:52:47",8693000
21800,-100,1000,"sd","13:52:47",8692900
21800,-100,300,"sd","13:52:47",8691900
21800,-100,700,"sd","13:52:45",8691600
21800,-100,200,"sd","13:52:45",8690900
21800,-100,3000,"sd","13:52:45",8690700
21800,-100,10000,"sd","13:52:45",8687700
21800,-100,5000,"sd","13:52:45",8677700
21800,-100,1100,"sd","13:52:45",8672700
21800,-100,1500,"sd","13:52:44",8671600
21800,-100,500,"sd","13:52:40",8670100
21800,-100,700,"sd","13:52:40",8669600
21800,-100,10000,"sd","13:52:40",8668900
21800,-100,10000,"sd","13:52:40",8658900
21800,-100,100,"sd","13:52:40",8648900
21800,-100,800,"sd","13:52:40",8648800
21800,-100,1900,"sd","13:52:40",8648000
21800,-100,3000,"sd","13:52:40",8646100
21800,-100,1000,"sd","13:52:40",8643100
21800,-100,1000,"sd","13:52:40",8642100
21800,-100,200,"sd","13:52:40",8641100
21800,-100,1100,"sd","13:52:40",8640900
21800,-100,2000,"sd","13:52:40",8639800
21800,-100,300,"sd","13:52:40",8637800
21800,-100,500,"sd","13:52:40",8637500
21800,-100,200,"sd","13:52:40",8637000
21800,-100,500,"sd","13:52:40",8636800
21800,-100,200,"sd","13:52:40",8636300
21800,-100,900,"sd","13:52:40",8636100
21800,-100,3000,"sd","13:52:40",8635200
21800,-100,1500,"sd","13:52:40",8632200
21800,-100,1000,"sd","13:52:40",8630700
21800,-100,100,"sd","13:52:40",8629700
21800,-100,400,"sd","13:52:40",8629600
21800,-100,2000,"sd","13:52:40",8629200
21800,-100,5000,"sd","13:52:40",8627200
21800,-100,500,"sd","13:52:40",8622200
21800,-100,1100,"sd","13:52:40",8621700
21800,-100,100,"sd","13:52:40",8620600
21800,-100,5000,"sd","13:52:40",8620500
21800,-100,2000,"sd","13:52:40",8615500
21800,-100,2300,"sd","13:52:40",8613500
21800,-100,100,"sd","13:52:40",8611200
21800,-100,20600,"sd","13:52:40",8611100
21800,-100,400,"sd","13:52:40",8590500
21800,-100,500,"sd","13:52:40",8590100
21800,-100,500,"sd","13:52:40",8589600
21800,-100,200,"sd","13:52:40",8589100
21800,-100,9300,"sd","13:52:40",8588900
21800,-100,10000,"sd","13:52:40",8579600
21800,-100,500,"sd","13:52:37",8569600
21800,-100,6000,"sd","13:52:34",8569100
21800,-100,1000,"sd","13:52:34",8563100
21800,-100,4300,"sd","13:52:32",8562100
21800,-100,200,"sd","13:52:32",8557800
21800,-100,1000,"sd","13:52:32",8557600
21800,-100,300,"sd","13:52:32",8556600
21800,-100,500,"sd","13:52:32",8556300
21800,-100,100,"sd","13:52:32",8555800
21800,-100,5000,"sd","13:52:32",8555700
21800,-100,300,"sd","13:52:32",8550700
21800,-100,500,"sd","13:52:32",8550400
21800,-100,500,"sd","13:52:32",8549900
21800,-100,500,"sd","13:52:32",8549400
21800,-100,200,"sd","13:52:32",8548900
21800,-100,5000,"sd","13:52:32",8548700
21800,-100,2000,"sd","13:52:32",8543700
21800,-100,1000,"sd","13:52:32",8541700
21800,-100,400,"sd","13:52:32",8540700
21800,-100,100,"sd","13:52:32",8540300
21800,-100,900,"sd","13:52:32",8540200
21800,-100,100,"sd","13:52:32",8539300
21800,-100,7100,"sd","13:52:32",8539200
21800,-100,5000,"sd","13:52:27",8532100
21800,-100,400,"sd","13:52:27",8527100
21800,-100,15000,"sd","13:52:19",8526700
21850,-50,600,"bu","13:52:12",8511700
21800,-100,10000,"sd","13:52:11",8511100
21800,-100,500,"sd","13:52:07",8501100
21850,-50,100,"bu","13:52:04",8500600
21850,-50,100,"bu","13:51:52",8500500
21850,-50,500,"bu","13:51:48",8500400
21850,-50,500,"bu","13:51:39",8499900
21850,-50,2000,"bu","13:51:36",8499400
21850,-50,5000,"bu","13:51:34",8497400
21850,-50,100,"bu","13:51:27",8492400
21850,-50,5000,"bu","13:51:26",8492300
21850,-50,100,"bu","13:51:22",8487300
21850,-50,400,"bu","13:51:15",8487200
21850,-50,100,"bu","13:51:15",8486800
21850,-50,900,"sd","13:51:06",8486700
21850,-50,100,"sd","13:51:05",8485800
21850,-50,1900,"sd","13:51:05",8485700
21850,-50,100,"bu","13:50:53",8483800
21850,-50,1000,"sd","13:50:48",8483700
21850,-50,100,"sd","13:50:48",8482700
21850,-50,1000,"sd","13:50:48",8482600
21850,-50,1000,"sd","13:50:48",8481600
21850,-50,500,"sd","13:50:48",8480600
21850,-50,500,"sd","13:50:48",8480100
21850,-50,900,"sd","13:50:48",8479600
21850,-50,600,"sd","13:50:44",8478700
21850,-50,600,"sd","13:50:32",8478100
21850,-50,4400,"sd","13:50:32",8477500
21850,-50,5600,"bu","13:50:31",8473100
21850,-50,4000,"bu","13:50:28",8467500
21850,-50,400,"bu","13:50:21",8463500
21850,-50,900,"bu","13:50:21",8463100
21850,-50,1000,"bu","13:50:21",8462200
21850,-50,500,"bu","13:50:21",8461200
21850,-50,15000,"bu","13:50:21",8460700
21850,-50,900,"bu","13:50:21",8445700
21850,-50,3000,"bu","13:50:21",8444800
21850,-50,10000,"bu","13:50:21",8441800
21850,-50,2000,"bu","13:50:21",8431800
21850,-50,16300,"bu","13:50:21",8429800
21800,-100,300,"sd","13:50:02",8413500
21800,-100,200,"sd","13:49:57",8413200
21850,-50,2000,"bu","13:49:53",8413000
21850,-50,1000,"bu","13:49:50",8411000
21800,-100,3000,"sd","13:49:45",8410000
21800,-100,100,"sd","13:49:45",8407000
21800,-100,2000,"sd","13:49:27",8406900
21800,-100,100,"sd","13:49:26",8404900
21800,-100,5000,"sd","13:49:12",8404800
21800,-100,400,"sd","13:49:03",8399800
21800,-100,500,"sd","13:48:59",8399400
21800,-100,100,"sd","13:48:49",8398900
21850,-50,1000,"bu","13:48:42",8398800
21850,-50,200,"bu","13:48:40",8397800
21850,-50,500,"bu","13:48:38",8397600
21850,-50,100,"bu","13:48:35",8397100
21850,-50,1400,"bu","13:48:35",8397000
21850,-50,1000,"bu","13:48:33",8395600
21850,-50,500,"bu","13:48:29",8394600
21850,-50,300,"bu","13:48:29",8394100
21850,-50,500,"bu","13:48:28",8393800
21850,-50,100,"bu","13:48:26",8393300
21850,-50,25100,"bu","13:48:22",8393200
21850,-50,400,"bu","13:48:22",8368100
21850,-50,500,"bu","13:48:22",8367700
21850,-50,200,"bu","13:48:22",8367200
21850,-50,800,"bu","13:48:22",8367000
21850,-50,2000,"bu","13:48:22",8366200
21850,-50,300,"bu","13:48:22",8364200
21850,-50,1000,"bu","13:48:22",8363900
21850,-50,2000,"bu","13:48:22",8362900
21850,-50,1500,"bu","13:48:22",8360900
21850,-50,1000,"bu","13:48:22",8359400
21850,-50,1000,"bu","13:48:22",8358400
21850,-50,500,"bu","13:48:22",8357400
21850,-50,100,"bu","13:48:22",8356900
21850,-50,1000,"bu","13:48:22",8356800
21850,-50,7600,"bu","13:48:22",8355800
21850,-50,400,"bu","13:48:21",8348200
21850,-50,1000,"bu","13:48:21",8347800
21850,-50,1000,"bu","13:48:18",8346800
21850,-50,1000,"bu","13:48:18",8345800
21850,-50,3000,"bu","13:48:18",8344800
21850,-50,5000,"bu","13:48:14",8341800
21850,-50,2000,"bu","13:48:13",8336800
21850,-50,300,"bu","13:48:12",8334800
21850,-50,900,"bu","13:48:12",8334500
21850,-50,100,"bu","13:48:12",8333600
21850,-50,3700,"bu","13:48:12",8333500
21850,-50,2000,"bu","13:48:11",8329800
21850,-50,6300,"bu","13:48:10",8327800
21850,-50,500,"bu","13:48:10",8321500
21850,-50,1700,"bu","13:48:10",8321000
21850,-50,1500,"bu","13:48:10",8319300
21850,-50,3000,"bu","13:48:06",8317800
21850,-50,2000,"bu","13:48:01",8314800
21850,-50,4000,"bu","13:47:57",8312800
21850,-50,100,"bu","13:47:55",8308800
21800,-100,500,"sd","13:47:55",8308700
21800,-100,20000,"sd","13:47:51",8308200
21800,-100,200,"sd","13:47:50",8288200
21800,-100,500,"sd","13:47:48",8288000
21800,-100,100,"sd","13:47:32",8287500
21800,-100,5400,"sd","13:47:25",8287400
21850,-50,500,"bu","13:47:20",8282000
21800,-100,1000,"sd","13:47:14",8281500
21850,-50,800,"bu","13:47:07",8280500
21850,-50,1000,"bu","13:46:52",8279700
21800,-100,5000,"sd","13:46:46",8278700
21800,-100,100,"sd","13:46:37",8273700
21800,-100,3000,"sd","13:46:28",8273600
21800,-100,1000,"sd","13:46:26",8270600
21800,-100,500,"sd","13:45:56",8269600
21800,-100,300,"sd","13:45:48",8269100
21800,-100,1000,"sd","13:45:44",8268800
21850,-50,1300,"bu","13:45:43",8267800
21850,-50,300,"bu","13:45:26",8266500
21850,-50,500,"bu","13:45:24",8266200
21800,-100,11700,"sd","13:45:23",8265700
21800,-100,500,"sd","13:45:23",8254000
21800,-100,100,"sd","13:45:23",8253500
21800,-100,5000,"sd","13:45:23",8253400
21800,-100,8900,"sd","13:45:23",8248400
21850,-50,3800,"bu","13:45:10",8239500
21850,-50,1200,"bu","13:45:10",8235700
21800,-100,100,"sd","13:45:09",8234500
21800,-100,300,"sd","13:45:08",8234400
21850,-50,2500,"bu","13:45:01",8234100
21850,-50,300,"bu","13:44:49",8231600
21850,-50,5000,"bu","13:44:28",8231300
21800,-100,700,"sd","13:44:26",8226300
21800,-100,300,"sd","13:44:26",8225600
21850,-50,500,"sd","13:44:26",8225300
21850,-50,1000,"sd","13:44:26",8224800
21850,-50,1000,"sd","13:44:26",8223800
21850,-50,500,"sd","13:44:26",8222800
21850,-50,200,"sd","13:44:26",8222300
21850,-50,5000,"sd","13:44:26",8222100
21850,-50,2800,"sd","13:44:26",8217100
21850,-50,2200,"sd","13:44:21",8214300
21850,-50,1800,"sd","13:44:21",8212100
21850,-50,200,"sd","13:44:21",8210300
21850,-50,300,"sd","13:44:21",8210100
21850,-50,1500,"sd","13:44:20",8209800
21850,-50,200,"sd","13:44:20",8208300
21850,-50,500,"sd","13:44:20",8208100
21850,-50,500,"sd","13:44:20",8207600
21850,-50,200,"sd","13:44:20",8207100
21850,-50,100,"sd","13:44:20",8206900
21850,-50,500,"sd","13:44:20",8206800
21850,-50,1000,"sd","13:44:20",8206300
21850,-50,1000,"sd","13:44:20",8205300
21850,-50,100,"sd","13:44:20",8204300
21850,-50,2000,"sd","13:44:20",8204200
21850,-50,200,"sd","13:44:20",8202200
21850,-50,300,"sd","13:44:20",8202000
21850,-50,1000,"sd","13:44:20",8201700
21850,-50,2000,"sd","13:44:20",8200700
21850,-50,200,"sd","13:44:20",8198700
21850,-50,200,"sd","13:44:20",8198500
21850,-50,300,"sd","13:44:18",8198300
21850,-50,500,"sd","13:44:18",8198000
21850,-50,100,"sd","13:44:18",8197500
21850,-50,100,"sd","13:44:18",8197400
21850,-50,500,"sd","13:44:18",8197300
21850,-50,1000,"sd","13:44:15",8196800
21850,-50,14000,"sd","13:44:15",8195800
21850,-50,1000,"sd","13:44:14",8181800
21850,-50,800,"sd","13:44:13",8180800
21850,-50,500,"sd","13:44:12",8180000
21850,-50,3000,"sd","13:44:03",8179500
21850,-50,1500,"sd","13:44:03",8176500
21850,-50,4500,"sd","13:43:59",8175000
21850,-50,4000,"sd","13:43:56",8170500
21900,0,1500,"bu","13:43:55",8166500
21850,-50,5000,"sd","13:43:53",8165000
21850,-50,400,"sd","13:43:50",8160000
21850,-50,15300,"sd","13:43:46",8159600
21850,-50,200,"sd","13:43:46",8144300
21850,-50,1000,"sd","13:43:46",8144100
21850,-50,3500,"sd","13:43:46",8143100
21850,-50,6000,"sd","13:43:45",8139600
21850,-50,500,"sd","13:43:42",8133600
21850,-50,400,"sd","13:43:42",8133100
21850,-50,100,"sd","13:43:42",8132700
21850,-50,100,"sd","13:43:29",8132600
21850,-50,200,"sd","13:43:29",8132500
21900,0,400,"bu","13:43:26",8132300
21900,0,100,"bu","13:43:26",8131900
21900,0,100,"bu","13:43:10",8131800
21900,0,2000,"bu","13:43:02",8131700
21850,-50,400,"sd","13:43:02",8129700
21850,-50,500,"sd","13:42:52",8129300
21900,0,100,"bu","13:42:40",8128800
21900,0,2700,"sd","13:42:18",8128700
21900,0,10000,"sd","13:42:17",8126000
21900,0,1600,"sd","13:42:15",8116000
21900,0,5700,"sd","13:42:14",8114400
21900,0,2000,"sd","13:42:14",8108700
21900,0,300,"sd","13:42:14",8106700
21900,0,500,"sd","13:42:14",8106400
21900,0,700,"sd","13:42:14",8105900
21900,0,3000,"sd","13:42:14",8105200
21900,0,100,"sd","13:42:14",8102200
21900,0,1000,"sd","13:42:14",8102100
21900,0,700,"sd","13:42:14",8101100
21900,0,3000,"sd","13:42:14",8100400
21900,0,400,"sd","13:42:14",8097400
21900,0,3000,"sd","13:42:14",8097000
21900,0,300,"sd","13:42:14",8094000
21900,0,100,"sd","13:42:14",8093700
21900,0,9200,"sd","13:42:14",8093600
21900,0,100,"sd","13:42:13",8084400
21900,0,500,"sd","13:42:13",8084300
21900,0,200,"sd","13:42:13",8083800
21900,0,100,"sd","13:42:13",8083600
21900,0,500,"sd","13:42:13",8083500
21900,0,100,"sd","13:42:13",8083000
21900,0,100,"sd","13:42:13",8082900
21900,0,700,"sd","13:42:11",8082800
21900,0,1000,"sd","13:42:11",8082100
21900,0,5000,"sd","13:42:11",8081100
21900,0,300,"sd","13:42:11",8076100
21900,0,100,"sd","13:42:05",8075800
21900,0,100,"sd","13:42:02",8075700
21900,0,5000,"sd","13:42:02",8075600
21900,0,1000,"sd","13:42:02",8070600
21900,0,100,"sd","13:42:02",8069600
21900,0,200,"sd","13:42:02",8069500
21900,0,8600,"sd","13:42:02",8069300
21900,0,1000,"sd","13:42:01",8060700
21900,0,500,"sd","13:42:01",8059700
21900,0,2400,"sd","13:42:00",8059200
21900,0,100,"sd","13:42:00",8056800
21900,0,700,"sd","13:41:59",8056700
21900,0,1000,"sd","13:41:59",8056000
21900,0,2200,"sd","13:41:59",8055000
21900,0,600,"sd","13:41:59",8052800
21900,0,500,"sd","13:41:59",8052200
21900,0,17800,"sd","13:41:56",8051700
21900,0,200,"sd","13:41:56",8033900
21900,0,12000,"sd","13:41:56",8033700
21900,0,15000,"sd","13:41:56",8021700
21900,0,100,"sd","13:41:55",8006700
21900,0,200,"sd","13:41:49",8006600
21900,0,10000,"sd","13:41:46",8006400
21900,0,1000,"sd","13:41:45",7996400
21900,0,1000,"sd","13:41:41",7995400
21900,0,3500,"sd","13:41:39",7994400
21900,0,100,"sd","13:41:28",7990900
21900,0,1000,"sd","13:41:26",7990800
21900,0,400,"sd","13:41:13",7989800
21900,0,500,"sd","13:41:02",7989400
21900,0,2000,"sd","13:40:38",7988900
21900,0,400,"sd","13:40:37",7986900
21900,0,300,"sd","13:40:34",7986500
21900,0,2000,"sd","13:40:30",7986200
21900,0,500,"sd","13:40:19",7984200
21900,0,500,"sd","13:40:19",7983700
21900,0,300,"sd","13:40:19",7983200
21900,0,700,"sd","13:39:47",7982900
21950,50,1100,"bu","13:39:45",7982200
21950,50,100,"bu","13:39:45",7981100
21950,50,100,"bu","13:39:45",7981000
21950,50,700,"bu","13:39:45",7980900
21900,0,1200,"sd","13:39:09",7980200
21950,50,500,"bu","13:39:01",7979000
21950,50,200,"bu","13:38:43",7978500
21900,0,2000,"sd","13:38:43",7978300
21900,0,600,"sd","13:38:43",7976300
21900,0,200,"bu","13:38:29",7975700
21900,0,500,"bu","13:38:29",7975500
21900,0,300,"bu","13:38:28",7975000
21900,0,700,"bu","13:38:28",7974700
21900,0,100,"bu","13:38:19",7974000
21900,0,100,"bu","13:38:19",7973900
21900,0,1000,"bu","13:38:19",7973800
21900,0,200,"bu","13:38:16",7972800
21900,0,100,"bu","13:38:13",7972600
21900,0,100,"bu","13:38:12",7972500
21900,0,400,"bu","13:38:10",7972400
21900,0,5000,"bu","13:38:10",7972000
21900,0,300,"bu","13:38:10",7967000
21900,0,1100,"bu","13:38:10",7966700
21900,0,2200,"bu","13:38:07",7965600
21900,0,100,"bu","13:38:07",7963400
21900,0,100,"bu","13:38:07",7963300
21900,0,500,"bu","13:38:07",7963200
21900,0,2000,"bu","13:38:07",7962700
21900,0,100,"bu","13:38:07",7960700
21900,0,1500,"bu","13:37:59",7960600
21900,0,500,"bu","13:37:59",7959100
21900,0,500,"bu","13:37:59",7958600
21900,0,500,"bu","13:37:59",7958100
21900,0,500,"bu","13:37:52",7957600
21900,0,500,"bu","13:37:47",7957100
21900,0,300,"bu","13:37:45",7956600
21900,0,100,"bu","13:37:40",7956300
21900,0,5000,"bu","13:37:36",7956200
21900,0,1000,"bu","13:37:36",7951200
21900,0,200,"bu","13:37:34",7950200
21900,0,5000,"bu","13:37:34",7950000
21900,0,100,"bu","13:37:30",7945000
21900,0,200,"bu","13:37:29",7944900
21900,0,1500,"bu","13:37:22",7944700
21900,0,100,"bu","13:37:16",7943200
21900,0,900,"bu","13:37:16",7943100
21900,0,300,"bu","13:37:16",7942200
21900,0,100,"bu","13:37:06",7941900
21900,0,5000,"bu","13:37:06",7941800
21900,0,3700,"sd","13:36:58",7936800
21900,0,100,"sd","13:36:54",7933100
21900,0,500,"bu","13:36:53",7933000
21900,0,700,"bu","13:36:53",7932500
21900,0,300,"sd","13:36:51",7931800
21900,0,2000,"sd","13:36:51",7931500
21900,0,500,"sd","13:36:51",7929500
21900,0,200,"sd","13:36:51",7929000
21900,0,500,"sd","13:36:51",7928800
21900,0,500,"sd","13:36:51",7928300
21900,0,300,"sd","13:36:51",7927800
21900,0,500,"sd","13:36:45",7927500
21900,0,5000,"sd","13:36:45",7927000
21900,0,3000,"sd","13:36:45",7922000
21900,0,200,"sd","13:36:45",7919000
21900,0,500,"sd","13:36:45",7918800
21900,0,2000,"sd","13:36:45",7918300
21900,0,400,"sd","13:36:45",7916300
21900,0,500,"sd","13:36:45",7915900
21900,0,1000,"sd","13:36:45",7915400
21900,0,100,"sd","13:36:45",7914400
21900,0,5000,"sd","13:36:45",7914300
21900,0,1300,"sd","13:36:45",7909300
21900,0,1300,"sd","13:36:45",7908000
21900,0,200,"sd","13:36:45",7906700
21900,0,2800,"sd","13:36:45",7906500
21900,0,600,"sd","13:36:45",7903700
21900,0,300,"sd","13:36:45",7903100
21900,0,1000,"sd","13:36:45",7902800
21900,0,200,"sd","13:36:45",7901800
21900,0,5000,"sd","13:36:45",7901600
21900,0,500,"sd","13:36:45",7896600
21900,0,1000,"sd","13:36:45",7896100
21900,0,3000,"sd","13:36:45",7895100
21900,0,4600,"sd","13:36:45",7892100
21900,0,400,"sd","13:36:37",7887500
21900,0,1200,"sd","13:36:26",7887100
21950,50,10000,"bu","13:36:17",7885900
21950,50,400,"bu","13:36:14",7875900
21950,50,500,"bu","13:36:07",7875500
21950,50,2700,"bu","13:36:03",7875000
21950,50,2000,"bu","13:36:03",7872300
21950,50,300,"bu","13:36:03",7870300
21950,50,200,"bu","13:36:00",7870000
21950,50,500,"bu","13:36:00",7869800
21950,50,3900,"bu","13:36:00",7869300
21950,50,1100,"sd","13:35:59",7865400
21950,50,15000,"sd","13:35:57",7864300
21950,50,1000,"sd","13:35:54",7849300
21950,50,500,"bu","13:35:53",7848300
21950,50,200,"bu","13:35:53",7847800
21950,50,300,"bu","13:35:53",7847600
21950,50,900,"bu","13:35:53",7847300
21950,50,1000,"bu","13:35:53",7846400
21950,50,700,"bu","13:35:52",7845400
21950,50,200,"bu","13:35:52",7844700
21950,50,100,"bu","13:35:52",7844500
21950,50,19300,"bu","13:35:50",7844400
21950,50,500,"bu","13:35:50",7825100
21950,50,200,"bu","13:35:50",7824600
21950,50,1000,"bu","13:35:49",7824400
21950,50,3000,"bu","13:35:49",7823400
21950,50,800,"bu","13:35:41",7820400
21950,50,100,"bu","13:35:41",7819600
21950,50,100,"bu","13:35:41",7819500
21950,50,1000,"bu","13:35:39",7819400
21950,50,500,"bu","13:35:36",7818400
21950,50,4000,"bu","13:35:33",7817900
21950,50,400,"bu","13:35:20",7813900
21950,50,1000,"bu","13:35:20",7813500
21950,50,2000,"sd","13:35:19",7812500
21950,50,2000,"sd","13:35:19",7810500
21950,50,500,"sd","13:35:19",7808500
21950,50,1000,"sd","13:35:19",7808000
21950,50,2500,"sd","13:35:19",7807000
22000,100,7000,"bu","13:35:10",7804500
22000,100,500,"bu","13:35:10",7797500
22000,100,2500,"bu","13:35:10",7797000
21950,50,500,"sd","13:35:10",7794500
21950,50,300,"sd","13:35:10",7794000
21950,50,2000,"sd","13:35:09",7793700
21950,50,3000,"sd","13:35:09",7791700
21950,50,300,"sd","13:35:09",7788700
21950,50,4700,"sd","13:35:09",7788400
21950,50,1000,"sd","13:35:09",7783700
21950,50,500,"sd","13:35:06",7782700
22000,100,2500,"bu","13:35:06",7782200
22000,100,200,"bu","13:35:06",7779700
22000,100,10000,"bu","13:35:06",7779500
22000,100,800,"bu","13:35:06",7769500
22000,100,2000,"bu","13:35:06",7768700
22000,100,14500,"bu","13:35:06",7766700
21950,50,1000,"sd","13:35:04",7752200
21950,50,5000,"sd","13:35:04",7751200
21950,50,1000,"sd","13:35:02",7746200
21950,50,4800,"sd","13:35:01",7745200
21950,50,200,"sd","13:35:01",7740400
21950,50,300,"sd","13:34:59",7740200
21950,50,3000,"sd","13:34:57",7739900
21950,50,300,"sd","13:34:55",7736900
21950,50,16200,"sd","13:34:55",7736600
21950,50,2000,"sd","13:34:55",7720400
21950,50,1800,"sd","13:34:55",7718400
21950,50,200,"sd","13:34:53",7716600
21950,50,200,"sd","13:34:53",7716400
21950,50,100,"sd","13:34:52",7716200
21950,50,200,"sd","13:34:52",7716100
21950,50,500,"sd","13:34:52",7715900
21950,50,200,"sd","13:34:52",7715400
21950,50,100,"sd","13:34:52",7715200
21950,50,100,"sd","13:34:50",7715100
21950,50,7000,"sd","13:34:49",7715000
21950,50,500,"sd","13:34:46",7708000
21950,50,500,"sd","13:34:45",7707500
21950,50,1000,"sd","13:34:45",7707000
21950,50,800,"sd","13:34:26",7706000
21950,50,700,"sd","13:34:26",7705200
22000,100,2800,"bu","13:34:22",7704500
22000,100,2000,"bu","13:34:22",7701700
22000,100,200,"bu","13:34:22",7699700
22000,100,5000,"bu","13:34:22",7699500
21950,50,19300,"sd","13:34:18",7694500
21950,50,300,"sd","13:34:18",7675200
21950,50,100,"sd","13:34:18",7674900
21950,50,2200,"sd","13:34:18",7674800
21950,50,100,"sd","13:34:18",7672600
21950,50,3000,"sd","13:34:18",7672500
21950,50,2000,"sd","13:34:18",7669500
22000,100,5000,"sd","13:34:18",7667500
22000,100,2000,"sd","13:34:18",7662500
22000,100,1000,"sd","13:34:18",7660500
22000,100,1000,"sd","13:34:17",7659500
22000,100,500,"sd","13:34:15",7658500
22000,100,100,"sd","13:34:15",7658000
22000,100,200,"sd","13:34:15",7657900
22000,100,200,"sd","13:34:14",7657700
22000,100,2100,"sd","13:34:12",7657500
22000,100,100,"sd","13:34:11",7655400
22000,100,100,"sd","13:34:11",7655300
22000,100,500,"sd","13:34:09",7655200
22050,150,1500,"bu","13:34:09",7654700
22000,100,500,"bu","13:34:03",7653200
22000,100,400,"bu","13:34:03",7652700
22000,100,100,"bu","13:34:03",7652300
22000,100,200,"bu","13:34:03",7652200
22000,100,600,"bu","13:34:03",7652000
22000,100,200,"bu","13:34:02",7651400
22000,100,200,"bu","13:34:01",7651200
22000,100,100,"bu","13:34:01",7651000
22000,100,500,"bu","13:34:01",7650900
22000,100,1000,"bu","13:34:01",7650400
22000,100,200,"bu","13:34:01",7649400
22000,100,400,"bu","13:34:01",7649200
22000,100,100,"bu","13:34:01",7648800
22000,100,1600,"bu","13:33:58",7648700
22000,100,1300,"bu","13:33:58",7647100
22000,100,600,"bu","13:33:58",7645800
22000,100,3100,"bu","13:33:58",7645200
22000,100,1600,"bu","13:33:55",7642100
22000,100,300,"bu","13:33:54",7640500
22000,100,1000,"bu","13:33:54",7640200
22000,100,500,"bu","13:33:54",7639200
22000,100,5000,"bu","13:33:54",7638700
22000,100,3200,"bu","13:33:54",7633700
22000,100,1000,"bu","13:33:53",7630500
22000,100,800,"bu","13:33:52",7629500
22000,100,1200,"bu","13:33:52",7628700
22000,100,500,"bu","13:33:52",7627500
22000,100,300,"bu","13:33:51",7627000
22000,100,1700,"bu","13:33:51",7626700
22000,100,500,"bu","13:33:51",7625000
22000,100,200,"bu","13:33:50",7624500
22000,100,500,"bu","13:33:46",7624300
22000,100,4000,"bu","13:33:41",7623800
22000,100,500,"bu","13:33:41",7619800
22000,100,1000,"bu","13:33:41",7619300
22000,100,100,"bu","13:33:41",7618300
22000,100,200,"bu","13:33:41",7618200
22000,100,300,"sd","13:33:41",7618000
22000,100,1000,"sd","13:33:41",7617700
22000,100,7000,"sd","13:33:40",7616700
22000,100,200,"sd","13:33:40",7609700
22000,100,500,"sd","13:33:40",7609500
22000,100,1300,"sd","13:33:38",7609000
22000,100,1000,"sd","13:33:38",7607700
22000,100,1000,"sd","13:33:38",7606700
22000,100,1700,"sd","13:33:38",7605700
22000,100,300,"sd","13:33:37",7604000
22000,100,4200,"sd","13:33:37",7603700
22000,100,5000,"sd","13:33:36",7599500
22000,100,100,"sd","13:33:36",7594500
22000,100,700,"sd","13:33:35",7594400
22000,100,100,"sd","13:33:35",7593700
22000,100,900,"sd","13:33:35",7593600
22000,100,100,"sd","13:33:34",7592700
22000,100,200,"sd","13:33:32",7592600
22000,100,4700,"sd","13:33:31",7592400
22000,100,600,"sd","13:33:31",7587700
22000,100,10000,"sd","13:33:31",7587100
22000,100,8000,"sd","13:33:31",7577100
22000,100,700,"sd","13:33:31",7569100
22000,100,200,"sd","13:33:31",7568400
22000,100,100,"sd","13:33:29",7568200
22000,100,100,"sd","13:33:29",7568100
22000,100,100,"sd","13:33:28",7568000
22000,100,100,"sd","13:33:28",7567900
22000,100,2300,"sd","13:33:26",7567800
22000,100,200,"sd","13:33:24",7565500
22000,100,2500,"sd","13:33:24",7565300
22000,100,500,"sd","13:33:24",7562800
22000,100,200,"sd","13:33:24",7562300
22000,100,500,"sd","13:33:24",7562100
22000,100,1300,"sd","13:33:24",7561600
22000,100,100,"sd","13:33:14",7560300
22050,150,300,"bu","13:33:13",7560200
22000,100,300,"sd","13:33:12",7559900
22000,100,3300,"sd","13:33:09",7559600
22000,100,1000,"sd","13:33:09",7556300
22000,100,1200,"sd","13:33:09",7555300
22000,100,4500,"sd","13:33:09",7554100
22000,100,500,"sd","13:33:07",7549600
22000,100,500,"sd","13:33:07",7549100
22050,150,2000,"bu","13:33:02",7548600
22050,150,3000,"bu","13:33:02",7546600
22000,100,300,"sd","13:32:58",7543600
22000,100,100,"sd","13:32:55",7543300
22000,100,100,"sd","13:32:53",7543200
22000,100,500,"sd","13:32:52",7543100
22000,100,100,"sd","13:32:52",7542600
22000,100,100,"sd","13:32:52",7542500
22000,100,300,"sd","13:32:52",7542400
22050,150,200,"bu","13:32:52",7542100
22000,100,100,"sd","13:32:51",7541900
22000,100,500,"sd","13:32:51",7541800
22000,100,1400,"sd","13:32:51",7541300
22000,100,300,"sd","13:32:51",7539900
22000,100,100,"sd","13:32:49",7539600
22000,100,35000,"sd","13:32:45",7539500
22050,150,4000,"bu","13:32:41",7504500
22050,150,1000,"bu","13:32:39",7500500
22050,150,1500,"bu","13:32:39",7499500
22050,150,100,"bu","13:32:34",7498000
22000,100,200,"sd","13:32:34",7497900
22050,150,100,"bu","13:32:24",7497700
22000,100,100,"sd","13:32:20",7497600
22000,100,1000,"sd","13:32:19",7497500
22050,150,100,"bu","13:32:19",7496500
22000,100,300,"sd","13:32:18",7496400
22000,100,1000,"sd","13:32:13",7496100
22100,200,400,"bu","13:32:11",7495100
22100,200,1000,"bu","13:32:11",7494700
22100,200,100,"bu","13:32:11",7493700
22100,200,100,"bu","13:32:11",7493600
22050,150,400,"bu","13:32:11",7493500
22000,100,3600,"sd","13:32:09",7493100
22050,150,1400,"sd","13:32:09",7489500
22050,150,2000,"bu","13:32:08",7488100
22050,150,2000,"bu","13:32:08",7486100
22050,150,100,"bu","13:32:08",7484100
22050,150,5000,"bu","13:32:08",7484000
22050,150,200,"bu","13:32:08",7479000
22050,150,2000,"bu","13:32:08",7478800
22050,150,5000,"bu","13:32:08",7476800
22050,150,200,"bu","13:32:08",7471800
22050,150,200,"bu","13:32:08",7471600
22050,150,1000,"bu","13:32:08",7471400
22050,150,1000,"bu","13:32:08",7470400
22050,150,100,"bu","13:32:08",7469400
22050,150,200,"bu","13:32:08",7469300
22050,150,900,"bu","13:32:08",7469100
22050,150,200,"bu","13:32:08",7468200
22050,150,500,"bu","13:32:08",7468000
22050,150,600,"bu","13:32:08",7467500
22050,150,1000,"bu","13:32:08",7466900
22050,150,2000,"bu","13:32:08",7465900
22050,150,200,"bu","13:32:08",7463900
22050,150,500,"bu","13:32:08",7463700
22050,150,2600,"bu","13:32:08",7463200
22050,150,1000,"bu","13:32:08",7460600
22050,150,100,"bu","13:32:08",7459600
22000,100,5000,"sd","13:32:04",7459500
22000,100,2000,"sd","13:32:03",7454500
22000,100,5000,"sd","13:32:03",7452500
22000,100,400,"sd","13:32:03",7447500
22000,100,1000,"sd","13:32:03",7447100
22000,100,7000,"sd","13:32:03",7446100
22000,100,3000,"sd","13:32:03",7439100
22000,100,300,"sd","13:32:03",7436100
22000,100,100,"sd","13:32:03",7435800
22000,100,1000,"sd","13:32:03",7435700
22000,100,500,"sd","13:32:03",7434700
22000,100,700,"sd","13:32:03",7434200
22000,100,10300,"sd","13:32:03",7433500
22000,100,500,"sd","13:32:03",7423200
22000,100,3000,"sd","13:32:03",7422700
22000,100,35200,"sd","13:32:03",7419700
22000,100,5000,"sd","13:32:03",7384500
22050,150,300,"bu","13:32:03",7379500
22050,150,4100,"bu","13:32:02",7379200
22050,150,900,"bu","13:32:02",7375100
22000,100,500,"sd","13:31:54",7374200
22050,150,600,"bu","13:31:52",7373700
22050,150,100,"bu","13:31:52",7373100
22050,150,500,"bu","13:31:52",7373000
22050,150,100,"bu","13:31:52",7372500
22050,150,100,"bu","13:31:52",7372400
22050,150,400,"bu","13:31:52",7372300
22050,150,900,"bu","13:31:52",7371900
22000,100,1000,"sd","13:31:49",7371000
22000,100,4600,"sd","13:31:49",7370000
22050,150,100,"bu","13:31:49",7365400
22050,150,200,"bu","13:31:49",7365300
22050,150,800,"bu","13:31:49",7365100
22050,150,100,"bu","13:31:49",7364300
22050,150,1000,"bu","13:31:49",7364200
22050,150,100,"bu","13:31:49",7363200
22050,150,200,"bu","13:31:49",7363100
22050,150,500,"bu","13:31:49",7362900
22050,150,2000,"bu","13:31:49",7362400
22000,100,4300,"sd","13:31:49",7360400
22000,100,1000,"sd","13:31:49",7356100
22000,100,500,"sd","13:31:49",7355100
22000,100,3600,"sd","13:31:49",7354600
22050,150,400,"bu","13:31:48",7351000
22050,150,200,"bu","13:31:48",7350600
22050,150,400,"bu","13:31:47",7350400
22050,150,500,"bu","13:31:47",7350000
22050,150,500,"bu","13:31:47",7349500
22050,150,200,"bu","13:31:47",7349000
22050,150,400,"bu","13:31:47",7348800
22050,150,1000,"bu","13:31:45",7348400
22050,150,1000,"bu","13:31:45",7347400
22000,100,100,"sd","13:31:45",7346400
22050,150,200,"bu","13:31:43",7346300
22050,150,2300,"bu","13:31:42",7346100
22050,150,100,"bu","13:31:41",7343800
22050,150,100,"bu","13:31:41",7343700
22050,150,2800,"bu","13:31:41",7343600
22050,150,500,"bu","13:31:40",7340800
22050,150,4000,"bu","13:31:35",7340300
22050,150,500,"bu","13:31:35",7336300
22050,150,2200,"bu","13:31:32",7335800
22050,150,600,"bu","13:31:32",7333600
22000,100,3000,"sd","13:31:30",7333000
22000,100,100,"sd","13:31:29",7330000
22000,100,100,"sd","13:31:29",7329900
22050,150,1000,"bu","13:31:27",7329800
22050,150,5000,"bu","13:31:26",7328800
22000,100,4900,"sd","13:31:25",7323800
22000,100,100,"sd","13:31:25",7318900
22050,150,200,"bu","13:31:22",7318800
22050,150,100,"bu","13:31:22",7318600
22050,150,100,"bu","13:31:22",7318500
22050,150,600,"bu","13:31:22",7318400
22050,150,600,"bu","13:31:22",7317800
22050,150,100,"bu","13:31:21",7317200
22050,150,100,"bu","13:31:21",7317100
22000,100,1000,"sd","13:31:21",7317000
22050,150,1600,"bu","13:31:21",7316000
22050,150,100,"bu","13:31:21",7314400
22050,150,300,"bu","13:31:21",7314300
22050,150,100,"bu","13:31:19",7314000
22000,100,100,"sd","13:31:19",7313900
22050,150,500,"bu","13:31:18",7313800
22050,150,200,"bu","13:31:15",7313300
22050,150,200,"bu","13:31:15",7313100
22050,150,100,"bu","13:31:15",7312900
22050,150,100,"bu","13:31:15",7312800
22050,150,1200,"bu","13:31:15",7312700
22050,150,300,"bu","13:31:15",7311500
22050,150,200,"bu","13:31:15",7311200
22050,150,1100,"bu","13:31:15",7311000
22050,150,100,"bu","13:31:15",7309900
22000,100,2300,"sd","13:31:15",7309800
22000,100,2000,"sd","13:31:15",7307500
22000,100,5000,"sd","13:31:15",7305500
22000,100,700,"sd","13:31:15",7300500
22050,150,800,"bu","13:31:15",7299800
22050,150,200,"bu","13:31:15",7299000
22000,100,400,"sd","13:31:11",7298800
22050,150,800,"bu","13:31:08",7298400
22050,150,100,"bu","13:31:08",7297600
22050,150,100,"bu","13:31:08",7297500
22000,100,700,"sd","13:31:04",7297400
22000,100,2000,"sd","13:31:04",7296700
22000,100,7300,"sd","13:31:04",7294700
22000,100,1000,"sd","13:31:02",7287400
22000,100,2000,"sd","13:30:54",7286400
22000,100,1000,"sd","13:30:54",7284400
22000,100,100,"sd","13:30:54",7283400
22000,100,2200,"sd","13:30:54",7283300
22000,100,2700,"sd","13:30:54",7281100
22000,100,2000,"sd","13:30:54",7278400
22000,100,500,"sd","13:30:48",7276400
22000,100,1000,"sd","13:30:47",7275900
22000,100,1200,"sd","13:30:46",7274900
22000,100,1000,"sd","13:30:43",7273700
22000,100,500,"sd","13:30:42",7272700
22000,100,100,"sd","13:30:36",7272200
22000,100,100,"sd","13:30:35",7272100
22000,100,500,"bu","13:30:35",7272000
22000,100,300,"bu","13:30:35",7271500
22000,100,3000,"bu","13:30:35",7271200
22000,100,100,"bu","13:30:35",7268200
22000,100,2000,"bu","13:30:34",7268100
22000,100,2500,"bu","13:30:34",7266100
22000,100,2500,"bu","13:30:32",7263600
22000,100,100,"bu","13:30:32",7261100
22000,100,1000,"bu","13:30:32",7261000
22000,100,1200,"bu","13:30:32",7260000
21950,50,200,"sd","13:30:32",7258800
22000,100,300,"bu","13:30:32",7258600
22000,100,700,"bu","13:30:32",7258300
22000,100,500,"bu","13:30:31",7257600
22000,100,200,"bu","13:30:31",7257100
22000,100,1000,"bu","13:30:30",7256900
22000,100,1000,"bu","13:30:30",7255900
22000,100,1000,"bu","13:30:30",7254900
22000,100,400,"bu","13:30:30",7253900
22000,100,400,"bu","13:30:30",7253500
22000,100,200,"bu","13:30:30",7253100
22000,100,100,"bu","13:30:30",7252900
22000,100,2000,"bu","13:30:30",7252800
22000,100,1000,"bu","13:30:30",7250800
22000,100,600,"bu","13:30:30",7249800
22000,100,300,"bu","13:30:30",7249200
22000,100,300,"bu","13:30:30",7248900
22000,100,100,"bu","13:30:30",7248600
22000,100,100,"bu","13:30:30",7248500
22000,100,200,"bu","13:30:30",7248400
22000,100,200,"bu","13:30:30",7248200
22000,100,2000,"bu","13:30:30",7248000
22000,100,100,"bu","13:30:30",7246000
22000,100,200,"bu","13:30:30",7245900
22000,100,100,"bu","13:30:30",7245700
22000,100,1000,"bu","13:30:30",7245600
22000,100,100,"bu","13:30:30",7244600
22000,100,100,"bu","13:30:30",7244500
22000,100,500,"bu","13:30:30",7244400
22000,100,1000,"bu","13:30:30",7243900
22000,100,200,"bu","13:30:30",7242900
22000,100,1000,"bu","13:30:30",7242700
22000,100,300,"bu","13:30:30",7241700
22000,100,2200,"bu","13:30:30",7241400
22000,100,800,"bu","13:30:30",7239200
22000,100,800,"bu","13:30:30",7238400
22000,100,100,"bu","13:30:30",7237600
22000,100,300,"bu","13:30:30",7237500
22000,100,700,"bu","13:30:30",7237200
22000,100,200,"bu","13:30:30",7236500
22000,100,1000,"bu","13:30:30",7236300
22000,100,1000,"bu","13:30:30",7235300
22000,100,100,"bu","13:30:30",7234300
22000,100,1000,"bu","13:30:30",7234200
22000,100,500,"bu","13:30:30",7233200
22000,100,5000,"bu","13:30:30",7232700
22000,100,2000,"bu","13:30:30",7227700
22000,100,100,"bu","13:30:30",7225700
22000,100,400,"bu","13:30:30",7225600
22000,100,1000,"bu","13:30:30",7225200
22000,100,2000,"bu","13:30:30",7224200
22000,100,100,"bu","13:30:30",7222200
