"price","change","match_qtty","side","time","total_vol"
30950,150,126900,"unknown","14:45:04",1836200
30850,50,100,"sd","14:29:59",1709300
30850,50,2600,"sd","14:29:50",1709200
30850,50,300,"sd","14:29:43",1706600
30950,150,300,"bu","14:29:38",1706300
30950,150,1700,"bu","14:29:38",1706000
30850,50,1000,"sd","14:29:29",1704300
30850,50,1100,"sd","14:29:26",1703300
30850,50,2000,"sd","14:29:23",1702200
30850,50,6500,"bu","14:29:19",1700200
30850,50,6400,"bu","14:29:19",1693700
30850,50,100,"bu","14:29:08",1687300
30850,50,900,"bu","14:29:08",1687200
30850,50,400,"sd","14:28:54",1686300
30850,50,100,"sd","14:28:54",1685900
30850,50,5000,"sd","14:28:54",1685800
30900,100,100,"sd","14:28:54",1680800
30950,150,2000,"bu","14:28:50",1680700
30950,150,200,"bu","14:28:37",1678700
30950,150,500,"bu","14:28:09",1678500
30850,50,100,"sd","14:28:06",1678000
30850,50,100,"sd","14:28:03",1677900
30950,150,600,"bu","14:27:58",1677800
31000,200,8200,"bu","14:27:37",1677200
30950,150,3200,"bu","14:27:37",1669000
30950,150,2100,"sd","14:27:24",1665800
30950,150,4700,"sd","14:27:24",1663700
30950,150,1700,"sd","14:27:11",1659000
30950,150,5000,"bu","14:27:03",1657300
30900,100,400,"sd","14:26:35",1652300
31000,200,11400,"bu","14:26:12",1651900
31000,200,7900,"bu","14:25:55",1640500
30950,150,200,"bu","14:25:55",1632600
30950,150,700,"bu","14:25:55",1632400
30950,150,2300,"bu","14:25:52",1631700
30950,150,500,"bu","14:25:52",1629400
30950,150,3600,"bu","14:25:52",1628900
30950,150,5000,"bu","14:25:52",1625300
30900,100,400,"bu","14:25:51",1620300
30900,100,300,"bu","14:25:51",1619900
30900,100,100,"bu","14:25:51",1619600
30900,100,500,"bu","14:25:44",1619500
30900,100,200,"bu","14:25:42",1619000
30900,100,2100,"bu","14:25:42",1618800
30900,100,900,"bu","14:25:33",1616700
30900,100,10500,"bu","14:25:33",1615800
30900,100,2000,"bu","14:25:29",1605300
30900,100,100,"bu","14:24:09",1603300
30900,100,100,"sd","14:24:08",1603200
30900,100,300,"sd","14:24:08",1603100
30900,100,100,"sd","14:23:48",1602800
30900,100,100,"sd","14:23:34",1602700
31000,200,100,"bu","14:23:25",1602600
31000,200,4100,"bu","14:23:05",1602500
31000,200,1900,"bu","14:22:55",1598400
31000,200,100,"bu","14:22:55",1596500
31000,200,100,"bu","14:22:55",1596400
31000,200,900,"bu","14:22:55",1596300
31000,200,1100,"bu","14:22:46",1595400
31000,200,300,"bu","14:22:46",1594300
30900,100,100,"sd","14:22:46",1594000
31000,200,100,"bu","14:22:42",1593900
31000,200,200,"bu","14:22:42",1593800
31000,200,200,"bu","14:22:42",1593600
31000,200,500,"bu","14:22:42",1593400
31000,200,1000,"bu","14:22:42",1592900
31000,200,2800,"bu","14:22:42",1591900
30950,150,5000,"bu","14:22:42",1589100
30950,150,500,"bu","14:22:42",1584100
30950,150,400,"bu","14:22:42",1583600
30950,150,500,"bu","14:22:42",1583200
30950,150,200,"bu","14:22:42",1582700
30950,150,500,"bu","14:22:28",1582500
30950,150,500,"bu","14:22:28",1582000
30950,150,200,"bu","14:22:28",1581500
30950,150,500,"bu","14:22:28",1581300
30950,150,2100,"bu","14:22:28",1580800
30900,100,1000,"bu","14:22:28",1578700
30900,100,4800,"bu","14:22:28",1577700
30900,100,500,"bu","14:22:28",1572900
30950,150,800,"bu","14:22:28",1572400
30950,150,500,"bu","14:22:28",1571600
30900,100,1000,"bu","14:22:26",1571100
30900,100,200,"bu","14:22:26",1570100
30900,100,1000,"bu","14:22:26",1569900
30900,100,800,"bu","14:22:26",1568900
30900,100,200,"bu","14:22:26",1568100
30900,100,4900,"bu","14:22:26",1567900
30900,100,100,"bu","14:22:14",1563000
30900,100,1000,"bu","14:22:14",1562900
30900,100,3000,"bu","14:22:14",1561900
30900,100,200,"bu","14:22:14",1558900
30900,100,4700,"bu","14:22:14",1558700
30850,50,2400,"bu","14:22:14",1554000
30850,50,3000,"sd","14:22:09",1551600
30850,50,100,"sd","14:22:09",1548600
30900,100,2500,"bu","14:22:00",1548500
30900,100,4500,"bu","14:22:00",1546000
30900,100,200,"bu","14:21:55",1541500
30850,50,100,"sd","14:21:50",1541300
30850,50,1000,"sd","14:21:37",1541200
30850,50,800,"sd","14:21:31",1540200
30850,50,200,"sd","14:21:31",1539400
30850,50,100,"sd","14:21:15",1539200
30850,50,400,"sd","14:21:15",1539100
30850,50,1000,"sd","14:21:07",1538700
30850,50,200,"bu","14:19:56",1537700
30850,50,5000,"bu","14:19:56",1537500
30850,50,400,"bu","14:19:56",1532500
30850,50,1000,"bu","14:19:56",1532100
30850,50,100,"bu","14:19:56",1531100
30850,50,100,"bu","14:19:56",1531000
30850,50,2000,"bu","14:19:56",1530900
30850,50,100,"bu","14:19:56",1528900
30850,50,100,"bu","14:19:56",1528800
30850,50,100,"bu","14:19:56",1528700
30850,50,500,"bu","14:19:56",1528600
30850,50,5000,"bu","14:19:56",1528100
30800,0,1000,"sd","14:19:39",1523100
30800,0,200,"sd","14:19:14",1522100
30800,0,600,"bu","14:19:13",1521900
30800,0,200,"bu","14:19:07",1521300
30800,0,500,"bu","14:18:51",1521100
30800,0,100,"sd","14:18:45",1520600
30800,0,100,"sd","14:18:45",1520500
30800,0,100,"sd","14:18:45",1520400
30800,0,1000,"sd","14:18:45",1520300
30800,0,500,"sd","14:17:46",1519300
30800,0,500,"sd","14:17:19",1518800
30800,0,600,"bu","14:17:14",1518300
30800,0,4100,"bu","14:17:13",1517700
30800,0,100,"bu","14:17:13",1513600
30800,0,1400,"bu","14:17:13",1513500
30800,0,300,"bu","14:17:13",1512100
30800,0,100,"bu","14:17:13",1511800
30800,0,700,"bu","14:17:13",1511700
30800,0,1600,"bu","14:17:13",1511000
30800,0,400,"bu","14:17:10",1509400
30800,0,2000,"bu","14:17:10",1509000
30800,0,500,"bu","14:17:10",1507000
30800,0,2100,"bu","14:17:10",1506500
30800,0,2600,"bu","14:16:43",1504400
30800,0,5000,"bu","14:16:16",1501800
30800,0,100,"bu","14:16:08",1496800
30800,0,100,"bu","14:16:08",1496700
30800,0,1000,"bu","14:16:08",1496600
30800,0,200,"bu","14:16:08",1495600
30800,0,3700,"bu","14:16:08",1495400
30800,0,300,"bu","14:16:08",1491700
30800,0,500,"bu","14:16:08",1491400
30800,0,2000,"bu","14:16:08",1490900
30800,0,100,"bu","14:16:08",1488900
30800,0,100,"bu","14:16:08",1488800
30800,0,200,"bu","14:16:08",1488700
30800,0,1000,"bu","14:16:08",1488500
30800,0,100,"bu","14:16:08",1487500
30800,0,600,"bu","14:16:08",1487400
30750,-50,100,"sd","14:16:07",1486800
30800,0,5300,"bu","14:12:50",1486700
30800,0,100,"bu","14:12:50",1481400
30800,0,100,"bu","14:12:50",1481300
30800,0,500,"bu","14:12:50",1481200
30800,0,4000,"bu","14:12:50",1480700
30750,-50,1000,"sd","14:12:47",1476700
30800,0,1000,"bu","14:12:47",1475700
30750,-50,1400,"sd","14:12:37",1474700
30750,-50,1000,"sd","14:11:42",1473300
30750,-50,100,"sd","14:11:32",1472300
30750,-50,300,"sd","14:10:54",1472200
30750,-50,2700,"sd","14:10:54",1471900
30750,-50,100,"sd","14:08:32",1469200
30750,-50,4000,"sd","14:08:30",1469100
30750,-50,300,"bu","14:08:29",1465100
30750,-50,4300,"bu","14:08:29",1464800
30750,-50,7100,"bu","14:08:21",1460500
30750,-50,800,"bu","14:08:21",1453400
30700,-100,100,"sd","14:08:16",1452600
30750,-50,200,"bu","14:08:15",1452500
30750,-50,300,"bu","14:08:15",1452300
30750,-50,500,"bu","14:08:15",1452000
30700,-100,1000,"sd","14:07:18",1451500
30700,-100,200,"sd","14:06:54",1450500
30700,-100,300,"sd","14:06:32",1450300
30700,-100,500,"sd","14:06:22",1450000
30700,-100,300,"sd","14:06:19",1449500
30700,-100,100,"sd","14:06:19",1449200
30700,-100,600,"sd","14:06:19",1449100
30700,-100,1000,"sd","14:06:06",1448500
30700,-100,1000,"sd","14:05:48",1447500
30700,-100,100,"sd","14:05:22",1446500
30700,-100,100,"sd","14:05:17",1446400
30700,-100,200,"sd","14:04:47",1446300
30700,-100,100,"sd","14:04:47",1446100
30700,-100,1000,"sd","14:04:42",1446000
30700,-100,800,"sd","14:04:33",1445000
30700,-100,100,"sd","14:04:33",1444200
30700,-100,100,"sd","14:04:33",1444100
30700,-100,400,"sd","14:04:03",1444000
30700,-100,100,"sd","14:04:03",1443600
30700,-100,2300,"sd","14:04:03",1443500
30700,-100,100,"sd","14:04:03",1441200
30700,-100,4100,"sd","14:04:03",1441100
30700,-100,1000,"sd","14:03:50",1437000
30700,-100,1000,"sd","14:03:28",1436000
30700,-100,1000,"sd","14:03:24",1435000
30700,-100,100,"sd","14:03:20",1434000
30700,-100,100,"sd","14:03:17",1433900
30700,-100,1000,"sd","14:02:50",1433800
30700,-100,1000,"sd","14:02:22",1432800
30750,-50,500,"bu","14:02:08",1431800
30750,-50,200,"bu","14:01:54",1431300
30750,-50,300,"bu","14:00:20",1431100
30750,-50,700,"bu","14:00:20",1430800
30700,-100,200,"bu","14:00:12",1430100
30700,-100,100,"bu","14:00:12",1429900
30700,-100,400,"bu","14:00:12",1429800
30700,-100,2600,"bu","14:00:11",1429400
30700,-100,500,"bu","14:00:11",1426800
30700,-100,11000,"bu","14:00:11",1426300
30700,-100,100,"bu","14:00:11",1415300
30700,-100,5800,"bu","14:00:11",1415200
30700,-100,100,"bu","14:00:09",1409400
30700,-100,100,"bu","14:00:06",1409300
30700,-100,1000,"bu","14:00:04",1409200
30700,-100,100,"bu","14:00:01",1408200
30700,-100,3300,"bu","13:59:59",1408100
30700,-100,500,"bu","13:59:58",1404800
30700,-100,100,"bu","13:59:57",1404300
30700,-100,100,"bu","13:59:57",1404200
30700,-100,1000,"bu","13:59:54",1404100
30700,-100,6500,"bu","13:59:53",1403100
30700,-100,3400,"bu","13:59:38",1396600
30700,-100,200,"bu","13:59:38",1393200
30700,-100,1000,"bu","13:59:38",1393000
30700,-100,5400,"bu","13:59:38",1392000
30700,-100,400,"bu","13:59:28",1386600
30700,-100,100,"bu","13:59:28",1386200
30700,-100,200,"bu","13:59:22",1386100
30700,-100,100,"bu","13:59:21",1385900
30650,-150,400,"sd","13:59:16",1385800
30650,-150,300,"sd","13:59:16",1385400
30650,-150,100,"sd","13:59:16",1385100
30650,-150,100,"sd","13:59:16",1385000
30650,-150,100,"sd","13:59:16",1384900
30700,-100,500,"bu","13:59:13",1384800
30700,-100,500,"bu","13:59:05",1384300
30700,-100,200,"bu","13:59:02",1383800
30700,-100,100,"bu","13:58:44",1383600
30700,-100,500,"bu","13:58:44",1383500
30650,-150,1000,"sd","13:58:30",1383000
30650,-150,800,"sd","13:58:30",1382000
30650,-150,100,"sd","13:58:23",1381200
30650,-150,1000,"sd","13:58:19",1381100
30700,-100,400,"bu","13:58:17",1380100
30650,-150,1000,"sd","13:58:11",1379700
30700,-100,100,"bu","13:58:10",1378700
30650,-150,500,"sd","13:58:09",1378600
30700,-100,2500,"bu","13:58:07",1378100
30700,-100,1000,"bu","13:58:07",1375600
30700,-100,700,"bu","13:58:07",1374600
30650,-150,9300,"sd","13:58:04",1373900
30650,-150,500,"sd","13:58:04",1364600
30650,-150,500,"sd","13:58:04",1364100
30650,-150,700,"sd","13:58:04",1363600
30700,-100,100,"bu","13:57:59",1362900
30650,-150,500,"sd","13:57:46",1362800
30700,-100,200,"bu","13:57:32",1362300
30650,-150,1000,"sd","13:57:25",1362100
30650,-150,1000,"sd","13:57:18",1361100
30650,-150,1000,"sd","13:57:05",1360100
30650,-150,5000,"sd","13:56:59",1359100
30650,-150,1000,"sd","13:56:59",1354100
30650,-150,1000,"sd","13:56:41",1353100
30650,-150,1000,"sd","13:56:33",1352100
30700,-100,100,"bu","13:56:27",1351100
30700,-100,200,"bu","13:56:24",1351000
30650,-150,1000,"sd","13:56:24",1350800
30650,-150,500,"sd","13:56:17",1349800
30650,-150,1000,"sd","13:56:12",1349300
30650,-150,400,"sd","13:56:05",1348300
30650,-150,4900,"sd","13:55:59",1347900
30650,-150,10100,"sd","13:55:58",1343000
30650,-150,200,"sd","13:55:52",1332900
30650,-150,900,"sd","13:55:44",1332700
30650,-150,800,"sd","13:55:15",1331800
30650,-150,500,"sd","13:55:04",1331000
30650,-150,300,"sd","13:55:04",1330500
30650,-150,8000,"sd","13:55:04",1330200
30650,-150,100,"sd","13:55:04",1322200
30650,-150,300,"sd","13:55:04",1322100
30650,-150,800,"sd","13:55:04",1321800
30650,-150,200,"sd","13:54:49",1321000
30650,-150,100,"sd","13:54:49",1320800
30650,-150,500,"sd","13:54:49",1320700
30650,-150,2200,"sd","13:54:49",1320200
30700,-100,100,"bu","13:54:38",1318000
30650,-150,5000,"sd","13:54:25",1317900
30650,-150,2500,"sd","13:54:10",1312900
30650,-150,100,"sd","13:53:51",1310400
30650,-150,8100,"sd","13:53:45",1310300
30650,-150,1200,"sd","13:53:43",1302200
30650,-150,900,"sd","13:53:28",1301000
30650,-150,7200,"sd","13:53:28",1300100
30650,-150,5200,"sd","13:53:03",1292900
30700,-100,100,"bu","13:52:56",1287700
30650,-150,7600,"sd","13:52:44",1287600
30650,-150,100,"sd","13:52:44",1280000
30650,-150,200,"sd","13:52:44",1279900
30650,-150,100,"sd","13:52:44",1279700
30700,-100,1000,"sd","13:52:41",1279600
30700,-100,100,"sd","13:52:41",1278600
30700,-100,100,"sd","13:52:41",1278500
30700,-100,8700,"sd","13:52:41",1278400
30700,-100,1000,"sd","13:52:34",1269700
30700,-100,7400,"sd","13:52:30",1268700
30700,-100,2900,"sd","13:52:28",1261300
30700,-100,500,"sd","13:52:28",1258400
30700,-100,100,"sd","13:52:28",1257900
30700,-100,500,"sd","13:52:28",1257800
30700,-100,7000,"sd","13:52:28",1257300
30700,-100,3000,"sd","13:52:26",1250300
30700,-100,100,"sd","13:52:26",1247300
30700,-100,8300,"sd","13:52:26",1247200
30700,-100,1000,"sd","13:52:26",1238900
30700,-100,2500,"sd","13:52:22",1237900
30700,-100,1000,"sd","13:52:16",1235400
30700,-100,7200,"sd","13:52:13",1234400
30700,-100,700,"sd","13:52:13",1227200
30700,-100,300,"sd","13:52:10",1226500
30700,-100,300,"sd","13:52:10",1226200
30700,-100,500,"sd","13:52:10",1225900
30700,-100,100,"sd","13:52:10",1225400
30700,-100,200,"sd","13:52:10",1225300
30700,-100,300,"sd","13:52:10",1225100
30700,-100,100,"sd","13:52:10",1224800
30700,-100,1000,"sd","13:52:10",1224700
30700,-100,100,"sd","13:52:10",1223700
30700,-100,100,"sd","13:52:10",1223600
30700,-100,1200,"sd","13:52:10",1223500
30700,-100,100,"sd","13:52:08",1222300
30700,-100,2000,"sd","13:52:06",1222200
30700,-100,1200,"sd","13:52:06",1220200
30700,-100,400,"sd","13:52:06",1219000
30700,-100,100,"sd","13:52:06",1218600
30700,-100,1000,"sd","13:52:06",1218500
30700,-100,500,"sd","13:52:06",1217500
30700,-100,1000,"sd","13:52:06",1217000
30700,-100,200,"sd","13:52:06",1216000
30700,-100,100,"sd","13:52:06",1215800
30700,-100,100,"sd","13:52:06",1215700
30700,-100,100,"sd","13:52:06",1215600
30700,-100,200,"sd","13:52:06",1215500
30700,-100,500,"sd","13:52:06",1215300
30700,-100,100,"sd","13:52:06",1214800
30700,-100,100,"sd","13:52:06",1214700
30700,-100,1000,"sd","13:52:06",1214600
30700,-100,1000,"sd","13:52:06",1213600
30700,-100,1000,"sd","13:52:06",1212600
30700,-100,100,"sd","13:52:06",1211600
30700,-100,500,"sd","13:52:06",1211500
30700,-100,100,"sd","13:52:06",1211000
30700,-100,100,"sd","13:52:06",1210900
30700,-100,500,"sd","13:52:04",1210800
30700,-100,3500,"sd","13:52:04",1210300
30700,-100,11000,"sd","13:51:57",1206800
30700,-100,1000,"sd","13:51:57",1195800
30700,-100,4500,"sd","13:51:55",1194800
30700,-100,100,"sd","13:51:55",1190300
30700,-100,3300,"sd","13:51:55",1190200
30700,-100,4000,"sd","13:51:54",1186900
30700,-100,7500,"sd","13:51:48",1182900
30700,-100,4000,"sd","13:51:45",1175400
30700,-100,1200,"sd","13:51:44",1171400
30700,-100,9800,"sd","13:51:44",1170200
30700,-100,1000,"sd","13:51:43",1160400
30700,-100,8100,"sd","13:51:38",1159400
30700,-100,1100,"sd","13:51:35",1151300
30700,-100,100,"sd","13:51:35",1150200
30700,-100,2800,"sd","13:51:35",1150100
30700,-100,1000,"sd","13:51:30",1147300
30700,-100,5900,"sd","13:51:25",1146300
30700,-100,300,"sd","13:51:24",1140400
30700,-100,300,"sd","13:51:24",1140100
30700,-100,500,"sd","13:51:24",1139800
30700,-100,9900,"sd","13:51:24",1139300
30700,-100,4000,"sd","13:51:24",1129400
30750,-50,300,"bu","13:51:20",1125400
30700,-100,4000,"sd","13:51:11",1125100
30700,-100,1000,"sd","13:51:00",1121100
30700,-100,1100,"sd","13:50:59",1120100
30700,-100,100,"sd","13:50:59",1119000
30700,-100,200,"sd","13:50:59",1118900
30700,-100,200,"sd","13:50:59",1118700
30700,-100,100,"sd","13:50:59",1118500
30700,-100,100,"sd","13:50:59",1118400
30700,-100,200,"sd","13:50:59",1118300
30700,-100,100,"sd","13:50:59",1118100
30700,-100,600,"sd","13:50:59",1118000
30700,-100,1000,"sd","13:50:59",1117400
30700,-100,100,"sd","13:50:59",1116400
30700,-100,500,"sd","13:50:59",1116300
30700,-100,100,"sd","13:50:59",1115800
30700,-100,200,"sd","13:50:59",1115700
30700,-100,4000,"sd","13:50:58",1115500
30700,-100,100,"sd","13:50:58",1111500
30700,-100,2300,"sd","13:50:58",1111400
30700,-100,700,"sd","13:50:53",1109100
30700,-100,300,"sd","13:50:53",1108400
30700,-100,4000,"sd","13:50:50",1108100
30700,-100,700,"sd","13:50:49",1104100
30700,-100,300,"sd","13:50:49",1103400
30700,-100,700,"sd","13:50:48",1103100
30700,-100,100,"sd","13:50:48",1102400
30700,-100,100,"sd","13:50:48",1102300
30700,-100,100,"sd","13:50:48",1102200
30700,-100,900,"sd","13:50:43",1102100
30700,-100,100,"sd","13:50:43",1101200
30700,-100,4000,"sd","13:50:40",1101100
30700,-100,900,"sd","13:50:38",1097100
30700,-100,100,"sd","13:50:38",1096200
30700,-100,5900,"sd","13:50:38",1096100
30750,-50,700,"sd","13:50:38",1090200
30750,-50,500,"sd","13:50:38",1089500
30750,-50,2900,"sd","13:50:38",1089000
30750,-50,1000,"sd","13:50:38",1086100
30750,-50,4400,"sd","13:50:35",1085100
30750,-50,1000,"sd","13:50:35",1080700
30750,-50,700,"sd","13:50:32",1079700
30750,-50,300,"sd","13:50:32",1079000
30750,-50,1000,"sd","13:50:26",1078700
30750,-50,1000,"sd","13:50:26",1077700
30750,-50,1000,"sd","13:50:25",1076700
30750,-50,1000,"sd","13:50:21",1075700
30750,-50,1600,"sd","13:50:19",1074700
30750,-50,1000,"sd","13:50:17",1073100
30750,-50,3100,"sd","13:50:16",1072100
30750,-50,500,"sd","13:50:16",1069000
30750,-50,100,"sd","13:50:16",1068500
30750,-50,100,"sd","13:50:16",1068400
30750,-50,200,"sd","13:50:16",1068300
30750,-50,1000,"sd","13:50:13",1068100
30750,-50,1000,"sd","13:50:10",1067100
30800,0,300,"bu","13:49:36",1066100
30750,-50,300,"sd","13:49:29",1065800
30750,-50,100,"sd","13:49:12",1065500
30750,-50,200,"sd","13:49:00",1065400
30750,-50,1000,"sd","13:48:57",1065200
30750,-50,1000,"sd","13:48:12",1064200
30750,-50,500,"sd","13:47:38",1063200
30750,-50,1000,"sd","13:46:49",1062700
30750,-50,1000,"sd","13:46:06",1061700
30750,-50,300,"sd","13:45:52",1060700
30750,-50,1000,"sd","13:45:48",1060400
30750,-50,200,"sd","13:45:47",1059400
30750,-50,200,"sd","13:45:42",1059200
30750,-50,1000,"sd","13:45:23",1059000
30700,-100,300,"sd","13:44:33",1058000
30750,-50,300,"sd","13:44:33",1057700
30750,-50,200,"sd","13:44:33",1057400
30750,-50,100,"sd","13:44:33",1057200
30750,-50,100,"sd","13:44:33",1057100
30750,-50,500,"sd","13:44:33",1057000
30750,-50,100,"sd","13:44:33",1056500
30750,-50,300,"sd","13:44:33",1056400
30750,-50,500,"sd","13:44:23",1056100
30800,0,100,"bu","13:44:18",1055600
30750,-50,200,"sd","13:44:10",1055500
30750,-50,2600,"sd","13:44:10",1055300
30750,-50,8500,"sd","13:43:55",1052700
30750,-50,500,"sd","13:43:39",1044200
30750,-50,8800,"sd","13:43:37",1043700
30750,-50,5000,"sd","13:43:33",1034900
30750,-50,11400,"sd","13:43:30",1029900
30750,-50,3400,"sd","13:43:23",1018500
30750,-50,1000,"sd","13:43:20",1015100
30750,-50,5500,"sd","13:43:12",1014100
30750,-50,3300,"sd","13:43:12",1008600
30750,-50,1000,"sd","13:43:12",1005300
30750,-50,7900,"sd","13:43:03",1004300
30750,-50,1400,"sd","13:42:34",996400
30750,-50,1000,"sd","13:42:10",995000
30750,-50,13700,"sd","13:42:09",994000
30750,-50,500,"sd","13:42:09",980300
30750,-50,100,"sd","13:42:09",979800
30750,-50,300,"sd","13:42:09",979700
30750,-50,100,"sd","13:42:09",979400
30750,-50,500,"sd","13:42:09",979300
30750,-50,1600,"sd","13:42:09",978800
30750,-50,100,"sd","13:42:09",977200
30750,-50,3100,"sd","13:42:09",977100
30750,-50,1900,"sd","13:41:28",974000
30750,-50,100,"sd","13:41:28",972100
30750,-50,900,"sd","13:41:28",972000
30750,-50,1000,"sd","13:40:15",971100
30800,0,500,"bu","13:38:37",970100
30800,0,1000,"bu","13:37:55",969600
30750,-50,1000,"sd","13:37:55",968600
30800,0,100,"bu","13:37:34",967600
30750,-50,200,"sd","13:37:12",967500
30750,-50,200,"sd","13:36:27",967300
30750,-50,500,"sd","13:35:55",967100
30750,-50,3000,"sd","13:35:50",966600
30750,-50,3200,"sd","13:35:23",963600
30750,-50,1400,"sd","13:35:23",960400
30750,-50,500,"sd","13:35:23",959000
30750,-50,100,"sd","13:35:23",958500
30750,-50,100,"sd","13:35:23",958400
30750,-50,100,"sd","13:35:23",958300
30750,-50,100,"sd","13:35:23",958200
30750,-50,100,"sd","13:35:23",958100
30750,-50,100,"sd","13:35:23",958000
30750,-50,200,"sd","13:35:03",957900
30750,-50,700,"sd","13:35:03",957700
30750,-50,100,"sd","13:35:03",957000
30750,-50,900,"sd","13:35:03",956900
30750,-50,1600,"sd","13:35:03",956000
30800,0,300,"bu","13:34:46",954400
30750,-50,500,"sd","13:34:39",954100
30750,-50,2500,"sd","13:34:33",953600
30750,-50,100,"sd","13:34:15",951100
30800,0,100,"bu","13:33:53",951000
30800,0,500,"bu","13:32:40",950900
30800,0,500,"bu","13:32:36",950400
30800,0,700,"bu","13:31:00",949900
30750,-50,100,"sd","13:30:58",949200
30750,-50,200,"sd","13:30:50",949100
30750,-50,100,"sd","13:30:50",948900
30750,-50,500,"sd","13:30:50",948800
30750,-50,200,"sd","13:30:50",948300
30800,0,1000,"bu","13:30:11",948100
30750,-50,100,"sd","13:30:04",947100
30750,-50,200,"bu","13:29:50",947000
30750,-50,200,"bu","13:29:45",946800
30750,-50,100,"sd","13:29:29",946600
30750,-50,400,"sd","13:28:14",946500
30750,-50,500,"bu","13:28:14",946100
30750,-50,400,"bu","13:28:12",945600
30750,-50,200,"bu","13:28:02",945200
30700,-100,500,"sd","13:27:53",945000
30750,-50,100,"bu","13:27:40",944500
30750,-50,8800,"bu","13:27:30",944400
30750,-50,1200,"bu","13:27:30",935600
30750,-50,100,"bu","13:27:29",934400
30750,-50,1000,"bu","13:27:24",934300
30750,-50,1000,"bu","13:27:20",933300
30750,-50,700,"bu","13:27:02",932300
30750,-50,400,"sd","13:26:51",931600
30750,-50,100,"sd","13:26:51",931200
30750,-50,100,"sd","13:26:51",931100
30750,-50,4100,"sd","13:26:51",931000
30750,-50,1000,"sd","13:26:51",926900
30750,-50,400,"sd","13:26:51",925900
30750,-50,400,"sd","13:26:51",925500
30750,-50,1000,"sd","13:26:51",925100
30750,-50,500,"sd","13:26:51",924100
30750,-50,6000,"sd","13:26:51",923600
30750,-50,17000,"sd","13:26:51",917600
30750,-50,1700,"sd","13:26:34",900600
30800,0,1300,"bu","13:23:21",898900
30800,0,200,"bu","13:23:21",897600
30800,0,1000,"bu","13:23:21",897400
30800,0,400,"bu","13:23:21",896400
30800,0,1000,"bu","13:23:21",896000
30800,0,100,"bu","13:23:21",895000
30800,0,100,"bu","13:23:21",894900
30800,0,400,"bu","13:22:17",894800
30750,-50,300,"sd","13:22:15",894400
30750,-50,200,"sd","13:22:15",894100
30750,-50,1000,"sd","13:22:15",893900
30750,-50,1000,"sd","13:22:15",892900
30750,-50,1000,"sd","13:22:15",891900
30750,-50,400,"sd","13:22:15",890900
30750,-50,300,"sd","13:21:36",890500
30750,-50,500,"sd","13:21:36",890200
30750,-50,100,"sd","13:21:36",889700
30750,-50,500,"sd","13:21:12",889600
30750,-50,800,"sd","13:20:54",889100
30800,0,100,"bu","13:20:31",888300
30800,0,500,"bu","13:19:16",888200
30750,-50,300,"sd","13:18:52",887700
30750,-50,8300,"sd","13:18:43",887400
30750,-50,100,"sd","13:18:43",879100
30750,-50,100,"sd","13:18:43",879000
30750,-50,1500,"sd","13:18:43",878900
30750,-50,100,"sd","13:18:43",877400
30750,-50,5200,"sd","13:17:20",877300
30800,0,100,"bu","13:16:49",872100
30800,0,500,"bu","13:16:20",872000
30750,-50,2300,"sd","13:16:16",871500
30800,0,200,"bu","13:15:44",869200
30800,0,300,"bu","13:14:55",869000
30800,0,100,"bu","13:13:08",868700
30750,-50,900,"sd","13:08:43",868600
30750,-50,100,"sd","13:08:43",867700
30750,-50,100,"sd","13:08:43",867600
30750,-50,200,"sd","13:08:43",867500
30750,-50,100,"sd","13:08:43",867300
30750,-50,200,"sd","13:08:24",867200
30750,-50,18200,"sd","13:08:17",867000
30750,-50,1500,"sd","13:06:37",848800
30750,-50,100,"sd","13:06:37",847300
30750,-50,9800,"sd","13:06:37",847200
30800,0,500,"bu","13:06:30",837400
30800,0,100,"bu","13:06:16",836900
30750,-50,200,"sd","13:05:39",836800
30800,0,1000,"bu","13:05:39",836600
30700,-100,7900,"sd","13:04:16",835600
30750,-50,3500,"sd","13:04:16",827700
30750,-50,200,"sd","13:03:31",824200
30750,-50,11400,"sd","13:02:56",824000
30750,-50,1500,"bu","13:02:54",812600
30750,-50,400,"bu","13:02:54",811100
30750,-50,1000,"bu","13:02:54",810700
30750,-50,2000,"bu","13:02:54",809700
30700,-100,500,"sd","13:02:52",807700
30700,-100,1000,"sd","13:02:48",807200
30700,-100,200,"sd","13:02:29",806200
30700,-100,3700,"sd","13:01:21",806000
30700,-100,5100,"sd","13:01:21",802300
30750,-50,1000,"bu","13:01:14",797200
30750,-50,300,"bu","13:01:14",796200
30750,-50,900,"bu","13:01:14",795900
30700,-100,8100,"sd","13:01:12",795000
30700,-100,6800,"sd","13:01:05",786900
30700,-100,700,"sd","13:01:05",780100
30700,-100,7400,"sd","13:00:56",779400
30700,-100,7900,"sd","13:00:45",772000
30700,-100,4000,"sd","13:00:44",764100
30700,-100,100,"sd","13:00:44",760100
30700,-100,100,"sd","13:00:44",760000
30750,-50,500,"bu","13:00:39",759900
30700,-100,100,"sd","13:00:37",759400
30700,-100,300,"sd","13:00:37",759300
30700,-100,200,"sd","13:00:37",759000
30700,-100,200,"sd","13:00:37",758800
30700,-100,500,"sd","13:00:37",758600
30700,-100,100,"sd","13:00:37",758100
30700,-100,500,"sd","13:00:37",758000
30700,-100,100,"sd","13:00:37",757500
30700,-100,700,"sd","13:00:37",757400
30700,-100,100,"sd","13:00:37",756700
30700,-100,200,"sd","13:00:37",756600
30700,-100,100,"sd","13:00:36",756400
30700,-100,100,"sd","13:00:36",756300
30700,-100,500,"sd","13:00:36",756200
30700,-100,100,"sd","13:00:36",755700
30700,-100,5000,"sd","13:00:36",755600
30750,-50,400,"bu","13:00:21",750600
30750,-50,200,"bu","13:00:19",750200
30750,-50,500,"bu","13:00:17",750000
30750,-50,2300,"bu","13:00:17",749500
30750,-50,100,"bu","13:00:17",747200
30750,-50,1000,"bu","13:00:13",747100
30750,-50,100,"bu","13:00:12",746100
30750,-50,100,"bu","13:00:12",746000
30750,-50,200,"sd","13:00:11",745900
30750,-50,600,"sd","13:00:11",745700
30750,-50,200,"sd","13:00:11",745100
30750,-50,500,"sd","13:00:11",744900
30750,-50,100,"sd","13:00:11",744400
30750,-50,100,"sd","13:00:11",744300
30750,-50,200,"sd","13:00:11",744200
30750,-50,300,"sd","13:00:11",744000
30750,-50,1600,"sd","13:00:11",743700
30750,-50,100,"sd","13:00:11",742100
30750,-50,200,"sd","13:00:11",742000
30750,-50,100,"sd","13:00:11",741800
30750,-50,17600,"sd","13:00:11",741700
30750,-50,100,"sd","13:00:11",724100
30750,-50,200,"sd","13:00:11",724000
30750,-50,300,"sd","13:00:11",723800
30750,-50,100,"sd","13:00:11",723500
30750,-50,500,"sd","13:00:11",723400
30750,-50,200,"sd","13:00:11",722900
30750,-50,200,"sd","13:00:11",722700
30750,-50,100,"sd","13:00:11",722500
30750,-50,100,"sd","13:00:11",722400
30750,-50,100,"sd","13:00:11",722300
30750,-50,1000,"sd","13:00:11",722200
30750,-50,200,"sd","13:00:11",721200
30750,-50,3200,"sd","13:00:11",721000
30800,0,800,"sd","13:00:11",717800
30800,0,1200,"bu","13:00:09",717000
30800,0,400,"bu","13:00:09",715800
30750,-50,16800,"sd","13:00:09",715400
30750,-50,1000,"sd","13:00:09",698600
30750,-50,200,"sd","13:00:09",697600
30750,-50,11200,"sd","13:00:08",697400
30750,-50,100,"sd","13:00:08",686200
30750,-50,100,"sd","13:00:08",686100
30750,-50,400,"sd","13:00:08",686000
30750,-50,400,"sd","13:00:08",685600
30750,-50,2000,"sd","13:00:08",685200
30750,-50,100,"sd","13:00:08",683200
30750,-50,300,"sd","13:00:08",683100
30750,-50,2200,"sd","13:00:08",682800
30750,-50,5500,"sd","13:00:08",680600
30750,-50,100,"sd","13:00:08",675100
30750,-50,300,"sd","13:00:08",675000
30750,-50,100,"sd","13:00:07",674700
30750,-50,600,"sd","13:00:07",674600
30750,-50,100,"sd","13:00:07",674000
30750,-50,800,"sd","13:00:07",673900
30750,-50,100,"sd","13:00:07",673100
30750,-50,100,"sd","13:00:07",673000
30800,0,100,"bu","13:00:07",672900
30750,-50,100,"sd","13:00:07",672800
30750,-50,400,"sd","13:00:07",672700
30800,0,100,"bu","13:00:06",672300
30800,0,200,"bu","13:00:06",672200
30750,-50,3800,"sd","13:00:03",672000
30800,0,400,"bu","13:00:03",668200
30800,0,100,"bu","11:29:59",667800
30750,-50,400,"sd","11:29:53",667700
30750,-50,200,"sd","11:29:53",667300
30750,-50,100,"sd","11:29:53",667100
30750,-50,3000,"sd","11:29:53",667000
30750,-50,100,"sd","11:29:53",664000
30750,-50,7600,"sd","11:29:53",663900
30750,-50,10600,"sd","11:29:39",656300
30800,0,100,"sd","11:29:39",645700
30800,0,700,"sd","11:29:39",645600
30800,0,800,"sd","11:29:23",644900
30800,0,100,"sd","11:29:23",644100
30800,0,2000,"sd","11:29:23",644000
30800,0,100,"sd","11:29:23",642000
30800,0,1000,"sd","11:29:23",641900
30800,0,100,"sd","11:29:23",640900
30800,0,100,"sd","11:29:23",640800
30800,0,400,"sd","11:29:23",640700
30800,0,400,"sd","11:29:23",640300
30800,0,100,"sd","11:29:23",639900
30800,0,300,"sd","11:29:23",639800
30800,0,700,"sd","11:29:13",639500
30800,0,100,"sd","11:29:13",638800
30800,0,200,"sd","11:29:13",638700
30800,0,400,"sd","11:29:05",638500
30800,0,200,"sd","11:26:31",638100
30800,0,100,"sd","11:26:31",637900
30800,0,500,"sd","11:26:31",637800
30800,0,100,"sd","11:26:31",637300
30800,0,500,"sd","11:26:31",637200
30800,0,2300,"sd","11:26:31",636700
30800,0,2900,"sd","11:26:31",634400
30800,0,1000,"sd","11:26:31",631500
30800,0,1000,"sd","11:26:31",630500
30800,0,500,"sd","11:26:31",629500
30800,0,100,"sd","11:26:31",629000
30800,0,500,"sd","11:26:31",628900
30800,0,200,"sd","11:26:31",628400
30800,0,100,"sd","11:26:31",628200
30800,0,500,"sd","11:26:23",628100
30800,0,300,"sd","11:26:23",627600
30800,0,200,"sd","11:26:23",627300
30800,0,1000,"sd","11:26:23",627100
30800,0,100,"sd","11:26:23",626100
30800,0,100,"sd","11:26:23",626000
30800,0,200,"sd","11:26:23",625900
30800,0,600,"sd","11:26:23",625700
30800,0,300,"sd","11:25:19",625100
30800,0,400,"sd","11:24:21",624800
30800,0,100,"sd","11:24:21",624400
30800,0,3800,"sd","11:23:19",624300
30800,0,800,"sd","11:22:55",620500
30800,0,100,"sd","11:22:55",619700
30800,0,100,"sd","11:22:55",619600
30800,0,100,"sd","11:22:55",619500
30800,0,500,"sd","11:22:55",619400
30800,0,300,"sd","11:22:55",618900
30800,0,300,"sd","11:22:55",618600
30800,0,3000,"sd","11:22:55",618300
30800,0,1000,"sd","11:22:55",615300
30800,0,100,"sd","11:22:55",614300
30800,0,200,"sd","11:22:55",614200
30800,0,1500,"sd","11:22:55",614000
30850,50,100,"bu","11:22:26",612500
30850,50,500,"bu","11:22:06",612400
30800,0,100,"sd","11:21:15",611900
30850,50,100,"bu","11:20:53",611800
30800,0,300,"sd","11:20:39",611700
30800,0,100,"sd","11:20:05",611400
30800,0,200,"sd","11:20:05",611300
30800,0,500,"sd","11:20:02",611100
30800,0,400,"sd","11:17:42",610600
30800,0,100,"sd","11:17:42",610200
30800,0,300,"sd","11:17:42",610100
30850,50,1000,"bu","11:16:44",609800
30800,0,500,"sd","11:16:38",608800
30800,0,100,"sd","11:16:38",608300
30800,0,500,"sd","11:16:38",608200
30800,0,100,"sd","11:16:38",607700
30800,0,300,"sd","11:16:38",607600
30800,0,100,"sd","11:16:38",607300
30850,50,100,"bu","11:15:49",607200
30850,50,100,"bu","11:14:35",607100
30850,50,3000,"bu","11:14:35",607000
30850,50,100,"bu","11:14:35",604000
30850,50,200,"bu","11:14:35",603900
30850,50,700,"bu","11:14:35",603700
30850,50,700,"bu","11:14:35",603000
30850,50,600,"bu","11:14:35",602300
30850,50,600,"bu","11:14:35",601700
30850,50,200,"bu","11:14:35",601100
30850,50,3800,"unknown","11:14:35",600900
30850,50,300,"sd","11:14:35",597100
30850,50,500,"sd","11:14:35",596800
30850,50,500,"sd","11:14:35",596300
30850,50,5200,"sd","11:14:35",595800
30900,100,200,"bu","11:13:36",590600
30850,50,500,"sd","11:13:29",590400
30850,50,200,"sd","11:13:21",589900
30850,50,400,"sd","11:13:21",589700
30850,50,400,"sd","11:13:21",589300
30850,50,300,"sd","11:13:21",588900
30850,50,500,"sd","11:13:21",588600
30850,50,100,"sd","11:13:20",588100
30850,50,200,"sd","11:13:20",588000
30850,50,700,"sd","11:13:20",587800
30850,50,300,"sd","11:12:59",587100
30850,50,700,"sd","11:12:59",586800
30850,50,400,"sd","11:12:06",586100
30850,50,1100,"sd","11:09:31",585700
30900,100,100,"bu","11:07:24",584600
30900,100,1200,"bu","11:05:24",584500
30850,50,1000,"sd","11:03:31",583300
30850,50,1000,"sd","11:02:17",582300
30850,50,800,"sd","11:02:15",581300
30850,50,400,"sd","11:02:15",580500
30850,50,400,"sd","11:02:15",580100
30850,50,100,"sd","11:02:15",579700
30850,50,2400,"sd","11:02:15",579600
30850,50,500,"sd","11:00:53",577200
30850,50,800,"sd","11:00:09",576700
30850,50,6300,"sd","10:59:05",575900
30850,50,900,"sd","10:59:05",569600
30850,50,1000,"sd","10:59:02",568700
30850,50,200,"sd","10:59:02",567700
30850,50,1000,"sd","10:58:41",567500
30900,100,200,"bu","10:58:25",566500
30900,100,800,"bu","10:57:33",566300
30900,100,800,"bu","10:57:33",565500
30900,100,400,"bu","10:57:07",564700
30900,100,200,"bu","10:57:07",564300
30900,100,100,"bu","10:57:07",564100
30900,100,10700,"bu","10:57:07",564000
30900,100,1400,"bu","10:57:06",553300
30900,100,100,"bu","10:56:52",551900
30850,50,500,"sd","10:56:26",551800
30850,50,500,"sd","10:56:05",551300
30850,50,200,"sd","10:53:46",550800
30850,50,500,"sd","10:53:46",550600
30850,50,1300,"sd","10:53:46",550100
30850,50,300,"sd","10:53:46",548800
30850,50,400,"sd","10:53:46",548500
30850,50,500,"sd","10:53:46",548100
30850,50,700,"sd","10:53:25",547600
30850,50,100,"sd","10:51:43",546900
30900,100,100,"bu","10:50:52",546800
30900,100,2200,"bu","10:49:46",546700
30900,100,500,"bu","10:49:21",544500
30900,100,1500,"bu","10:49:21",544000
30900,100,1000,"bu","10:49:12",542500
30850,50,2000,"sd","10:48:59",541500
30850,50,600,"sd","10:47:41",539500
30850,50,500,"sd","10:47:33",538900
30900,100,100,"sd","10:47:13",538400
30900,100,400,"sd","10:47:13",538300
30900,100,200,"sd","10:47:12",537900
30900,100,1000,"sd","10:47:12",537700
30900,100,6000,"sd","10:47:03",536700
30900,100,3800,"sd","10:46:53",530700
30900,100,500,"sd","10:46:53",526900
30900,100,400,"sd","10:46:53",526400
30900,100,300,"sd","10:46:53",526000
30900,100,100,"sd","10:46:19",525700
30900,100,3900,"sd","10:46:19",525600
30900,100,5000,"sd","10:45:48",521700
30900,100,1000,"sd","10:44:49",516700
30900,100,500,"sd","10:44:31",515700
30900,100,1000,"sd","10:44:22",515200
30900,100,400,"sd","10:44:18",514200
30900,100,400,"sd","10:44:18",513800
30900,100,200,"sd","10:44:18",513400
30900,100,200,"sd","10:43:17",513200
30950,150,100,"bu","10:42:01",513000
30950,150,200,"bu","10:40:18",512900
30900,100,5000,"bu","10:39:18",512700
30900,100,5500,"bu","10:39:18",507700
30900,100,100,"bu","10:39:18",502200
30850,50,700,"sd","10:38:58",502100
30850,50,500,"sd","10:38:47",501400
30850,50,5000,"sd","10:38:43",500900
30850,50,100,"sd","10:38:34",495900
30850,50,5800,"sd","10:38:20",495800
30850,50,1800,"sd","10:38:20",490000
30850,50,700,"sd","10:38:20",488200
30850,50,700,"sd","10:38:20",487500
30850,50,1000,"sd","10:38:20",486800
30850,50,4400,"sd","10:38:20",485800
30850,50,800,"sd","10:37:49",481400
30850,50,1000,"sd","10:37:49",480600
30850,50,11400,"sd","10:37:49",479600
30850,50,1200,"sd","10:37:49",468200
30850,50,100,"sd","10:37:43",467000
30850,50,10100,"sd","10:37:40",466900
30850,50,500,"sd","10:37:40",456800
30850,50,1000,"sd","10:37:40",456300
30850,50,500,"sd","10:37:40",455300
30850,50,1000,"sd","10:37:40",454800
30850,50,100,"sd","10:37:40",453800
30850,50,300,"sd","10:37:40",453700
30850,50,900,"sd","10:37:40",453400
30850,50,100,"sd","10:37:35",452500
30850,50,500,"sd","10:37:35",452400
30850,50,400,"sd","10:37:35",451900
30900,100,100,"bu","10:37:31",451500
30950,150,100,"bu","10:35:29",451400
30950,150,200,"bu","10:33:07",451300
30950,150,200,"bu","10:33:07",451100
30950,150,100,"bu","10:33:07",450900
30950,150,2500,"bu","10:33:07",450800
30950,150,2000,"bu","10:33:07",448300
30950,150,2600,"bu","10:31:54",446300
30900,100,3000,"bu","10:31:54",443700
30900,100,500,"bu","10:31:54",440700
30900,100,1000,"bu","10:31:54",440200
30900,100,4300,"bu","10:31:54",439200
30900,100,3700,"bu","10:31:49",434900
30900,100,500,"bu","10:31:49",431200
30900,100,800,"bu","10:31:49",430700
30850,50,400,"sd","10:31:13",429900
30850,50,3700,"sd","10:31:13",429500
30850,50,100,"sd","10:28:15",425800
30850,50,5000,"sd","10:27:50",425700
30850,50,1200,"sd","10:27:05",420700
30850,50,1800,"sd","10:27:05",419500
30900,100,100,"bu","10:26:44",417700
30850,50,100,"sd","10:25:47",417600
30900,100,100,"bu","10:24:29",417500
30850,50,100,"sd","10:23:58",417400
30800,0,900,"sd","10:22:13",417300
30800,0,100,"sd","10:22:13",416400
30800,0,1000,"sd","10:22:13",416300
30850,50,400,"sd","10:22:13",415300
30850,50,400,"sd","10:22:13",414900
30850,50,2000,"sd","10:22:13",414500
30850,50,4100,"sd","10:22:13",412500
30950,150,5000,"bu","10:21:25",408400
30950,150,500,"bu","10:21:25",403400
30950,150,100,"bu","10:21:25",402900
30950,150,900,"bu","10:21:25",402800
30950,150,3000,"bu","10:21:25",401900
30950,150,1900,"bu","10:21:25",398900
30900,100,500,"sd","10:21:24",397000
30900,100,400,"unknown","10:19:34",396500
30900,100,400,"unknown","10:19:34",396100
30900,100,300,"sd","10:19:34",395700
30900,100,100,"sd","10:19:34",395400
30950,150,700,"bu","10:18:54",395300
30950,150,100,"bu","10:18:54",394600
30950,150,200,"bu","10:18:54",394500
30950,150,800,"bu","10:17:56",394300
30950,150,500,"bu","10:17:56",393500
30950,150,1700,"bu","10:17:56",393000
30900,100,200,"sd","10:17:47",391300
30950,150,100,"bu","10:17:21",391100
30950,150,7200,"bu","10:17:14",391000
30950,150,500,"bu","10:15:57",383800
30950,150,7200,"bu","10:15:43",383300
30950,150,11400,"bu","10:15:23",376100
30950,150,1600,"bu","10:14:13",364700
30950,150,7200,"bu","10:14:04",363100
30950,150,11400,"bu","10:14:00",355900
30950,150,1700,"bu","10:13:56",344500
30950,150,100,"bu","10:13:56",342800
30950,150,3400,"bu","10:13:56",342700
30950,150,2000,"bu","10:13:56",339300
30950,150,100,"bu","10:13:56",337300
30950,150,700,"bu","10:13:51",337200
30950,150,1000,"bu","10:13:51",336500
30950,150,1100,"bu","10:13:51",335500
30900,100,200,"bu","10:13:51",334400
30900,100,5000,"bu","10:13:51",334200
30900,100,400,"bu","10:13:51",329200
30900,100,500,"bu","10:13:51",328800
30900,100,2500,"bu","10:13:51",328300
30900,100,1200,"bu","10:13:48",325800
30900,100,1000,"bu","10:13:48",324600
30900,100,500,"bu","10:13:48",323600
30900,100,4500,"bu","10:13:48",323100
30900,100,8800,"bu","10:13:46",318600
30900,100,11400,"bu","10:13:34",309800
30900,100,8300,"bu","10:13:33",298400
30900,100,11200,"bu","10:13:23",290100
30850,50,200,"bu","10:13:23",278900
30850,50,100,"bu","10:13:13",278700
30850,50,4700,"bu","10:13:05",278600
30850,50,300,"bu","10:13:05",273900
30850,50,300,"bu","10:13:05",273600
30850,50,5000,"bu","10:13:05",273300
30850,50,1100,"bu","10:13:05",268300
30850,50,200,"bu","10:11:36",267200
30800,0,900,"sd","10:10:57",267000
30800,0,300,"sd","10:10:57",266100
30800,0,500,"sd","10:10:57",265800
30800,0,300,"sd","10:10:57",265300
30800,0,700,"sd","10:10:10",265000
30800,0,100,"bu","10:10:05",264300
30800,0,100,"bu","10:09:39",264200
30800,0,200,"bu","10:09:35",264100
30800,0,3900,"sd","10:09:08",263900
30800,0,200,"sd","10:09:03",260000
30800,0,2100,"sd","10:06:57",259800
30800,0,3800,"bu","10:06:42",257700
30800,0,100,"bu","10:06:24",253900
30800,0,100,"bu","10:06:20",253800
30800,0,400,"bu","10:05:50",253700
30800,0,300,"sd","10:05:47",253300
30800,0,200,"sd","10:05:47",253000
30800,0,100,"sd","10:05:47",252800
30800,0,9900,"bu","10:05:16",252700
30800,0,100,"bu","10:05:04",242800
30800,0,100,"bu","10:04:51",242700
30800,0,100,"sd","10:04:26",242600
30800,0,1800,"sd","10:04:26",242500
30800,0,1000,"sd","10:04:24",240700
30800,0,16200,"sd","10:04:00",239700
30800,0,1100,"sd","10:04:00",223500
30800,0,3300,"sd","10:03:59",222400
30800,0,1600,"sd","10:03:59",219100
30800,0,10000,"sd","10:03:59",217500
30800,0,200,"sd","10:03:59",207500
30800,0,1000,"sd","10:03:59",207300
30800,0,200,"sd","10:03:59",206300
30800,0,100,"sd","10:03:59",206100
30800,0,100,"sd","10:03:59",206000
30800,0,100,"sd","10:03:59",205900
30800,0,600,"sd","10:03:59",205800
30800,0,900,"sd","10:03:59",205200
30800,0,300,"sd","10:03:59",204300
30800,0,300,"sd","10:03:59",204000
30800,0,1000,"sd","10:03:59",203700
30800,0,100,"sd","10:03:59",202700
30800,0,100,"sd","10:03:59",202600
30800,0,1300,"sd","10:03:59",202500
30800,0,500,"sd","10:03:46",201200
30800,0,100,"sd","10:02:21",200700
30800,0,8100,"sd","10:01:42",200600
30800,0,10000,"sd","10:01:42",192500
30800,0,600,"sd","10:01:42",182500
30800,0,1300,"sd","10:01:42",181900
30900,100,200,"bu","09:59:36",180600
30900,100,200,"bu","09:58:55",180400
30900,100,5400,"bu","09:58:43",180200
30900,100,500,"bu","09:58:43",174800
30900,100,100,"bu","09:58:43",174300
30900,100,1000,"bu","09:58:43",174200
30900,100,200,"bu","09:58:43",173200
30900,100,100,"bu","09:57:38",173000
30900,100,700,"bu","09:57:26",172900
30900,100,100,"bu","09:57:26",172200
30900,100,6400,"bu","09:57:26",172100
30900,100,400,"bu","09:56:27",165700
30800,0,100,"sd","09:56:23",165300
30900,100,100,"bu","09:55:15",165200
30800,0,600,"bu","09:53:29",165100
30800,0,2000,"sd","09:52:57",164500
30800,0,8000,"sd","09:52:57",162500
30800,0,2000,"bu","09:52:10",154500
30750,-50,1800,"sd","09:50:07",152500
30750,-50,200,"sd","09:50:07",150700
30800,0,1500,"sd","09:50:07",150500
30800,0,100,"bu","09:49:36",149000
30800,0,600,"bu","09:49:36",148900
30800,0,2800,"bu","09:49:36",148300
30800,0,100,"bu","09:47:23",145500
30750,-50,1800,"sd","09:46:42",145400
30750,-50,100,"sd","09:46:42",143600
30750,-50,100,"sd","09:46:42",143500
30750,-50,100,"sd","09:46:42",143400
30750,-50,100,"sd","09:46:42",143300
30750,-50,2800,"sd","09:46:42",143200
30750,-50,100,"sd","09:45:21",140400
30800,0,100,"bu","09:45:09",140300
30800,0,100,"bu","09:44:56",140200
30800,0,4000,"bu","09:44:47",140100
30800,0,100,"sd","09:44:42",136100
30800,0,5000,"sd","09:44:42",136000
30800,0,500,"sd","09:44:42",131000
30800,0,100,"sd","09:44:42",130500
30800,0,500,"sd","09:44:42",130400
30800,0,2000,"sd","09:44:42",129900
30800,0,100,"sd","09:44:42",127900
30800,0,1000,"sd","09:44:42",127800
30800,0,100,"sd","09:44:42",126800
30800,0,100,"sd","09:44:42",126700
30800,0,200,"sd","09:44:42",126600
30800,0,2000,"sd","09:44:42",126400
30800,0,200,"sd","09:44:42",124400
30800,0,100,"sd","09:44:42",124200
30800,0,500,"sd","09:44:42",124100
30800,0,1000,"sd","09:44:42",123600
30800,0,100,"sd","09:44:42",122600
30800,0,3000,"sd","09:44:42",122500
30800,0,100,"sd","09:44:42",119500
30800,0,1000,"sd","09:44:42",119400
30800,0,100,"sd","09:44:42",118400
30850,50,2900,"sd","09:44:42",118300
30850,50,2200,"sd","09:44:42",115400
30850,50,700,"sd","09:44:38",113200
30850,50,300,"sd","09:44:38",112500
30850,50,300,"sd","09:44:38",112200
30850,50,700,"sd","09:44:38",111900
30850,50,100,"sd","09:42:41",111200
30850,50,200,"sd","09:42:41",111100
30850,50,700,"sd","09:42:41",110900
30850,50,300,"sd","09:42:03",110200
30850,50,100,"sd","09:42:03",109900
30900,100,5000,"bu","09:41:08",109800
30850,50,100,"sd","09:40:32",104800
30850,50,200,"sd","09:40:32",104700
30850,50,100,"sd","09:40:32",104500
30850,50,200,"sd","09:40:32",104400
30850,50,200,"sd","09:40:32",104200
30850,50,100,"sd","09:40:32",104000
30850,50,100,"sd","09:40:32",103900
30900,100,200,"bu","09:40:24",103800
30900,100,500,"bu","09:39:33",103600
30900,100,100,"sd","09:37:47",103100
30900,100,600,"sd","09:37:47",103000
30900,100,11700,"sd","09:37:47",102400
30900,100,300,"sd","09:37:47",90700
30900,100,100,"bu","09:36:54",90400
30900,100,1500,"bu","09:36:54",90300
30900,100,6800,"bu","09:36:54",88800
30900,100,1300,"bu","09:36:54",82000
30900,100,5000,"bu","09:36:54",80700
30900,100,3300,"bu","09:36:54",75700
30900,100,100,"bu","09:36:19",72400
30850,50,300,"sd","09:36:15",72300
30900,100,3000,"bu","09:36:12",72000
30850,50,100,"sd","09:35:09",69000
30900,100,200,"bu","09:34:57",68900
30900,100,1400,"bu","09:34:50",68700
30900,100,100,"bu","09:34:50",67300
30900,100,1000,"bu","09:34:20",67200
30900,100,1800,"bu","09:34:05",66200
30900,100,100,"bu","09:33:21",64400
30850,50,200,"bu","09:32:01",64300
30900,100,800,"bu","09:31:57",64100
30850,50,100,"bu","09:31:57",63300
30850,50,200,"bu","09:31:22",63200
30800,0,100,"sd","09:31:02",63000
30800,0,300,"sd","09:31:02",62900
30800,0,100,"sd","09:31:02",62600
30800,0,200,"bu","09:30:16",62500
30800,0,3000,"bu","09:30:13",62300
30800,0,500,"bu","09:30:07",59300
30800,0,100,"bu","09:29:36",58800
30800,0,200,"bu","09:29:27",58700
30800,0,100,"sd","09:29:07",58500
30800,0,100,"sd","09:29:07",58400
30800,0,100,"sd","09:29:07",58300
30800,0,200,"sd","09:29:07",58200
30800,0,200,"sd","09:29:07",58000
30800,0,200,"sd","09:29:07",57800
30800,0,100,"sd","09:29:07",57600
30800,0,300,"sd","09:28:26",57500
30800,0,100,"sd","09:28:26",57200
30800,0,200,"sd","09:28:26",57100
30800,0,100,"sd","09:27:25",56900
30800,0,100,"sd","09:27:23",56800
30800,0,500,"bu","09:27:21",56700
30800,0,400,"bu","09:27:21",56200
30800,0,200,"bu","09:27:09",55800
30750,-50,500,"sd","09:26:00",55600
30800,0,3000,"bu","09:25:48",55100
30800,0,1000,"bu","09:25:20",52100
30800,0,300,"bu","09:25:06",51100
30800,0,300,"bu","09:25:03",50800
30800,0,500,"bu","09:24:51",50500
30800,0,4200,"bu","09:24:43",50000
30800,0,800,"bu","09:24:43",45800
30800,0,100,"bu","09:24:38",45000
30800,0,1000,"bu","09:24:18",44900
30800,0,200,"bu","09:24:18",43900
30800,0,100,"bu","09:23:59",43700
30800,0,100,"bu","09:23:47",43600
30800,0,300,"bu","09:23:39",43500
30800,0,100,"bu","09:23:30",43200
30800,0,1300,"bu","09:23:04",43100
30800,0,700,"bu","09:23:04",41800
30800,0,100,"bu","09:22:52",41100
30800,0,900,"bu","09:22:52",41000
30800,0,100,"bu","09:22:32",40100
30800,0,500,"bu","09:22:26",40000
30800,0,200,"bu","09:22:22",39500
30800,0,500,"bu","09:22:15",39300
30800,0,500,"bu","09:22:15",38800
30800,0,100,"bu","09:22:05",38300
30800,0,1000,"bu","09:22:01",38200
30800,0,1000,"bu","09:21:59",37200
30800,0,1000,"bu","09:21:55",36200
30800,0,200,"bu","09:21:48",35200
30800,0,100,"bu","09:21:30",35000
30750,-50,600,"sd","09:20:25",34900
30750,-50,1000,"sd","09:20:09",34300
30750,-50,100,"sd","09:20:09",33300
30750,-50,100,"sd","09:19:37",33200
30750,-50,100,"sd","09:19:37",33100
30800,0,200,"bu","09:17:51",33000
30800,0,100,"bu","09:17:48",32800
30800,0,800,"bu","09:17:36",32700
30800,0,3800,"bu","09:17:09",31900
30800,0,500,"bu","09:16:38",28100
30800,0,300,"bu","09:16:12",27600
30800,0,100,"bu","09:16:08",27300
30800,0,100,"bu","09:16:05",27200
30800,0,100,"sd","09:16:04",27100
30800,0,300,"sd","09:16:04",27000
30800,0,2000,"sd","09:16:04",26700
30800,0,500,"sd","09:16:04",24700
30800,0,100,"sd","09:16:04",24200
30800,0,100,"sd","09:16:04",24100
30800,0,100,"sd","09:16:04",24000
30800,0,2000,"sd","09:16:04",23900
30800,0,500,"sd","09:16:04",21900
30800,0,500,"sd","09:16:04",21400
30800,0,500,"sd","09:16:04",20900
30800,0,400,"sd","09:16:04",20400
30850,50,100,"sd","09:15:48",20000
30850,50,200,"sd","09:15:48",19900
30900,100,5000,"bu","09:15:29",19700
30900,100,14700,"bu","09:15:03",14700
