"price","change","match_qtty","side","time","total_vol"
43800,350,78000,"unknown","14:45:02",1829400
44400,950,1000,"bu","14:29:54",1751400
44400,950,100,"bu","14:29:48",1750400
44450,1000,1100,"bu","14:29:17",1750300
44450,1000,300,"bu","14:29:16",1749200
44450,1000,100,"bu","14:29:16",1748900
44450,1000,400,"bu","14:29:16",1748800
44400,950,100,"bu","14:29:16",1748400
44400,950,200,"bu","14:29:16",1748300
44400,950,1700,"bu","14:29:13",1748100
44300,850,100,"bu","14:29:13",1746400
44300,850,900,"sd","14:29:13",1746300
44400,950,100,"bu","14:29:11",1745400
44400,950,100,"bu","14:29:10",1745300
44300,850,600,"sd","14:29:06",1745200
44300,850,300,"sd","14:29:05",1744600
44300,850,100,"sd","14:29:05",1744300
44400,950,500,"sd","14:28:57",1744200
44400,950,400,"sd","14:28:57",1743700
44450,1000,100,"bu","14:28:55",1743300
44450,1000,200,"bu","14:28:16",1743200
44450,1000,200,"bu","14:28:14",1743000
44400,950,600,"sd","14:28:13",1742800
44400,950,200,"sd","14:28:13",1742200
44400,950,11500,"sd","14:28:13",1742000
44450,1000,200,"bu","14:28:09",1730500
44450,1000,200,"bu","14:28:09",1730300
44400,950,500,"bu","14:28:00",1730100
44400,950,3000,"bu","14:28:00",1729600
44400,950,1000,"bu","14:27:54",1726600
44400,950,1000,"bu","14:27:51",1725600
44450,1000,600,"bu","14:27:47",1724600
44400,950,400,"bu","14:27:30",1724000
44400,950,100,"bu","14:27:09",1723600
44300,850,100,"sd","14:27:01",1723500
44300,850,9800,"sd","14:27:00",1723400
44400,950,200,"sd","14:27:00",1713600
44400,950,100,"bu","14:26:59",1713400
44400,950,100,"bu","14:26:59",1713300
44300,850,1000,"bu","14:26:50",1713200
44300,850,500,"bu","14:26:50",1712200
44300,850,1400,"bu","14:26:43",1711700
44300,850,3000,"bu","14:26:43",1710300
44300,850,1100,"bu","14:26:43",1707300
44300,850,2000,"bu","14:26:26",1706200
44300,850,100,"bu","14:26:26",1704200
44300,850,1100,"bu","14:26:04",1704100
44300,850,100,"bu","14:25:48",1703000
44300,850,100,"bu","14:25:37",1702900
44300,850,500,"bu","14:25:29",1702800
44200,750,1000,"sd","14:25:10",1702300
44200,750,100,"sd","14:25:10",1701300
44200,750,300,"bu","14:25:10",1701200
44200,750,100,"bu","14:25:10",1700900
44200,750,100,"bu","14:25:10",1700800
44150,700,100,"bu","14:24:35",1700700
44150,700,100,"bu","14:24:20",1700600
44000,550,300,"sd","14:23:56",1700500
44000,550,200,"bu","14:23:43",1700200
44000,550,100,"bu","14:23:43",1700000
43950,500,200,"bu","14:23:43",1699900
43950,500,100,"bu","14:23:31",1699700
43950,500,200,"sd","14:23:29",1699600
44000,550,100,"bu","14:23:22",1699400
44000,550,900,"bu","14:23:22",1699300
44000,550,2000,"bu","14:23:21",1698400
44000,550,100,"bu","14:22:57",1696400
43900,450,1000,"sd","14:22:55",1696300
44000,550,100,"bu","14:22:55",1695300
43900,450,400,"bu","14:22:41",1695200
43850,400,400,"sd","14:22:40",1694800
43850,400,100,"sd","14:22:40",1694400
43850,400,200,"sd","14:22:40",1694300
43900,450,500,"bu","14:22:39",1694100
43900,450,200,"bu","14:22:37",1693600
43900,450,100,"bu","14:22:36",1693400
43900,450,1000,"sd","14:22:26",1693300
43900,450,1200,"sd","14:22:26",1692300
43900,450,100,"sd","14:22:26",1691100
43900,450,1000,"sd","14:22:26",1691000
43900,450,500,"sd","14:22:26",1690000
44000,550,300,"bu","14:22:24",1689500
44000,550,200,"bu","14:22:11",1689200
43900,450,1900,"sd","14:22:07",1689000
43950,500,300,"sd","14:22:07",1687100
43900,450,7300,"bu","14:21:46",1686800
43850,400,300,"sd","14:21:25",1679500
43900,450,2700,"sd","14:21:15",1679200
43900,450,17300,"sd","14:21:06",1676500
43900,450,100,"sd","14:21:06",1659200
43900,450,1000,"sd","14:21:06",1659100
43900,450,300,"sd","14:21:06",1658100
43900,450,500,"sd","14:21:06",1657800
43900,450,200,"sd","14:21:06",1657300
43900,450,100,"sd","14:21:06",1657100
44000,550,200,"sd","14:21:06",1657000
44000,550,1400,"sd","14:21:06",1656800
44000,550,2500,"sd","14:21:06",1655400
44000,550,300,"sd","14:21:06",1652900
44000,550,100,"sd","14:21:06",1652600
44000,550,1000,"sd","14:21:06",1652500
44000,550,400,"sd","14:20:16",1651500
44000,550,300,"sd","14:20:16",1651100
44150,700,300,"sd","14:20:16",1650800
44000,550,400,"sd","14:20:04",1650500
44000,550,400,"sd","14:20:03",1650100
44000,550,1000,"sd","14:20:03",1649700
44000,550,100,"sd","14:20:03",1648700
44050,600,100,"sd","14:20:03",1648600
44050,600,1000,"sd","14:20:03",1648500
44050,600,100,"sd","14:20:03",1647500
44050,600,400,"sd","14:20:03",1647400
44100,650,300,"sd","14:20:03",1647000
44100,650,100,"sd","14:20:03",1646700
44150,700,500,"sd","14:20:03",1646600
44150,700,600,"sd","14:20:03",1646100
44150,700,100,"sd","14:20:01",1645500
44150,700,400,"sd","14:20:01",1645400
44150,700,500,"sd","14:19:45",1645000
44150,700,200,"sd","14:19:31",1644500
44150,700,100,"sd","14:19:31",1644300
44150,700,100,"sd","14:19:00",1644200
44150,700,100,"sd","14:19:00",1644100
44150,700,200,"sd","14:19:00",1644000
44150,700,100,"sd","14:19:00",1643800
44150,700,300,"sd","14:18:05",1643700
44150,700,1700,"sd","14:18:05",1643400
44150,700,1200,"bu","14:17:59",1641700
44150,700,400,"bu","14:17:47",1640500
44150,700,600,"sd","14:17:43",1640100
44150,700,700,"sd","14:17:34",1639500
44150,700,2500,"bu","14:17:31",1638800
44100,650,1400,"sd","14:17:22",1636300
44100,650,400,"sd","14:17:22",1634900
44150,700,100,"bu","14:17:18",1634500
44150,700,500,"bu","14:17:15",1634400
44100,650,100,"sd","14:17:11",1633900
44100,650,100,"sd","14:16:36",1633800
44150,700,100,"bu","14:16:35",1633700
44150,700,200,"bu","14:16:33",1633600
44150,700,800,"sd","14:16:26",1633400
44150,700,100,"sd","14:16:26",1632600
44150,700,100,"sd","14:16:26",1632500
44150,700,3800,"sd","14:16:26",1632400
44200,750,1800,"sd","14:16:26",1628600
44200,750,100,"bu","14:16:19",1626800
44200,750,100,"bu","14:16:19",1626700
44200,750,300,"sd","14:16:00",1626600
44300,850,500,"bu","14:15:28",1626300
44300,850,100,"sd","14:15:23",1625800
44300,850,400,"sd","14:15:23",1625700
44300,850,300,"sd","14:15:23",1625300
44300,850,500,"sd","14:15:23",1625000
44450,1000,100,"bu","14:15:18",1624500
44300,850,400,"sd","14:14:54",1624400
44300,850,100,"sd","14:14:54",1624000
44400,950,100,"sd","14:14:54",1623900
44300,850,100,"sd","14:14:19",1623800
44300,850,200,"sd","14:14:19",1623700
44300,850,100,"bu","14:13:09",1623500
44300,850,100,"bu","14:12:58",1623400
44300,850,200,"bu","14:12:58",1623300
44200,750,200,"sd","14:12:47",1623100
44200,750,100,"sd","14:12:47",1622900
44150,700,5800,"bu","14:12:02",1622800
44150,700,400,"bu","14:12:02",1617000
44150,700,800,"bu","14:11:52",1616600
44150,700,4400,"bu","14:11:35",1615800
44100,650,400,"sd","14:11:34",1611400
44100,650,100,"sd","14:11:34",1611000
44100,650,100,"sd","14:11:34",1610900
44100,650,100,"sd","14:11:34",1610800
44100,650,200,"sd","14:11:34",1610700
44150,700,400,"sd","14:11:12",1610500
44150,700,100,"sd","14:11:12",1610100
44150,700,400,"sd","14:11:12",1610000
44200,750,1100,"sd","14:11:12",1609600
44200,750,200,"sd","14:11:05",1608500
44150,700,200,"sd","14:11:00",1608300
44150,700,100,"sd","14:10:57",1608100
44150,700,400,"sd","14:10:49",1608000
44150,700,100,"sd","14:10:42",1607600
44150,700,100,"sd","14:10:20",1607500
44150,700,100,"sd","14:10:20",1607400
44200,750,100,"sd","14:10:14",1607300
44200,750,100,"sd","14:10:04",1607200
44200,750,100,"sd","14:10:04",1607100
44250,800,100,"sd","14:10:04",1607000
44250,800,100,"sd","14:10:04",1606900
44350,900,1000,"bu","14:10:04",1606800
44300,850,200,"sd","14:09:57",1605800
44300,850,1000,"sd","14:09:53",1605600
44350,900,100,"sd","14:09:47",1604600
44400,950,1400,"bu","14:09:32",1604500
44400,950,700,"bu","14:09:32",1603100
44400,950,700,"sd","14:09:25",1602400
44500,1050,100,"sd","14:09:25",1601700
44400,950,100,"sd","14:09:17",1601600
44400,950,100,"bu","14:09:13",1601500
44500,1050,100,"sd","14:08:56",1601400
44600,1150,300,"sd","14:08:56",1601300
44700,1250,300,"sd","14:08:56",1601000
44700,1250,100,"sd","14:08:56",1600700
44800,1350,200,"sd","14:08:42",1600600
44800,1350,200,"sd","14:08:42",1600400
44800,1350,1400,"sd","14:08:42",1600200
44800,1350,2000,"sd","14:08:34",1598800
44900,1450,500,"bu","14:07:21",1596800
44900,1450,3000,"sd","14:07:07",1596300
44900,1450,600,"sd","14:07:07",1593300
44900,1450,1000,"sd","14:07:07",1592700
44900,1450,2600,"sd","14:07:07",1591700
44900,1450,6000,"sd","14:07:06",1589100
44900,1450,1100,"sd","14:07:02",1583100
44900,1450,200,"sd","14:07:00",1582000
44900,1450,200,"sd","14:06:59",1581800
44900,1450,500,"sd","14:06:57",1581600
44900,1450,500,"sd","14:06:57",1581100
44900,1450,1000,"sd","14:06:47",1580600
44900,1450,6300,"sd","14:06:45",1579600
44900,1450,500,"sd","14:06:31",1573300
44900,1450,100,"sd","14:06:18",1572800
44950,1500,100,"bu","14:06:16",1572700
44950,1500,400,"bu","14:06:16",1572600
44950,1500,1600,"bu","14:05:41",1572200
44950,1500,100,"bu","14:05:41",1570600
44950,1500,800,"bu","14:05:41",1570500
44900,1450,400,"sd","14:05:26",1569700
44950,1500,100,"bu","14:05:13",1569300
44900,1450,200,"sd","14:05:13",1569200
44950,1500,100,"bu","14:04:36",1569000
44950,1500,200,"bu","14:04:36",1568900
44900,1450,300,"sd","14:04:21",1568700
44900,1450,300,"sd","14:03:23",1568400
44900,1450,800,"sd","14:03:10",1568100
44950,1500,200,"bu","14:02:57",1567300
44950,1500,300,"bu","14:02:57",1567100
44950,1500,400,"bu","14:02:54",1566800
44950,1500,500,"bu","14:02:53",1566400
44950,1500,200,"bu","14:02:47",1565900
44950,1500,1300,"bu","14:02:44",1565700
44950,1500,2000,"bu","14:02:41",1564400
44950,1500,100,"bu","14:02:39",1562400
44950,1500,300,"bu","14:02:37",1562300
44900,1450,1000,"sd","14:02:37",1562000
44950,1500,2900,"bu","14:02:36",1561000
44950,1500,500,"bu","14:02:36",1558100
44950,1500,300,"bu","14:02:36",1557600
44950,1500,500,"bu","14:02:28",1557300
44950,1500,200,"bu","14:02:17",1556800
44950,1500,1000,"bu","14:02:05",1556600
44950,1500,5600,"bu","14:01:33",1555600
44800,1350,100,"sd","14:01:27",1550000
44800,1350,700,"sd","14:01:10",1549900
44950,1500,1400,"bu","14:00:38",1549200
44950,1500,500,"sd","14:00:31",1547800
44950,1500,100,"sd","14:00:30",1547300
44950,1500,400,"bu","14:00:23",1547200
44950,1500,100,"sd","14:00:19",1546800
44950,1500,3000,"bu","14:00:13",1546700
44950,1500,500,"bu","14:00:13",1543700
44950,1500,500,"bu","14:00:13",1543200
44950,1500,500,"bu","14:00:03",1542700
44950,1500,500,"bu","14:00:00",1542200
44950,1500,500,"bu","14:00:00",1541700
44950,1500,500,"unknown","13:59:53",1541200
44950,1500,500,"sd","13:59:53",1540700
45000,1550,500,"bu","13:59:49",1540200
45000,1550,500,"bu","13:59:23",1539700
44950,1500,1000,"bu","13:58:57",1539200
44950,1500,1000,"bu","13:58:57",1538200
44950,1500,100,"bu","13:58:55",1537200
44950,1500,100,"bu","13:58:55",1537100
44850,1400,100,"sd","13:58:50",1537000
44850,1400,1000,"sd","13:58:50",1536900
44850,1400,100,"sd","13:58:50",1535900
44800,1350,500,"bu","13:58:47",1535800
44800,1350,500,"bu","13:58:47",1535300
44800,1350,100,"bu","13:58:47",1534800
44800,1350,500,"bu","13:58:47",1534700
44700,1250,500,"bu","13:58:20",1534200
44450,1000,200,"bu","13:57:17",1533700
44400,950,1700,"bu","13:57:06",1533500
44400,950,300,"bu","13:57:00",1531800
44400,950,500,"bu","13:56:49",1531500
44400,950,1800,"bu","13:56:49",1531000
44400,950,1000,"bu","13:56:49",1529200
44400,950,8900,"bu","13:56:46",1528200
44400,950,500,"bu","13:56:46",1519300
44400,950,1000,"bu","13:56:40",1518800
44300,850,100,"sd","13:56:27",1517800
44350,900,100,"sd","13:56:27",1517700
44350,900,200,"bu","13:56:16",1517600
44300,850,2000,"bu","13:56:14",1517400
44300,850,100,"bu","13:56:14",1515400
44250,800,100,"sd","13:56:14",1515300
44250,800,100,"sd","13:56:13",1515200
44250,800,200,"sd","13:56:07",1515100
44250,800,200,"sd","13:56:07",1514900
44300,850,5800,"bu","13:56:01",1514700
44300,850,1000,"sd","13:55:50",1508900
44300,850,200,"sd","13:55:50",1507900
44300,850,500,"sd","13:55:50",1507700
44400,950,100,"bu","13:55:43",1507200
44400,950,1000,"sd","13:55:27",1507100
44450,1000,100,"sd","13:55:21",1506100
44500,1050,100,"bu","13:55:18",1506000
44500,1050,100,"bu","13:54:52",1505900
44500,1050,1300,"bu","13:54:50",1505800
44500,1050,500,"sd","13:54:29",1504500
44500,1050,500,"sd","13:54:29",1504000
44500,1050,400,"sd","13:54:29",1503500
44500,1050,900,"sd","13:54:29",1503100
44500,1050,1000,"sd","13:54:29",1502200
44600,1150,1000,"sd","13:54:29",1501200
44600,1150,200,"sd","13:54:29",1500200
44600,1150,400,"sd","13:54:29",1500000
44600,1150,2600,"sd","13:54:29",1499600
44600,1150,200,"sd","13:54:26",1497000
44600,1150,200,"sd","13:54:17",1496800
44700,1250,700,"sd","13:54:17",1496600
44800,1350,100,"bu","13:54:05",1495900
44800,1350,200,"bu","13:54:05",1495800
44700,1250,200,"sd","13:54:04",1495600
44700,1250,100,"sd","13:54:04",1495400
44800,1350,100,"bu","13:53:14",1495300
44700,1250,100,"sd","13:53:01",1495200
44800,1350,600,"bu","13:52:56",1495100
44800,1350,100,"sd","13:52:46",1494500
44900,1450,100,"bu","13:52:38",1494400
44950,1500,1400,"bu","13:51:44",1494300
44950,1500,100,"bu","13:51:44",1492900
44950,1500,1000,"bu","13:51:44",1492800
44950,1500,100,"bu","13:51:21",1491800
44600,1150,900,"sd","13:51:17",1491700
44600,1150,6100,"sd","13:51:10",1490800
44700,1250,300,"sd","13:51:10",1484700
44700,1250,200,"sd","13:51:10",1484400
44800,1350,400,"sd","13:51:10",1484200
44800,1350,3000,"sd","13:51:10",1483800
44900,1450,300,"bu","13:51:09",1480800
44900,1450,500,"bu","13:51:09",1480500
44800,1350,200,"sd","13:50:35",1480000
44800,1350,300,"sd","13:50:35",1479800
44800,1350,500,"sd","13:50:35",1479500
44800,1350,900,"sd","13:50:35",1479000
44800,1350,100,"sd","13:50:13",1478100
44900,1450,600,"bu","13:49:51",1478000
44900,1450,100,"bu","13:49:47",1477400
44900,1450,200,"sd","13:49:37",1477300
44900,1450,100,"sd","13:49:37",1477100
44900,1450,200,"sd","13:49:35",1477000
44900,1450,200,"sd","13:49:29",1476800
44900,1450,100,"sd","13:49:29",1476600
44900,1450,200,"sd","13:49:26",1476500
44900,1450,900,"sd","13:49:17",1476300
44900,1450,100,"sd","13:49:09",1475400
44950,1500,900,"bu","13:48:53",1475300
44950,1500,100,"bu","13:48:53",1474400
45000,1550,100,"bu","13:48:01",1474300
45000,1550,900,"bu","13:47:58",1474200
45000,1550,500,"bu","13:47:58",1473300
45000,1550,200,"bu","13:47:58",1472800
45000,1550,100,"bu","13:47:58",1472600
45000,1550,300,"bu","13:47:58",1472500
44900,1450,900,"sd","13:47:55",1472200
45000,1550,200,"bu","13:47:39",1471300
44900,1450,800,"sd","13:47:39",1471100
44900,1450,200,"sd","13:47:39",1470300
45000,1550,100,"bu","13:47:30",1470100
45000,1550,2000,"bu","13:46:49",1470000
45000,1550,500,"bu","13:46:39",1468000
45000,1550,2100,"sd","13:46:35",1467500
45000,1550,100,"sd","13:46:33",1465400
45000,1550,2000,"bu","13:46:25",1465300
45000,1550,1400,"bu","13:46:25",1463300
45000,1550,300,"bu","13:46:25",1461900
45000,1550,500,"bu","13:46:25",1461600
45000,1550,100,"bu","13:46:25",1461100
45000,1550,8500,"bu","13:46:25",1461000
45000,1550,900,"bu","13:46:22",1452500
45000,1550,600,"bu","13:46:05",1451600
45000,1550,1000,"bu","13:46:05",1451000
45000,1550,1200,"bu","13:46:05",1450000
44900,1450,200,"bu","13:46:05",1448800
44900,1450,500,"bu","13:46:05",1448600
44900,1450,5400,"bu","13:46:05",1448100
44800,1350,200,"bu","13:46:05",1442700
44800,1350,900,"bu","13:46:05",1442500
44800,1350,200,"bu","13:46:01",1441600
44700,1250,100,"sd","13:45:52",1441400
44700,1250,100,"sd","13:45:50",1441300
44700,1250,3500,"sd","13:45:43",1441200
44700,1250,200,"sd","13:45:43",1437700
44700,1250,300,"sd","13:45:43",1437500
44900,1450,300,"sd","13:45:13",1437200
44900,1450,4300,"sd","13:45:13",1436900
44900,1450,500,"sd","13:45:13",1432600
44900,1450,200,"sd","13:45:12",1432100
44900,1450,700,"sd","13:45:07",1431900
44900,1450,1000,"sd","13:44:50",1431200
44900,1450,300,"sd","13:44:47",1430200
44900,1450,2700,"sd","13:44:47",1429900
45000,1550,300,"bu","13:44:46",1427200
45000,1550,300,"bu","13:44:38",1426900
45000,1550,100,"bu","13:44:34",1426600
45000,1550,100,"bu","13:44:27",1426500
45000,1550,1000,"bu","13:44:26",1426400
45000,1550,500,"bu","13:44:26",1425400
45000,1550,100,"bu","13:44:26",1424900
45000,1550,400,"bu","13:44:26",1424800
45000,1550,100,"bu","13:44:19",1424400
45000,1550,1800,"bu","13:44:06",1424300
44900,1450,400,"sd","13:43:58",1422500
45000,1550,1000,"bu","13:43:57",1422100
45000,1550,200,"bu","13:43:50",1421100
44900,1450,1200,"bu","13:43:42",1420900
44900,1450,600,"sd","13:43:39",1419700
44900,1450,900,"sd","13:43:39",1419100
44900,1450,1300,"sd","13:43:36",1418200
44900,1450,1500,"sd","13:43:15",1416900
45000,1550,100,"sd","13:43:15",1415400
45000,1550,500,"sd","13:43:15",1415300
45000,1550,2900,"sd","13:43:15",1414800
45100,1650,500,"sd","13:43:11",1411900
45100,1650,200,"sd","13:43:11",1411400
45150,1700,100,"sd","13:42:49",1411200
45150,1700,900,"sd","13:42:46",1411100
45150,1700,1100,"sd","13:42:46",1410200
45150,1700,200,"sd","13:42:45",1409100
45150,1700,800,"sd","13:42:45",1408900
45200,1750,900,"bu","13:42:32",1408100
45150,1700,100,"bu","13:42:32",1407200
45150,1700,400,"bu","13:42:31",1407100
45150,1700,100,"bu","13:42:31",1406700
45150,1700,400,"sd","13:42:20",1406600
45150,1700,100,"sd","13:42:19",1406200
45200,1750,600,"bu","13:42:18",1406100
45200,1750,400,"bu","13:42:18",1405500
45200,1750,1300,"bu","13:42:13",1405100
45200,1750,1000,"bu","13:42:13",1403800
45200,1750,100,"bu","13:42:13",1402800
45150,1700,500,"sd","13:42:13",1402700
45150,1700,500,"sd","13:42:13",1402200
45150,1700,600,"bu","13:42:03",1401700
45150,1700,400,"bu","13:42:03",1401100
45150,1700,100,"bu","13:42:03",1400700
45050,1600,100,"bu","13:41:46",1400600
45050,1600,100,"bu","13:41:46",1400500
45000,1550,200,"sd","13:41:43",1400400
45000,1550,100,"sd","13:41:42",1400200
45000,1550,1000,"bu","13:41:41",1400100
45000,1550,100,"bu","13:41:41",1399100
45000,1550,100,"bu","13:41:41",1399000
45000,1550,500,"bu","13:41:41",1398900
45000,1550,200,"bu","13:41:41",1398400
45000,1550,300,"bu","13:41:41",1398200
45000,1550,300,"bu","13:41:41",1397900
45000,1550,300,"bu","13:41:41",1397600
45000,1550,300,"bu","13:41:41",1397300
45000,1550,300,"bu","13:41:41",1397000
45000,1550,100,"bu","13:41:41",1396700
45000,1550,300,"bu","13:41:41",1396600
45000,1550,400,"bu","13:41:41",1396300
45000,1550,100,"bu","13:41:41",1395900
45000,1550,500,"bu","13:41:41",1395800
45000,1550,100,"bu","13:41:41",1395300
45000,1550,300,"bu","13:41:41",1395200
45000,1550,500,"bu","13:41:41",1394900
45000,1550,500,"bu","13:41:41",1394400
45000,1550,200,"bu","13:41:41",1393900
45000,1550,100,"bu","13:41:41",1393700
45000,1550,1100,"bu","13:41:39",1393600
45000,1550,200,"bu","13:41:39",1392500
45000,1550,1600,"bu","13:41:39",1392300
45000,1550,1000,"bu","13:41:39",1390700
45000,1550,100,"bu","13:41:39",1389700
45000,1550,100,"bu","13:41:39",1389600
45000,1550,10000,"bu","13:41:39",1389500
45000,1550,100,"bu","13:41:39",1379500
45000,1550,200,"bu","13:41:39",1379400
45000,1550,4000,"bu","13:41:39",1379200
45000,1550,500,"bu","13:41:39",1375200
45000,1550,100,"bu","13:41:39",1374700
45000,1550,1000,"bu","13:41:39",1374600
45000,1550,500,"bu","13:41:39",1373600
45000,1550,500,"bu","13:41:36",1373100
45000,1550,700,"bu","13:41:34",1372600
45000,1550,800,"bu","13:41:33",1371900
45000,1550,300,"bu","13:41:31",1371100
45000,1550,1000,"bu","13:41:31",1370800
45000,1550,300,"bu","13:41:31",1369800
45000,1550,100,"bu","13:41:31",1369500
45000,1550,2000,"bu","13:41:31",1369400
45000,1550,100,"bu","13:41:31",1367400
45000,1550,400,"bu","13:41:31",1367300
45000,1550,1000,"bu","13:41:31",1366900
45000,1550,100,"bu","13:41:31",1365900
45000,1550,2000,"bu","13:41:31",1365800
45000,1550,1300,"bu","13:41:31",1363800
45000,1550,500,"bu","13:41:31",1362500
45000,1550,900,"bu","13:41:31",1362000
45000,1550,100,"bu","13:41:30",1361100
45000,1550,200,"bu","13:41:26",1361000
45000,1550,800,"bu","13:41:21",1360800
45000,1550,1000,"bu","13:41:21",1360000
45000,1550,500,"bu","13:41:21",1359000
45000,1550,100,"bu","13:41:21",1358500
45000,1550,600,"bu","13:41:21",1358400
44950,1500,200,"sd","13:41:20",1357800
44950,1500,500,"sd","13:41:20",1357600
45000,1550,300,"bu","13:41:19",1357100
44950,1500,200,"sd","13:41:08",1356800
44950,1500,100,"bu","13:41:03",1356600
44950,1500,200,"bu","13:41:03",1356500
44950,1500,500,"bu","13:41:03",1356300
45000,1550,800,"bu","13:41:00",1355800
44950,1500,1000,"bu","13:41:00",1355000
44950,1500,500,"bu","13:40:59",1354000
44950,1500,900,"bu","13:40:53",1353500
44950,1500,2800,"bu","13:40:49",1352600
44950,1500,800,"bu","13:40:46",1349800
44950,1500,100,"bu","13:40:46",1349000
44950,1500,100,"bu","13:40:46",1348900
44950,1500,100,"bu","13:40:46",1348800
44950,1500,100,"bu","13:40:44",1348700
44950,1500,300,"bu","13:40:43",1348600
44950,1500,500,"bu","13:40:42",1348300
44900,1450,100,"sd","13:40:38",1347800
44900,1450,1200,"bu","13:40:34",1347700
44900,1450,100,"bu","13:40:34",1346500
44800,1350,100,"bu","13:40:34",1346400
44800,1350,100,"bu","13:40:34",1346300
44800,1350,100,"bu","13:40:34",1346200
44800,1350,100,"bu","13:40:34",1346100
44800,1350,500,"bu","13:40:34",1346000
44800,1350,1400,"bu","13:40:32",1345500
44750,1300,1000,"sd","13:40:24",1344100
44800,1350,100,"bu","13:40:22",1343100
44800,1350,100,"bu","13:40:22",1343000
44800,1350,300,"bu","13:40:22",1342900
44700,1250,200,"sd","13:40:10",1342600
44700,1250,100,"sd","13:40:03",1342400
44750,1300,100,"bu","13:40:02",1341600
44750,1300,700,"bu","13:40:02",1342300
44700,1250,100,"bu","13:40:00",1341500
44700,1250,200,"bu","13:39:52",1341400
44700,1250,100,"bu","13:39:52",1341200
44700,1250,100,"bu","13:39:52",1341100
44700,1250,200,"bu","13:39:52",1341000
44700,1250,300,"bu","13:39:52",1340800
44700,1250,100,"bu","13:39:52",1340500
44700,1250,100,"bu","13:39:51",1340400
44700,1250,100,"bu","13:39:51",1340300
44700,1250,500,"bu","13:39:46",1340200
44700,1250,100,"bu","13:39:44",1339700
44700,1250,100,"bu","13:39:39",1339600
44600,1150,200,"sd","13:39:34",1339500
44650,1200,100,"bu","13:39:33",1339300
44650,1200,200,"bu","13:39:33",1339200
44650,1200,700,"bu","13:39:33",1339000
44500,1050,500,"sd","13:39:13",1338300
44650,1200,300,"bu","13:39:12",1337800
44650,1200,100,"bu","13:39:12",1337500
44600,1150,100,"bu","13:39:12",1337400
44600,1150,500,"bu","13:39:12",1337300
44600,1150,1000,"bu","13:39:12",1336800
44600,1150,1000,"bu","13:39:12",1335800
44600,1150,1000,"bu","13:39:12",1334800
44600,1150,2000,"bu","13:39:12",1333800
44600,1150,100,"bu","13:39:12",1331800
44600,1150,3000,"bu","13:39:12",1331700
44600,1150,900,"bu","13:39:12",1328700
44500,1050,3000,"sd","13:39:08",1327800
44500,1050,100,"bu","13:39:08",1324800
44500,1050,200,"bu","13:39:08",1324700
44500,1050,1100,"bu","13:39:04",1324500
44500,1050,400,"bu","13:39:04",1323400
44500,1050,600,"bu","13:39:04",1323000
44500,1050,800,"bu","13:39:04",1322400
44500,1050,200,"bu","13:39:04",1321600
44500,1050,1000,"bu","13:39:04",1321400
44500,1050,100,"bu","13:39:04",1320400
44500,1050,200,"bu","13:39:04",1320300
44500,1050,100,"bu","13:39:04",1320100
44500,1050,100,"bu","13:39:02",1320000
44500,1050,1600,"bu","13:39:02",1319900
44450,1000,300,"bu","13:39:02",1318300
44500,1050,8400,"bu","13:38:57",1318000
44500,1050,1600,"bu","13:38:57",1309600
44500,1050,3400,"bu","13:38:28",1308000
44500,1050,300,"bu","13:38:28",1304600
44500,1050,100,"bu","13:38:28",1304300
44500,1050,2000,"bu","13:38:28",1304200
44500,1050,3000,"bu","13:38:28",1302200
44500,1050,100,"bu","13:38:28",1299200
44500,1050,100,"bu","13:38:28",1299100
44500,1050,300,"bu","13:38:28",1299000
44500,1050,200,"bu","13:38:28",1298700
44450,1000,500,"bu","13:38:28",1298500
44500,1050,300,"bu","13:38:23",1298000
44500,1050,1100,"bu","13:38:23",1297700
44500,1050,1900,"bu","13:38:22",1296600
44500,1050,100,"bu","13:38:22",1294700
44500,1050,3800,"bu","13:38:22",1294600
44500,1050,200,"bu","13:38:22",1290800
44500,1050,1000,"bu","13:38:22",1290600
44500,1050,400,"bu","13:38:22",1289600
44500,1050,600,"bu","13:38:15",1289200
44500,1050,9400,"bu","13:38:15",1288600
44450,1000,300,"bu","13:37:59",1279200
44450,1000,100,"bu","13:37:59",1278900
44450,1000,300,"bu","13:37:59",1278800
44450,1000,100,"bu","13:37:59",1278500
44450,1000,400,"bu","13:37:59",1278400
44450,1000,2400,"bu","13:37:48",1278000
44400,950,400,"bu","13:37:48",1275600
44400,950,200,"bu","13:37:48",1275200
44450,1000,800,"bu","13:37:35",1275000
44400,950,200,"bu","13:37:35",1274200
44400,950,300,"sd","13:37:32",1274000
44400,950,300,"sd","13:37:17",1273700
44450,1000,100,"bu","13:37:05",1273400
44450,1000,100,"bu","13:37:05",1273300
44400,950,400,"bu","13:36:53",1273200
44400,950,4600,"bu","13:36:50",1272800
44400,950,100,"bu","13:36:50",1268200
44400,950,200,"bu","13:36:50",1268100
44400,950,100,"bu","13:36:50",1267900
44300,850,400,"sd","13:36:45",1267800
44300,850,100,"bu","13:36:41",1267400
44250,800,200,"bu","13:36:22",1267300
44250,800,100,"bu","13:36:22",1267100
44250,800,300,"bu","13:36:22",1267000
44250,800,500,"bu","13:36:22",1266700
44250,800,100,"bu","13:36:22",1266200
44200,750,500,"bu","13:36:17",1266100
44200,750,900,"bu","13:36:17",1265600
44200,750,5000,"bu","13:36:10",1264700
44200,750,4100,"bu","13:36:08",1259700
44150,700,100,"bu","13:36:08",1255600
44150,700,800,"bu","13:36:08",1255500
44150,700,300,"bu","13:35:57",1254700
44150,700,1000,"bu","13:35:57",1254400
44150,700,300,"bu","13:35:57",1253400
44150,700,100,"bu","13:35:57",1253100
44150,700,100,"bu","13:35:57",1253000
44100,650,2000,"unknown","13:35:57",1252900
44150,700,1200,"bu","13:35:57",1250900
44150,700,5000,"bu","13:35:57",1249700
44050,600,100,"sd","13:35:53",1244700
44050,600,100,"sd","13:35:13",1244600
44050,600,100,"sd","13:35:12",1244500
44000,550,100,"sd","13:34:19",1244400
44000,550,100,"sd","13:34:19",1244300
44000,550,100,"sd","13:34:19",1244200
44000,550,500,"sd","13:34:19",1244100
44150,700,100,"bu","13:32:49",1243600
44150,700,100,"bu","13:32:43",1243500
43950,500,200,"bu","13:32:29",1243400
44150,700,300,"bu","13:32:29",1243200
43950,500,300,"bu","13:32:29",1242900
43900,450,400,"bu","13:32:29",1242600
44150,700,800,"bu","13:32:29",1242200
44100,650,100,"bu","13:32:29",1241400
44050,600,500,"bu","13:32:29",1241300
44000,550,200,"bu","13:32:29",1240800
44000,550,600,"bu","13:32:29",1240600
44000,550,100,"bu","13:32:29",1240000
43900,450,100,"sd","13:32:27",1239900
43950,500,200,"bu","13:32:15",1239800
43800,350,400,"unknown","13:31:56",1239600
43800,350,3000,"unknown","13:31:56",1239200
43800,350,5000,"unknown","13:31:56",1236200
43800,350,1000,"unknown","13:31:56",1231200
43850,400,100,"sd","13:31:56",1230200
43850,400,500,"sd","13:31:56",1230100
43950,500,600,"sd","13:31:47",1229600
43950,500,400,"sd","13:31:47",1229000
43950,500,500,"bu","13:30:59",1228600
43950,500,1500,"bu","13:30:59",1228100
43950,500,2600,"bu","13:30:59",1226600
43850,400,5600,"sd","13:30:55",1224000
43850,400,500,"sd","13:30:44",1218400
43950,500,300,"sd","13:30:33",1217900
44000,550,500,"bu","13:30:26",1217600
44000,550,400,"unknown","13:30:25",1217100
44000,550,1000,"sd","13:30:24",1216700
44050,600,400,"sd","13:30:11",1215700
44000,550,1000,"sd","13:30:04",1215300
44000,550,1000,"sd","13:30:04",1214300
44050,600,400,"unknown","13:30:02",1213300
44050,600,100,"sd","13:29:53",1212900
44050,600,900,"sd","13:29:34",1212800
44050,600,200,"sd","13:29:34",1211900
44100,650,3000,"sd","13:29:20",1211700
44100,650,300,"sd","13:29:20",1208700
44150,700,400,"sd","13:29:14",1208400
44150,700,300,"sd","13:29:14",1208000
44150,700,300,"sd","13:28:56",1207700
44150,700,1000,"sd","13:28:48",1207400
44150,700,100,"sd","13:28:45",1206400
44150,700,300,"sd","13:28:41",1206300
44150,700,100,"sd","13:28:41",1206000
44150,700,200,"sd","13:28:18",1205900
44200,750,500,"sd","13:27:46",1205700
44200,750,300,"sd","13:27:46",1205200
44250,800,4000,"bu","13:27:28",1204900
44250,800,1600,"bu","13:27:13",1200900
44200,750,700,"bu","13:27:13",1199300
44200,750,700,"bu","13:27:13",1198600
44200,750,200,"sd","13:27:12",1197900
44200,750,100,"sd","13:27:12",1197700
44200,750,100,"sd","13:27:10",1197600
44200,750,100,"sd","13:27:10",1197500
44200,750,200,"sd","13:27:10",1197400
44200,750,200,"sd","13:27:04",1197200
44200,750,100,"sd","13:26:54",1197000
44250,800,200,"bu","13:26:52",1196900
44250,800,500,"bu","13:26:46",1196700
44200,750,100,"sd","13:26:45",1196200
44200,750,1000,"sd","13:26:39",1196100
44250,800,400,"sd","13:26:23",1195100
44300,850,400,"sd","13:26:10",1194700
44300,850,300,"sd","13:26:10",1194300
44300,850,100,"sd","13:26:03",1194000
44300,850,500,"sd","13:26:02",1193900
44400,950,400,"bu","13:25:40",1193400
44400,950,500,"sd","13:25:40",1193000
44450,1000,900,"bu","13:25:28",1192500
44450,1000,3400,"bu","13:25:19",1191600
44400,950,600,"bu","13:25:19",1188200
44400,950,1000,"bu","13:25:19",1187600
44500,1050,100,"bu","13:24:54",1186600
44250,800,200,"sd","13:24:52",1186500
44500,1050,100,"bu","13:24:45",1186300
44250,800,300,"sd","13:24:37",1186200
44250,800,100,"sd","13:24:37",1185900
44500,1050,100,"bu","13:24:33",1185800
44500,1050,300,"bu","13:24:19",1185700
44500,1050,700,"bu","13:24:19",1185400
44500,1050,300,"bu","13:24:14",1184700
44550,1100,300,"bu","13:24:03",1184400
44550,1100,300,"bu","13:24:03",1184100
44550,1100,200,"bu","13:24:03",1183800
44550,1100,100,"bu","13:24:03",1183600
44500,1050,100,"bu","13:24:03",1183500
44500,1050,1000,"bu","13:24:03",1183400
44200,750,1500,"sd","13:23:38",1182400
44300,850,100,"sd","13:23:38",1180900
44300,850,2000,"sd","13:23:38",1180800
44500,1050,1400,"sd","13:23:37",1178800
44500,1050,800,"sd","13:23:34",1177400
44500,1050,100,"bu","13:23:31",1176600
44500,1050,200,"sd","13:23:18",1176500
44500,1050,300,"sd","13:23:18",1176300
44500,1050,100,"sd","13:23:15",1176000
44500,1050,600,"sd","13:23:08",1175900
44550,1100,100,"sd","13:23:04",1175300
44600,1150,100,"bu","13:22:51",1175200
44600,1150,200,"bu","13:22:51",1175100
44600,1150,500,"bu","13:22:51",1174900
44600,1150,1000,"bu","13:22:51",1174400
44600,1150,600,"bu","13:22:51",1173400
44600,1150,400,"bu","13:22:51",1172800
44600,1150,200,"bu","13:22:51",1172400
44550,1100,500,"bu","13:22:31",1172200
44550,1100,200,"bu","13:22:31",1171700
44550,1100,100,"bu","13:22:31",1171500
44550,1100,1000,"bu","13:22:31",1171400
44550,1100,200,"bu","13:22:31",1170400
44550,1100,600,"bu","13:22:31",1170200
44500,1050,200,"bu","13:22:25",1169600
44500,1050,1700,"bu","13:22:25",1169400
44500,1050,400,"bu","13:22:22",1167700
44500,1050,100,"bu","13:22:21",1167300
44500,1050,500,"bu","13:22:11",1167200
44500,1050,100,"bu","13:22:10",1166700
44450,1000,300,"bu","13:22:10",1166600
44450,1000,1000,"bu","13:22:10",1166300
44450,1000,100,"bu","13:22:10",1165300
44450,1000,200,"bu","13:22:08",1165200
44300,850,1000,"bu","13:21:22",1165000
44300,850,100,"bu","13:21:22",1164000
44250,800,300,"bu","13:21:13",1163900
44250,800,7100,"bu","13:21:13",1163600
44200,750,200,"bu","13:21:05",1156500
44200,750,2900,"bu","13:21:05",1156300
44200,750,200,"bu","13:20:46",1153400
44200,750,100,"bu","13:20:46",1153200
44200,750,300,"bu","13:20:25",1153100
44200,750,100,"bu","13:20:25",1152800
44200,750,500,"bu","13:20:25",1152700
44200,750,500,"bu","13:20:25",1152200
44100,650,100,"sd","13:19:45",1151700
44100,650,2000,"sd","13:19:14",1151600
44100,650,100,"sd","13:19:14",1149600
44100,650,1800,"sd","13:19:14",1149500
44100,650,100,"sd","13:19:14",1147700
44200,750,200,"bu","13:18:57",1147600
44200,750,300,"bu","13:18:57",1147400
44100,650,500,"unknown","13:18:09",1147100
44100,650,300,"bu","13:18:04",1146600
44100,650,1000,"bu","13:18:04",1146300
44100,650,200,"bu","13:18:04",1145300
44100,650,500,"bu","13:18:04",1145100
44100,650,200,"bu","13:17:48",1144600
44100,650,600,"bu","13:17:47",1144400
44100,650,100,"bu","13:17:47",1143800
44100,650,100,"bu","13:17:42",1143700
44100,650,100,"bu","13:17:42",1143600
44100,650,800,"bu","13:17:42",1143500
44100,650,200,"bu","13:17:32",1142700
44100,650,1000,"bu","13:16:15",1142500
44000,550,300,"bu","13:16:15",1141500
44000,550,2000,"bu","13:16:03",1141200
44000,550,400,"bu","13:16:03",1139200
44000,550,600,"bu","13:15:21",1138800
44000,550,200,"sd","13:15:15",1138200
44000,550,100,"sd","13:15:15",1138000
44000,550,300,"sd","13:15:15",1137900
44000,550,200,"sd","13:15:14",1137600
44000,550,100,"sd","13:14:39",1137400
44000,550,400,"sd","13:14:34",1137300
44000,550,800,"sd","13:14:34",1136900
44000,550,100,"sd","13:14:34",1136100
44000,550,500,"sd","13:14:34",1136000
44000,550,200,"sd","13:14:34",1135500
44200,750,200,"bu","13:14:03",1135300
44200,750,100,"bu","13:14:03",1135100
44200,750,100,"bu","13:13:37",1135000
44200,750,400,"bu","13:13:04",1134900
44200,750,500,"bu","13:13:02",1134500
44200,750,1000,"bu","13:13:02",1134000
44200,750,700,"bu","13:13:02",1133000
44200,750,1300,"bu","13:12:59",1132300
44200,750,500,"bu","13:12:59",1131000
44200,750,2000,"bu","13:12:59",1130500
44200,750,100,"bu","13:12:59",1128500
44200,750,100,"bu","13:12:59",1128400
44200,750,1600,"bu","13:12:59",1128300
44200,750,400,"bu","13:12:45",1126700
44000,550,1200,"sd","13:12:29",1126300
44000,550,100,"sd","13:12:29",1125100
44000,550,100,"sd","13:12:29",1125000
44100,650,500,"sd","13:12:29",1124900
44100,650,200,"sd","13:12:29",1124400
44200,750,100,"sd","13:12:29",1124200
44200,750,1000,"sd","13:12:28",1124100
44200,750,200,"sd","13:12:25",1123100
44200,750,500,"sd","13:12:20",1122900
44200,750,2900,"sd","13:12:15",1122400
44250,800,1500,"bu","13:12:10",1119500
44200,750,100,"sd","13:12:09",1118000
44250,800,1400,"bu","13:12:08",1117900
44250,800,600,"bu","13:12:08",1116500
44200,750,100,"bu","13:12:04",1115900
44200,750,5000,"bu","13:12:04",1115800
44200,750,100,"bu","13:12:04",1110800
44200,750,500,"bu","13:12:04",1110700
44200,750,1600,"bu","13:12:04",1110200
44200,750,3400,"sd","13:11:52",1108600
44250,800,300,"bu","13:11:49",1105200
44200,750,400,"sd","13:11:48",1104900
44200,750,200,"sd","13:11:42",1104500
44250,800,100,"bu","13:11:19",1104300
44550,1100,100,"bu","13:11:09",1104200
44550,1100,300,"bu","13:11:08",1104100
44550,1100,500,"sd","13:11:07",1103800
44550,1100,500,"sd","13:11:07",1103300
44600,1150,200,"bu","13:11:02",1102800
44600,1150,100,"bu","13:10:59",1102600
44550,1100,100,"sd","13:10:59",1102500
44600,1150,200,"bu","13:10:57",1102400
44600,1150,1600,"bu","13:10:57",1102200
44550,1100,200,"sd","13:10:47",1100600
44600,1150,400,"bu","13:10:43",1100400
44600,1150,300,"bu","13:10:43",1100000
44600,1150,100,"bu","13:10:43",1099700
44550,1100,1000,"sd","13:10:43",1099600
44550,1100,100,"sd","13:10:36",1098600
44550,1100,600,"bu","13:10:35",1098500
44550,1100,600,"bu","13:10:34",1097900
44550,1100,2000,"bu","13:10:33",1097300
44500,1050,100,"sd","13:10:32",1095300
44500,1050,1000,"sd","13:10:30",1095200
44500,1050,1000,"bu","13:10:27",1094200
44500,1050,2400,"bu","13:10:27",1093200
44500,1050,400,"bu","13:10:27",1090800
44500,1050,1900,"bu","13:10:27",1090400
44500,1050,100,"bu","13:10:26",1088500
44500,1050,400,"bu","13:10:26",1088400
44500,1050,300,"bu","13:10:25",1088000
44500,1050,200,"bu","13:10:25",1087700
44500,1050,300,"bu","13:10:23",1087500
44500,1050,900,"bu","13:10:23",1087200
44500,1050,100,"bu","13:10:19",1086300
44500,1050,200,"bu","13:10:19",1086200
44500,1050,1000,"bu","13:10:19",1086000
44500,1050,100,"bu","13:10:19",1085000
44500,1050,100,"bu","13:10:19",1084900
44500,1050,200,"bu","13:10:19",1084800
44500,1050,200,"bu","13:10:19",1084600
44500,1050,100,"bu","13:10:19",1084400
44500,1050,400,"bu","13:10:19",1084300
44450,1000,100,"bu","13:10:19",1082500
44500,1050,100,"bu","13:10:19",1083900
44500,1050,200,"bu","13:10:19",1083800
44500,1050,100,"bu","13:10:19",1083600
44450,1000,500,"bu","13:10:19",1083500
44450,1000,500,"bu","13:10:19",1083000
44400,950,2000,"bu","13:10:19",1082400
44400,950,100,"bu","13:10:19",1080400
44350,900,500,"bu","13:10:15",1080300
44350,900,300,"bu","13:10:15",1079800
44250,800,100,"sd","13:10:14",1079500
44250,800,500,"bu","13:10:09",1079400
44250,800,2600,"bu","13:10:09",1078900
44250,800,400,"bu","13:10:04",1076300
44200,750,1000,"bu","13:10:04",1075900
44200,750,200,"bu","13:10:04",1074900
44200,750,200,"bu","13:10:04",1074700
44200,750,500,"bu","13:10:04",1074500
44200,750,500,"bu","13:10:04",1074000
44200,750,1000,"bu","13:10:04",1073500
44200,750,2200,"bu","13:10:04",1072500
44200,750,900,"bu","13:10:03",1070300
44200,750,1000,"bu","13:10:03",1069400
44200,750,1000,"bu","13:10:03",1068400
44200,750,500,"bu","13:10:03",1067400
44200,750,1000,"bu","13:10:03",1066900
44200,750,1000,"bu","13:10:03",1065900
44200,750,300,"bu","13:10:03",1064900
44150,700,500,"bu","13:10:00",1064600
44150,700,500,"bu","13:10:00",1064100
44150,700,200,"bu","13:10:00",1063600
44150,700,200,"bu","13:09:59",1063400
44100,650,100,"bu","13:09:51",1063200
44100,650,100,"bu","13:09:51",1063100
44100,650,300,"bu","13:09:51",1063000
44100,650,1000,"bu","13:09:51",1062700
44100,650,500,"bu","13:09:51",1061700
44000,550,1100,"sd","13:09:48",1061200
44100,650,500,"bu","13:09:44",1060100
44000,550,3000,"sd","13:09:34",1059600
44000,550,1000,"sd","13:09:34",1056600
44000,550,500,"sd","13:09:34",1055600
44000,550,1000,"sd","13:09:34",1055100
44000,550,200,"sd","13:09:34",1054100
44000,550,300,"sd","13:09:34",1053900
44000,550,200,"sd","13:09:34",1053600
44000,550,1000,"sd","13:09:34",1053400
44000,550,100,"bu","13:09:34",1052400
44000,550,200,"bu","13:09:34",1052300
44000,550,10000,"bu","13:09:34",1052100
44000,550,100,"bu","13:09:34",1042100
44000,550,1000,"bu","13:09:34",1042000
44000,550,400,"bu","13:09:34",1041000
44000,550,100,"bu","13:09:34",1040600
44000,550,500,"bu","13:09:34",1040500
44000,550,100,"bu","13:09:34",1040000
44000,550,100,"bu","13:09:34",1039900
44000,550,1000,"bu","13:09:34",1039800
44000,550,100,"bu","13:09:34",1038800
44000,550,100,"bu","13:09:34",1038700
44000,550,100,"bu","13:09:34",1038600
44000,550,200,"bu","13:09:34",1038500
44000,550,100,"bu","13:09:34",1038300
44000,550,2000,"bu","13:09:34",1038200
44000,550,100,"bu","13:09:34",1036200
44000,550,200,"bu","13:09:34",1036100
44000,550,300,"bu","13:09:34",1035900
44000,550,200,"bu","13:09:34",1035600
44000,550,300,"bu","13:09:34",1035400
43900,450,14500,"sd","13:09:34",1035100
43900,450,100,"sd","13:09:34",1020600
43900,450,600,"sd","13:09:34",1020500
43900,450,400,"sd","13:09:34",1019900
43950,500,2500,"sd","13:09:34",1019500
43950,500,1900,"sd","13:09:33",1017000
43950,500,500,"bu","13:09:32",1015100
43950,500,1800,"bu","13:09:32",1014600
43950,500,200,"bu","13:09:31",1012800
43900,450,500,"sd","13:09:27",1012600
43900,450,100,"sd","13:09:25",1012100
43900,450,400,"bu","13:09:22",1012000
43900,450,3000,"bu","13:09:22",1011600
43900,450,1000,"bu","13:09:22",1008600
43900,450,100,"bu","13:09:22",1007600
43900,450,300,"bu","13:09:22",1007500
43900,450,500,"bu","13:09:22",1007200
43900,450,1700,"bu","13:09:22",1006700
43900,450,300,"bu","13:09:19",1005000
43900,450,100,"bu","13:09:19",1004700
43900,450,100,"bu","13:09:12",1004600
43900,450,900,"bu","13:09:12",1004500
43900,450,3000,"bu","13:09:12",1003600
43900,450,100,"bu","13:09:12",1000600
43850,400,200,"bu","13:09:03",1000500
43850,400,300,"bu","13:09:00",1000300
43850,400,100,"bu","13:09:00",1000000
43800,350,200,"sd","13:08:58",999900
43800,350,100,"sd","13:08:53",999700
43800,350,500,"bu","13:08:52",999600
43800,350,200,"bu","13:08:52",999100
43800,350,400,"bu","13:08:52",998900
43800,350,100,"bu","13:08:48",998500
43800,350,4500,"bu","13:08:48",998400
43800,350,500,"bu","13:08:48",993900
43800,350,300,"bu","13:08:38",993400
43800,350,500,"bu","13:08:38",993100
43800,350,500,"bu","13:08:38",992600
43800,350,300,"bu","13:08:38",992100
43800,350,200,"bu","13:08:38",991800
43750,300,100,"bu","13:08:38",991600
43700,250,2000,"bu","13:08:22",991500
43600,150,700,"bu","13:08:14",989500
43600,150,200,"bu","13:08:14",988800
43600,150,100,"bu","13:08:14",988600
43600,150,100,"bu","13:08:14",988500
43600,150,1500,"bu","13:08:14",988400
43600,150,300,"bu","13:08:14",986900
43600,150,10000,"bu","13:08:14",986600
43600,150,500,"bu","13:08:14",976600
43550,100,2000,"bu","13:08:06",976100
43550,100,1000,"bu","13:08:06",974100
43550,100,600,"bu","13:08:04",973100
43550,100,300,"bu","13:08:03",972500
43550,100,500,"bu","13:08:00",972200
43550,100,400,"bu","13:08:00",971700
43550,100,500,"bu","13:07:56",971300
43550,100,200,"bu","13:07:53",970800
43550,100,100,"bu","13:07:50",970600
43550,100,500,"bu","13:07:48",970500
43550,100,400,"bu","13:07:44",970000
43550,100,1500,"bu","13:07:44",969600
43500,50,100,"bu","13:07:35",968100
43500,50,4000,"bu","13:07:35",968000
43500,50,1400,"bu","13:07:33",964000
43500,50,4600,"bu","13:07:33",962600
43500,50,400,"bu","13:07:32",958000
43500,50,1100,"bu","13:07:32",957600
43500,50,100,"bu","13:07:30",956500
43500,50,200,"bu","13:07:28",956400
43500,50,200,"bu","13:07:20",956200
43500,50,300,"bu","13:07:20",956000
43400,-50,800,"sd","13:07:12",955700
43400,-50,300,"sd","13:07:12",954900
43450,0,300,"bu","13:07:04",954600
43400,-50,200,"bu","13:06:45",954300
43200,-250,200,"sd","13:06:35",954100
43200,-250,100,"sd","13:06:25",953900
43200,-250,100,"sd","13:06:25",953800
43200,-250,100,"sd","13:06:10",953700
43200,-250,900,"sd","13:06:10",953600
43200,-250,1000,"sd","13:05:57",952700
43200,-250,100,"bu","13:05:53",951700
43200,-250,700,"bu","13:05:53",951600
43200,-250,200,"bu","13:05:52",950900
43200,-250,7100,"bu","13:05:52",950700
43200,-250,100,"bu","13:05:52",943600
43150,-300,500,"sd","13:05:24",943500
43150,-300,500,"sd","13:04:47",943000
43150,-300,400,"sd","13:04:47",942500
43150,-300,1400,"sd","13:04:43",942100
43150,-300,100,"sd","13:04:15",940700
43150,-300,200,"sd","13:03:59",940600
43150,-300,1800,"sd","13:03:57",940400
43150,-300,700,"sd","13:03:54",938600
43150,-300,3300,"sd","13:03:38",937900
43150,-300,1000,"sd","13:03:30",934600
43200,-250,1000,"bu","13:03:24",933600
43200,-250,100,"bu","13:03:23",932600
43200,-250,200,"bu","13:03:14",932500
43200,-250,1000,"sd","13:03:01",932300
43250,-200,500,"sd","13:03:01",931300
43400,-50,500,"sd","13:02:23",930800
43400,-50,300,"sd","13:02:23",930300
43450,0,100,"sd","13:02:12",930000
43450,0,100,"sd","13:02:12",929900
43500,50,400,"sd","13:01:13",929800
43500,50,600,"sd","13:00:30",929400
43150,-300,500,"sd","13:00:03",928800
43200,-250,2000,"sd","13:00:03",928300
43200,-250,100,"sd","13:00:03",926300
43250,-200,1000,"sd","13:00:03",926200
43250,-200,200,"sd","13:00:02",925200
43300,-150,800,"sd","13:00:02",925000
43300,-150,200,"sd","13:00:02",924200
43300,-150,300,"unknown","13:00:02",924000
43350,-100,1000,"unknown","13:00:02",923700
43350,-100,100,"unknown","13:00:02",922700
43350,-100,300,"sd","13:00:02",922600
43400,-50,100,"sd","13:00:02",922300
43600,150,200,"bu","11:29:38",922200
43550,100,100,"bu","11:29:38",922000
43600,150,500,"sd","11:26:45",921900
43700,250,1000,"sd","11:26:20",921400
43700,250,100,"sd","11:26:20",920400
43700,250,500,"sd","11:25:54",920300
43700,250,400,"sd","11:25:33",919800
43750,300,100,"unknown","11:25:33",919400
43800,350,100,"bu","11:24:56",919300
43800,350,1100,"sd","11:24:49",919200
43850,400,200,"bu","11:24:39",918100
43850,400,1000,"bu","11:24:39",917900
43800,350,500,"sd","11:24:26",916900
43800,350,600,"sd","11:24:13",916400
43800,350,200,"sd","11:23:53",915800
43850,400,100,"sd","11:23:53",915600
43850,400,200,"sd","11:23:53",915500
43850,400,200,"sd","11:23:30",915300
43850,400,600,"bu","11:23:06",915100
43850,400,300,"bu","11:22:59",914500
43850,400,100,"bu","11:22:59",914200
43850,400,100,"bu","11:22:59",914100
43850,400,200,"bu","11:22:59",914000
43850,400,300,"bu","11:22:59",913800
43800,350,100,"sd","11:22:38",913500
43850,400,700,"bu","11:22:38",913400
43850,400,400,"bu","11:22:38",912700
43850,400,100,"bu","11:22:38",912300
43800,350,500,"sd","11:22:34",912200
43800,350,100,"sd","11:22:33",911700
43800,350,1000,"sd","11:22:14",911600
43800,350,1600,"sd","11:22:01",910600
43800,350,3400,"sd","11:22:01",909000
43800,350,1000,"bu","11:21:54",905600
43800,350,7500,"bu","11:21:54",904600
43800,350,200,"bu","11:21:46",897100
43800,350,2200,"bu","11:21:32",896900
43800,350,100,"bu","11:21:20",894700
43800,350,2000,"bu","11:21:20",894600
43800,350,1000,"bu","11:21:20",892600
43800,350,1300,"bu","11:21:20",891600
43800,350,200,"bu","11:20:53",890300
43750,300,200,"sd","11:20:52",890100
43800,350,100,"bu","11:20:42",889900
43750,300,200,"bu","11:20:38",889800
43750,300,300,"bu","11:20:23",889600
43750,300,100,"bu","11:20:23",889300
43750,300,1000,"bu","11:20:23",889200
43700,250,100,"bu","11:19:57",888200
43700,250,100,"bu","11:19:55",888100
43700,250,100,"bu","11:19:55",888000
43700,250,1000,"bu","11:19:55",887900
43700,250,300,"bu","11:19:55",886900
43700,250,200,"sd","11:19:09",886600
43800,350,600,"bu","11:18:25",886400
43700,250,100,"sd","11:18:16",885800
43700,250,100,"sd","11:17:53",885700
43800,350,4600,"bu","11:17:49",885600
43800,350,2000,"bu","11:17:49",881000
43800,350,200,"bu","11:17:49",879000
43800,350,200,"bu","11:17:49",878800
43700,250,500,"bu","11:17:26",878600
43700,250,200,"bu","11:17:26",878100
43700,250,1800,"bu","11:17:26",877900
43600,150,200,"bu","11:17:17",876100
43600,150,100,"bu","11:17:17",875900
43600,150,100,"bu","11:17:17",875800
43600,150,100,"bu","11:17:17",875700
43600,150,300,"bu","11:17:12",875600
43600,150,2700,"bu","11:17:12",875300
43600,150,300,"bu","11:17:08",872600
43550,100,100,"bu","11:16:53",872300
43500,50,7100,"bu","11:16:47",872200
43500,50,2900,"bu","11:16:40",865100
43500,50,500,"bu","11:16:40",862200
43450,0,100,"bu","11:16:40",861700
43400,-50,100,"bu","11:16:40",861600
43400,-50,6400,"bu","11:16:40",861500
43400,-50,2000,"bu","11:16:34",855100
43400,-50,500,"bu","11:16:29",853100
43400,-50,200,"bu","11:16:12",852600
43400,-50,700,"bu","11:16:08",852400
43400,-50,5000,"bu","11:16:05",851700
43400,-50,5000,"bu","11:15:47",846700
43400,-50,200,"bu","11:15:44",841700
43400,-50,2000,"bu","11:15:10",841500
43400,-50,6000,"bu","11:14:48",839500
43400,-50,100,"bu","11:14:48",833500
43400,-50,1000,"bu","11:14:48",833400
43350,-100,100,"bu","11:14:48",832400
43350,-100,1300,"bu","11:14:48",832300
43300,-150,500,"bu","11:14:48",831000
43300,-150,1000,"bu","11:14:48",830500
43250,-200,2700,"bu","11:14:42",829500
43200,-250,100,"sd","11:14:40",826800
43200,-250,100,"sd","11:14:40",826700
43200,-250,100,"sd","11:14:40",826600
43200,-250,200,"bu","11:13:48",826500
43200,-250,100,"bu","11:13:47",826300
43250,-200,500,"sd","11:13:29",826200
43250,-200,1800,"sd","11:13:29",825700
43250,-200,500,"sd","11:13:05",823900
43150,-300,1000,"sd","11:12:47",823400
43200,-250,400,"bu","11:12:46",822400
43200,-250,300,"bu","11:12:42",822000
43200,-250,1000,"sd","11:12:34",821700
43200,-250,200,"sd","11:12:34",820700
43200,-250,200,"sd","11:12:34",820500
43200,-250,7900,"sd","11:12:34",820300
43350,-100,200,"bu","11:12:29",812400
43350,-100,500,"bu","11:12:22",812200
43350,-100,8000,"bu","11:11:29",811700
43350,-100,800,"bu","11:11:29",803700
43300,-150,300,"bu","11:11:29",802900
43200,-250,900,"bu","11:11:29",802600
43150,-300,2500,"sd","11:11:25",801700
43200,-250,100,"bu","11:11:24",799200
43200,-250,100,"bu","11:11:24",799100
43200,-250,1500,"bu","11:11:24",799000
43200,-250,300,"bu","11:11:24",797500
43200,-250,100,"bu","11:11:23",797200
43150,-300,1500,"sd","11:11:15",797100
43200,-250,500,"bu","11:11:12",795600
43150,-300,300,"sd","11:11:04",795100
43150,-300,200,"sd","11:10:55",794800
43150,-300,500,"sd","11:10:07",794600
43200,-250,100,"bu","11:09:35",794100
43200,-250,300,"bu","11:09:35",794000
43200,-250,700,"bu","11:09:33",793700
43150,-300,100,"bu","11:08:55",793000
43150,-300,1000,"bu","11:08:55",792900
43150,-300,600,"bu","11:08:55",791900
43150,-300,400,"bu","11:08:55",791300
43150,-300,800,"bu","11:08:36",790900
43150,-300,500,"bu","11:07:04",790100
43150,-300,100,"bu","11:06:33",789600
43150,-300,600,"sd","11:06:30",789500
43150,-300,100,"sd","11:06:10",788900
43150,-300,600,"bu","11:05:59",788800
43150,-300,700,"bu","11:05:59",788200
43150,-300,200,"sd","11:05:56",787500
43150,-300,4500,"sd","11:05:36",787300
43100,-350,2000,"bu","11:05:25",782800
43100,-350,400,"bu","11:05:25",780800
43100,-350,500,"bu","11:05:25",780400
43100,-350,2400,"bu","11:05:25",779900
43100,-350,500,"bu","11:05:09",777500
43000,-450,2000,"sd","11:05:01",777000
43000,-450,200,"sd","11:04:52",775000
43000,-450,7100,"bu","11:04:47",774800
43000,-450,300,"sd","11:04:34",767700
43000,-450,500,"sd","11:04:34",767400
43000,-450,2100,"sd","11:04:34",766900
43000,-450,900,"sd","11:04:04",764800
43000,-450,200,"sd","11:04:04",763900
43000,-450,600,"sd","11:04:04",763700
43000,-450,2000,"sd","11:03:40",763100
43000,-450,2400,"bu","11:03:34",761100
42900,-550,600,"sd","11:03:24",758700
42900,-550,1000,"sd","11:03:24",758100
42900,-550,200,"sd","11:03:24",757100
42900,-550,3000,"sd","11:03:24",756900
42900,-550,100,"sd","11:03:24",753900
42950,-500,100,"sd","11:03:24",753800
42950,-500,100,"sd","11:03:24",753700
42950,-500,4900,"sd","11:03:24",753600
42950,-500,100,"sd","11:03:24",748700
43000,-450,500,"sd","11:03:20",748600
43000,-450,500,"sd","11:03:20",748100
43000,-450,1600,"sd","11:03:20",747600
43100,-350,2000,"sd","11:03:14",746000
43100,-350,100,"sd","11:03:14",744000
43000,-450,1400,"sd","11:02:59",743900
43000,-450,2700,"sd","11:02:59",742500
43000,-450,100,"sd","11:02:59",739800
43000,-450,2000,"sd","11:02:59",739700
43000,-450,1000,"sd","11:02:59",737700
43000,-450,1000,"sd","11:02:59",736700
43000,-450,14000,"sd","11:02:59",735700
43000,-450,100,"sd","11:02:59",721700
43000,-450,1800,"sd","11:02:59",721600
43000,-450,500,"sd","11:02:59",719800
43000,-450,100,"sd","11:02:59",719300
43000,-450,5000,"sd","11:02:59",719200
43000,-450,500,"sd","11:02:59",714200
43000,-450,1000,"sd","11:02:59",713700
43000,-450,500,"sd","11:02:59",712700
43000,-450,300,"sd","11:02:59",712200
43000,-450,100,"sd","11:02:59",711900
43000,-450,200,"sd","11:02:59",711800
43000,-450,100,"sd","11:02:59",711600
43000,-450,500,"sd","11:02:59",711500
43000,-450,300,"sd","11:02:59",711000
43050,-400,100,"sd","11:02:59",710700
43050,-400,200,"sd","11:02:59",710600
43050,-400,500,"sd","11:02:59",710400
43050,-400,1000,"sd","11:02:59",709900
43050,-400,300,"sd","11:02:59",708900
43050,-400,1600,"sd","11:02:59",708600
43100,-350,200,"sd","11:02:59",707000
43100,-350,1000,"sd","11:02:59",706800
43100,-350,3600,"bu","11:02:20",705800
43100,-350,600,"bu","11:02:20",702200
43100,-350,100,"bu","11:02:17",701600
43050,-400,400,"sd","11:02:11",701500
43050,-400,100,"sd","11:02:11",701100
43050,-400,200,"sd","11:02:11",701000
43000,-450,100,"sd","11:01:53",700800
43100,-350,400,"bu","11:01:51",700700
43050,-400,300,"bu","11:01:50",700300
43050,-400,200,"bu","11:01:44",700000
43050,-400,800,"bu","11:01:44",699800
43050,-400,5000,"bu","11:01:40",699000
43050,-400,200,"bu","11:01:34",694000
43050,-400,100,"sd","11:01:24",693800
43050,-400,700,"sd","11:01:24",693700
43050,-400,4200,"sd","11:01:24",693000
43050,-400,100,"sd","11:01:24",688800
43100,-350,3100,"bu","11:01:22",688700
43100,-350,500,"bu","11:01:07",685600
43100,-350,1000,"bu","11:00:51",685100
43100,-350,100,"bu","11:00:43",684100
43100,-350,500,"bu","11:00:40",684000
43100,-350,100,"sd","11:00:36",683500
43100,-350,300,"sd","11:00:36",683400
43100,-350,200,"bu","11:00:24",683100
43100,-350,100,"bu","11:00:22",682900
43100,-350,200,"bu","10:59:58",682800
43000,-450,500,"sd","10:59:36",682600
43000,-450,100,"sd","10:59:31",682100
43000,-450,100,"sd","10:59:31",682000
43000,-450,800,"sd","10:59:31",681900
43000,-450,1200,"sd","10:59:25",681100
43000,-450,1000,"sd","10:59:25",679900
43000,-450,4800,"sd","10:59:25",678900
43000,-450,2200,"sd","10:59:25",674100
43100,-350,500,"bu","10:59:19",671900
43000,-450,2000,"sd","10:59:09",671400
43100,-350,100,"sd","10:59:01",669400
43000,-450,11000,"sd","10:58:45",669300
43000,-450,100,"sd","10:58:45",658300
43000,-450,5000,"sd","10:58:45",658200
43000,-450,500,"sd","10:58:45",653200
43000,-450,300,"sd","10:58:45",652700
43000,-450,10000,"sd","10:58:45",652400
43000,-450,500,"sd","10:58:45",642400
43000,-450,500,"sd","10:58:45",641900
43000,-450,100,"sd","10:58:45",641400
43000,-450,2000,"sd","10:58:45",641300
43000,-450,100,"sd","10:58:45",639300
43000,-450,300,"sd","10:58:45",639200
43000,-450,100,"sd","10:58:45",638900
43000,-450,500,"sd","10:58:45",638800
43000,-450,200,"sd","10:58:45",638300
43000,-450,200,"sd","10:58:45",638100
43000,-450,100,"sd","10:58:45",637900
43000,-450,100,"sd","10:58:45",637800
43000,-450,1000,"sd","10:58:45",637700
43000,-450,500,"sd","10:58:45",636700
43000,-450,500,"sd","10:58:45",636200
43000,-450,200,"sd","10:58:45",635700
43000,-450,100,"sd","10:58:45",635500
43000,-450,200,"sd","10:58:45",635400
43000,-450,100,"sd","10:58:45",635200
43000,-450,1000,"sd","10:58:45",635100
43000,-450,100,"sd","10:58:45",634100
43000,-450,300,"sd","10:58:45",634000
43000,-450,1000,"sd","10:58:45",633700
43000,-450,1000,"sd","10:58:45",632700
43000,-450,100,"sd","10:58:45",631700
43000,-450,5000,"sd","10:58:45",631600
43000,-450,200,"sd","10:58:45",626600
43000,-450,100,"sd","10:58:45",626400
43100,-350,200,"sd","10:58:45",626300
43000,-450,200,"sd","10:58:45",626100
43100,-350,100,"sd","10:58:45",625900
43050,-400,100,"sd","10:58:45",625800
43100,-350,900,"sd","10:58:45",625700
43050,-400,100,"sd","10:58:45",624800
43050,-400,5400,"sd","10:58:45",624700
43100,-350,1100,"sd","10:58:34",619300
43100,-350,100,"sd","10:58:34",618200
43100,-350,800,"sd","10:58:34",618100
43150,-300,300,"sd","10:58:29",617300
43100,-350,200,"sd","10:58:18",617000
43100,-350,1700,"sd","10:58:18",616800
43100,-350,1000,"sd","10:57:53",615100
43100,-350,100,"sd","10:57:31",614100
43100,-350,900,"bu","10:57:25",614000
43100,-350,1000,"bu","10:57:25",613100
43100,-350,1400,"bu","10:57:25",612100
43100,-350,2000,"bu","10:57:25",610700
43100,-350,1900,"bu","10:57:25",608700
43100,-350,4000,"bu","10:57:23",606800
43100,-350,1000,"bu","10:57:19",602800
43050,-400,4600,"sd","10:57:15",601800
43050,-400,400,"sd","10:57:15",597200
43100,-350,100,"bu","10:57:15",596800
43050,-400,500,"sd","10:57:14",596700
43050,-400,100,"sd","10:57:14",596200
43050,-400,100,"sd","10:57:14",596100
43050,-400,100,"sd","10:57:14",596000
43050,-400,200,"sd","10:57:14",595900
43050,-400,9000,"sd","10:57:14",595700
43100,-350,1100,"bu","10:57:09",586700
43100,-350,100,"bu","10:56:47",585600
43100,-350,100,"bu","10:56:35",585500
43100,-350,1000,"sd","10:56:33",585400
43100,-350,300,"sd","10:56:33",584400
43100,-350,1500,"sd","10:56:33",584100
43100,-350,100,"sd","10:56:33",582600
43100,-350,200,"sd","10:56:33",582500
43100,-350,100,"sd","10:56:33",582300
43100,-350,100,"sd","10:56:33",582200
43100,-350,100,"sd","10:56:33",582100
43100,-350,1000,"sd","10:56:33",582000
43100,-350,300,"sd","10:56:33",581000
43100,-350,500,"sd","10:56:33",580700
43100,-350,100,"sd","10:56:33",580200
43100,-350,100,"sd","10:56:33",580100
43100,-350,1300,"sd","10:56:33",580000
43100,-350,2600,"sd","10:56:30",578700
43150,-300,100,"sd","10:56:30",576100
43150,-300,1900,"sd","10:56:30",576000
43150,-300,200,"sd","10:56:30",574100
43150,-300,100,"sd","10:56:30",573900
43150,-300,100,"sd","10:56:30",573800
43200,-250,100,"sd","10:56:05",573700
43200,-250,100,"sd","10:56:05",573600
43200,-250,500,"sd","10:55:52",573500
43200,-250,1500,"sd","10:55:52",573000
43200,-250,1000,"sd","10:55:52",571500
43200,-250,100,"sd","10:55:52",570500
43200,-250,200,"sd","10:55:52",570400
43200,-250,100,"sd","10:55:52",570200
43200,-250,100,"sd","10:55:52",570100
43200,-250,100,"sd","10:55:52",570000
43250,-200,200,"sd","10:55:52",569900
43250,-200,100,"sd","10:55:52",569700
43300,-150,100,"sd","10:55:52",569600
43300,-150,1000,"sd","10:55:52",569500
43300,-150,100,"sd","10:55:52",568500
43300,-150,3900,"sd","10:55:52",568400
43300,-150,1000,"sd","10:55:49",564500
43300,-150,100,"sd","10:55:39",563500
43300,-150,100,"sd","10:55:39",563400
43300,-150,600,"sd","10:55:39",563300
43300,-150,500,"sd","10:55:39",562700
43300,-150,400,"sd","10:55:39",562200
43300,-150,300,"sd","10:55:39",561800
43300,-150,100,"sd","10:55:37",561500
43300,-150,100,"sd","10:55:07",561400
43300,-150,200,"sd","10:55:07",561300
43350,-100,1800,"sd","10:54:28",561100
43350,-100,200,"sd","10:54:27",559300
43350,-100,100,"sd","10:54:19",559100
43350,-100,100,"sd","10:53:57",559000
43350,-100,500,"sd","10:53:57",558900
43350,-100,500,"sd","10:53:57",558400
43350,-100,3000,"sd","10:53:57",557900
43350,-100,200,"sd","10:53:57",554900
43350,-100,1200,"sd","10:53:57",554700
43350,-100,500,"sd","10:53:57",553500
43350,-100,400,"sd","10:53:44",553000
43400,-50,100,"sd","10:52:48",552600
43400,-50,500,"sd","10:52:48",552500
43400,-50,200,"sd","10:52:48",552000
43400,-50,600,"sd","10:52:48",551800
43400,-50,400,"sd","10:52:38",551200
43400,-50,500,"sd","10:52:38",550800
43400,-50,100,"sd","10:52:38",550300
43400,-50,400,"sd","10:52:38",550200
43400,-50,300,"sd","10:51:49",549800
43400,-50,400,"sd","10:50:51",549500
43400,-50,2000,"sd","10:50:03",549100
43400,-50,200,"bu","10:49:26",547100
43400,-50,100,"sd","10:49:15",546900
43400,-50,1200,"sd","10:49:15",546800
43400,-50,700,"sd","10:49:00",545600
43400,-50,1000,"sd","10:49:00",544900
43400,-50,100,"sd","10:49:00",543900
43400,-50,200,"sd","10:49:00",543800
43400,-50,100,"sd","10:48:17",543600
43400,-50,500,"sd","10:48:17",543500
43400,-50,500,"sd","10:47:45",543000
43400,-50,700,"sd","10:47:45",542500
43400,-50,300,"sd","10:46:11",541800
43400,-50,100,"sd","10:46:11",541500
43400,-50,1300,"sd","10:46:11",541400
43450,0,500,"sd","10:46:11",540100
43450,0,1800,"sd","10:46:11",539600
43450,0,1000,"bu","10:45:38",537800
43450,0,200,"bu","10:45:38",536800
43450,0,300,"bu","10:44:39",536600
43450,0,500,"sd","10:44:33",536300
43450,0,1000,"sd","10:44:33",535800
43450,0,700,"sd","10:44:33",534800
43450,0,200,"sd","10:44:21",534100
43450,0,100,"sd","10:44:01",533900
43450,0,100,"sd","10:44:01",533800
43450,0,200,"sd","10:44:01",533700
43450,0,1500,"sd","10:44:01",533500
43450,0,300,"sd","10:44:01",532000
43500,50,300,"sd","10:44:01",531700
43500,50,100,"sd","10:44:01",531400
43500,50,200,"sd","10:44:01",531300
43500,50,200,"sd","10:44:01",531100
43500,50,300,"sd","10:43:36",530900
43500,50,100,"sd","10:43:36",530600
43500,50,100,"sd","10:43:35",530500
43500,50,700,"sd","10:43:33",530400
43500,50,1000,"bu","10:42:29",529700
43500,50,100,"bu","10:42:29",528700
43450,0,200,"sd","10:42:24",528600
43450,0,500,"sd","10:42:16",528400
43450,0,500,"sd","10:42:16",527900
43450,0,300,"sd","10:42:16",527400
43450,0,500,"sd","10:42:05",527100
43450,0,4300,"sd","10:41:38",526600
43450,0,2800,"sd","10:41:29",522300
43450,0,900,"sd","10:41:28",519500
43450,0,1200,"sd","10:41:17",518600
43450,0,100,"sd","10:41:08",517400
43500,50,100,"sd","10:40:50",517300
43500,50,1000,"sd","10:40:50",517200
43500,50,500,"sd","10:40:50",516200
43500,50,100,"sd","10:40:50",515700
43500,50,300,"sd","10:40:50",515600
43500,50,500,"sd","10:40:50",515300
43500,50,500,"sd","10:40:50",514800
43500,50,100,"sd","10:40:50",514300
43500,50,300,"sd","10:40:50",514200
43500,50,200,"sd","10:40:46",513900
43600,150,1900,"bu","10:40:36",513700
43600,150,300,"bu","10:40:36",511800
43600,150,1700,"sd","10:39:45",511500
43600,150,1000,"sd","10:39:41",509800
43600,150,200,"sd","10:39:39",508800
43600,150,2100,"sd","10:39:25",508600
43600,150,200,"sd","10:39:25",506500
43600,150,300,"sd","10:39:25",506300
43600,150,1000,"sd","10:39:15",506000
43600,150,200,"sd","10:39:13",505000
43600,150,300,"sd","10:39:13",504800
43600,150,100,"sd","10:38:54",504500
43700,250,100,"sd","10:38:09",504400
43700,250,700,"sd","10:38:09",504300
43700,250,1000,"sd","10:38:04",503600
43700,250,400,"sd","10:37:57",502600
43700,250,900,"sd","10:37:20",502200
43700,250,4100,"sd","10:37:20",501300
43700,250,900,"sd","10:37:09",497200
43700,250,1000,"sd","10:37:09",496300
43800,350,900,"sd","10:36:43",495300
43800,350,100,"bu","10:36:29",494400
43800,350,500,"bu","10:36:29",494300
43800,350,1100,"bu","10:36:29",493800
43800,350,100,"sd","10:35:01",492700
43800,350,100,"sd","10:34:36",492600
43800,350,500,"bu","10:34:01",492500
43800,350,100,"bu","10:32:30",492000
43800,350,400,"bu","10:32:30",491900
43750,300,3000,"sd","10:32:16",491500
43750,300,1700,"sd","10:32:16",488500
43750,300,100,"sd","10:32:16",486800
43800,350,1000,"bu","10:32:00",486700
43800,350,100,"bu","10:32:00",485700
43800,350,500,"bu","10:32:00",485600
43800,350,100,"bu","10:32:00",485100
43800,350,100,"bu","10:32:00",485000
43800,350,600,"bu","10:31:02",484900
43800,350,700,"bu","10:30:57",484300
43800,350,100,"bu","10:30:37",483600
43800,350,900,"bu","10:30:33",483500
43750,300,3000,"sd","10:30:07",482600
43800,350,900,"bu","10:30:05",479600
43750,300,100,"bu","10:28:27",478700
43750,300,100,"bu","10:28:27",478600
43750,300,100,"bu","10:28:27",478500
43700,250,1000,"sd","10:27:48",478400
43700,250,2000,"bu","10:27:02",477400
43700,250,200,"bu","10:27:02",475400
43700,250,100,"bu","10:27:02",475200
43700,250,700,"bu","10:27:02",475100
43700,250,100,"bu","10:26:28",474400
43700,250,100,"bu","10:26:15",474300
43700,250,500,"bu","10:26:14",474200
43700,250,4700,"bu","10:26:02",473700
43700,250,4400,"sd","10:25:44",469000
43700,250,600,"sd","10:25:40",464600
43700,250,400,"sd","10:25:39",464000
43700,250,600,"sd","10:25:39",463600
43700,250,200,"sd","10:25:39",463000
43700,250,500,"sd","10:25:39",462800
43700,250,1300,"sd","10:25:39",462300
43700,250,200,"sd","10:25:17",461000
43700,250,100,"sd","10:24:46",460800
43700,250,500,"sd","10:24:37",460700
43700,250,3000,"sd","10:24:21",460200
43700,250,100,"sd","10:24:20",457200
43700,250,400,"sd","10:24:20",457100
43700,250,500,"sd","10:24:13",456700
43700,250,100,"bu","10:22:56",456200
43700,250,100,"bu","10:22:51",456100
43700,250,200,"bu","10:22:43",456000
43700,250,1000,"bu","10:22:11",455800
43700,250,100,"sd","10:21:38",454800
43700,250,3200,"bu","10:20:33",454700
43700,250,100,"bu","10:19:49",451500
43700,250,200,"bu","10:19:40",451400
43700,250,600,"bu","10:18:55",451200
43700,250,1000,"bu","10:18:19",450600
43700,250,2000,"bu","10:17:56",449600
43800,350,700,"bu","10:17:42",447600
43800,350,400,"bu","10:17:42",446900
43800,350,200,"bu","10:17:42",446500
43800,350,200,"bu","10:17:42",446300
43700,250,7500,"bu","10:17:42",446100
43700,250,1000,"bu","10:17:42",438600
43600,150,900,"sd","10:17:24",437600
43600,150,3800,"sd","10:17:24",436700
43600,150,300,"sd","10:17:24",432900
43600,150,100,"sd","10:17:24",432600
43600,150,4900,"sd","10:17:24",432500
43700,250,1000,"bu","10:17:24",427600
43700,250,400,"bu","10:17:20",426600
43600,150,100,"sd","10:17:00",426200
43650,200,500,"sd","10:17:00",426100
43650,200,100,"sd","10:17:00",425600
43650,200,1300,"sd","10:17:00",425500
43700,250,1000,"sd","10:17:00",424200
43700,250,500,"sd","10:17:00",423200
43700,250,100,"sd","10:17:00",422700
43700,250,400,"sd","10:15:58",422600
43800,350,200,"bu","10:15:05",422200
43800,350,100,"bu","10:15:05",422000
43700,250,100,"bu","10:14:56",421900
43700,250,200,"bu","10:14:54",421800
43700,250,500,"bu","10:14:12",421600
43700,250,700,"bu","10:14:12",421100
43700,250,200,"bu","10:13:07",420400
43650,200,1000,"sd","10:12:32",420200
43650,200,100,"sd","10:12:13",419200
43650,200,600,"sd","10:11:56",419100
43650,200,300,"sd","10:11:56",418500
43650,200,100,"sd","10:11:56",418200
43650,200,100,"sd","10:11:33",418100
43650,200,400,"sd","10:11:33",418000
43650,200,300,"sd","10:10:26",417600
43650,200,100,"sd","10:10:26",417300
43650,200,100,"sd","10:10:15",417200
43650,200,100,"sd","10:10:03",417100
43700,250,100,"bu","10:09:35",417000
43700,250,9000,"sd","10:09:02",416900
43700,250,1200,"sd","10:08:51",407900
43700,250,100,"sd","10:08:51",406700
43700,250,100,"sd","10:08:51",406600
43800,350,300,"bu","10:08:13",406500
43800,350,100,"bu","10:07:43",406200
43800,350,500,"bu","10:07:43",406100
43800,350,700,"unknown","10:07:43",405600
43900,450,100,"sd","10:06:44",404900
43900,450,100,"sd","10:06:42",404800
43900,450,3000,"sd","10:06:26",404700
43900,450,100,"sd","10:06:13",401700
43900,450,500,"sd","10:06:02",401600
44000,550,400,"bu","10:05:53",401100
44000,550,600,"bu","10:05:53",400700
44000,550,100,"sd","10:05:29",400100
44000,550,300,"sd","10:05:29",400000
44000,550,3700,"sd","10:05:26",399700
44100,650,200,"bu","10:05:19",396000
44100,650,100,"sd","10:05:12",395800
44100,650,100,"sd","10:05:12",395700
44100,650,900,"sd","10:05:12",395600
44100,650,200,"sd","10:05:11",394700
44100,650,200,"sd","10:05:03",394500
44100,650,1300,"bu","10:04:44",394300
44100,650,600,"bu","10:04:44",393000
44100,650,100,"bu","10:04:44",392400
44100,650,200,"bu","10:04:23",392300
44100,650,500,"sd","10:04:13",392100
44100,650,600,"sd","10:04:03",391600
44100,650,1000,"sd","10:04:03",391000
44100,650,200,"bu","10:03:49",390000
44100,650,100,"bu","10:03:49",389800
44100,650,200,"bu","10:03:49",389700
43950,500,200,"sd","10:03:49",389500
43950,500,100,"sd","10:03:46",389300
43900,450,200,"sd","10:03:41",389200
43900,450,1000,"sd","10:03:36",389000
43900,450,1400,"sd","10:03:36",388000
43950,500,100,"sd","10:03:36",386600
43950,500,500,"sd","10:03:36",386500
43950,500,300,"sd","10:03:27",386000
44100,650,100,"sd","10:03:18",385700
43950,500,3900,"sd","10:02:54",385600
44000,550,800,"sd","10:02:54",381700
44000,550,300,"sd","10:02:54",380900
44000,550,1800,"sd","10:02:54",380600
44000,550,2900,"sd","10:02:54",378800
44200,750,300,"sd","10:02:54",375900
44200,750,100,"sd","10:02:41",375600
44200,750,100,"bu","10:02:39",375500
44200,750,1500,"bu","10:02:39",375400
44200,750,500,"bu","10:02:31",373900
44200,750,500,"bu","10:02:31",373400
44050,600,500,"sd","10:02:28",372900
44050,600,200,"sd","10:02:28",372400
44200,750,200,"bu","10:02:28",372200
44100,650,500,"bu","10:02:28",372000
44100,650,200,"bu","10:02:28",371500
44100,650,100,"bu","10:02:28",371300
44050,600,100,"bu","10:01:52",371200
44000,550,200,"bu","10:01:49",371100
44000,550,1000,"bu","10:01:49",370900
44000,550,900,"bu","10:01:49",369900
44000,550,1600,"bu","10:01:49",369000
44000,550,400,"bu","10:01:49",367400
44000,550,100,"bu","10:01:48",367000
44000,550,200,"bu","10:01:46",366900
44000,550,800,"bu","10:01:46",366700
44000,550,1200,"bu","10:01:44",365900
44000,550,100,"bu","10:01:44",364700
44000,550,500,"bu","10:01:44",364600
44000,550,200,"bu","10:01:44",364100
44000,550,400,"bu","10:01:44",363900
44000,550,100,"bu","10:01:44",363500
44000,550,100,"bu","10:01:42",363400
44000,550,100,"bu","10:01:42",363300
44000,550,2000,"bu","10:01:42",363200
44000,550,2800,"bu","10:01:42",361200
44000,550,500,"bu","10:01:40",358400
44000,550,1700,"bu","10:01:36",357900
43950,500,200,"sd","10:01:16",356200
43950,500,100,"bu","10:01:09",356000
43900,450,200,"sd","10:00:47",355900
43900,450,3000,"bu","10:00:47",355700
43850,400,100,"bu","10:00:47",352700
43850,400,100,"bu","10:00:47",352600
43850,400,200,"bu","10:00:47",352500
43850,400,1000,"bu","10:00:35",352300
43850,400,600,"bu","10:00:34",351300
43850,400,200,"bu","10:00:32",350700
43800,350,300,"bu","10:00:09",350500
43800,350,500,"bu","10:00:09",350200
43800,350,500,"bu","10:00:09",349700
43800,350,500,"bu","10:00:09",349200
43800,350,2000,"bu","10:00:09",348700
43700,250,300,"bu","09:58:47",346700
43700,250,100,"bu","09:58:43",346400
43700,250,1000,"bu","09:58:38",346300
43700,250,400,"sd","09:58:35",345300
43700,250,100,"sd","09:58:35",344900
43700,250,100,"sd","09:58:35",344800
43700,250,500,"bu","09:58:04",344700
43700,250,100,"bu","09:58:04",344200
43700,250,1500,"bu","09:58:01",344100
43700,250,3500,"bu","09:58:01",342600
43700,250,1500,"bu","09:57:58",339100
43650,200,100,"bu","09:57:13",337600
43650,200,5000,"bu","09:57:13",337500
43650,200,3200,"bu","09:57:13",332500
43600,150,600,"sd","09:57:05",329300
43650,200,100,"bu","09:57:03",328700
43650,200,1200,"bu","09:56:44",328600
43600,150,400,"sd","09:56:11",327400
43600,150,600,"sd","09:56:11",327000
43650,200,500,"bu","09:56:09",326400
43600,150,2600,"sd","09:54:54",325900
43600,150,100,"sd","09:54:52",323300
43500,50,500,"sd","09:54:26",323200
43500,50,500,"sd","09:54:26",322700
43600,150,100,"bu","09:53:45",322200
43600,150,500,"bu","09:53:45",322100
43600,150,100,"bu","09:53:45",321600
43600,150,200,"bu","09:53:45",321500
43600,150,200,"bu","09:53:45",321300
43600,150,10500,"bu","09:53:45",321100
43600,150,4200,"bu","09:53:45",310600
43600,150,800,"bu","09:53:29",306400
43600,150,200,"bu","09:53:29",305600
43600,150,200,"bu","09:53:28",305400
43600,150,2400,"bu","09:52:58",305200
43550,100,500,"bu","09:52:58",302800
43600,150,100,"bu","09:52:03",302300
43600,150,500,"bu","09:51:46",302200
43600,150,1000,"bu","09:51:45",301700
43600,150,100,"bu","09:51:44",300700
43600,150,500,"bu","09:50:42",300600
43600,150,2500,"bu","09:50:42",300100
43600,150,200,"bu","09:50:31",297600
43600,150,100,"bu","09:50:23",297400
43600,150,500,"bu","09:50:19",297300
43600,150,1000,"bu","09:49:51",296800
43600,150,100,"bu","09:49:50",295800
43600,150,600,"bu","09:49:32",295700
43500,50,600,"bu","09:48:55",295100
43500,50,100,"bu","09:48:55",294500
43500,50,100,"bu","09:48:55",294400
43500,50,100,"bu","09:48:55",294300
43500,50,1000,"bu","09:48:55",294200
43500,50,100,"bu","09:48:55",293200
43500,50,900,"bu","09:48:55",293100
43500,50,1100,"bu","09:48:49",292200
43500,50,900,"bu","09:48:49",291100
43500,50,100,"bu","09:48:48",290200
43500,50,400,"bu","09:48:48",290100
43500,50,1100,"bu","09:48:45",289700
43500,50,500,"bu","09:48:38",288600
43500,50,1500,"bu","09:48:38",288100
43500,50,400,"bu","09:48:29",286600
43500,50,100,"bu","09:48:26",286200
43500,50,1000,"bu","09:48:12",286100
43400,-50,500,"sd","09:47:27",285100
43400,-50,2800,"sd","09:46:51",284600
43400,-50,400,"sd","09:46:43",281800
43400,-50,1500,"sd","09:46:43",281400
43400,-50,100,"sd","09:46:43",279900
43400,-50,2000,"sd","09:46:43",279800
43400,-50,800,"sd","09:46:43",277800
43400,-50,100,"sd","09:46:43",277000
43450,0,2000,"sd","09:46:43",276900
43450,0,100,"sd","09:46:25",274900
43450,0,2900,"sd","09:46:15",274800
43450,0,100,"sd","09:46:15",271900
43450,0,3800,"bu","09:45:46",271800
43450,0,1000,"bu","09:45:44",268000
43450,0,200,"bu","09:45:40",267000
43450,0,500,"bu","09:45:40",266800
43450,0,300,"bu","09:45:40",266300
43450,0,1700,"sd","09:44:53",266000
43500,50,200,"bu","09:44:41",264300
43450,0,200,"sd","09:44:33",264100
43500,50,1000,"bu","09:43:17",263900
43500,50,800,"bu","09:43:14",262900
43500,50,400,"bu","09:43:14",262100
43500,50,4600,"bu","09:42:57",261700
43500,50,100,"bu","09:42:57",257100
43500,50,300,"bu","09:42:57",257000
43500,50,2000,"bu","09:42:37",256700
43500,50,100,"bu","09:42:18",254700
43400,-50,1000,"sd","09:39:09",254600
43400,-50,200,"sd","09:39:09",253600
43450,0,500,"sd","09:39:09",253400
43450,0,1100,"sd","09:39:09",252900
43450,0,100,"sd","09:39:09",251800
43500,50,500,"bu","09:38:58",251700
43450,0,200,"sd","09:38:47",251200
43450,0,100,"bu","09:37:29",251000
43450,0,100,"bu","09:37:29",250900
43450,0,2100,"bu","09:37:29",250800
43350,-100,100,"sd","09:36:37",248700
43350,-100,300,"bu","09:35:56",248600
43350,-100,200,"bu","09:35:46",248300
43350,-100,300,"bu","09:35:46",248100
43400,-50,100,"bu","09:35:41",247800
43400,-50,1500,"bu","09:35:41",247700
43350,-100,100,"sd","09:35:22",246200
43350,-100,100,"sd","09:35:22",246100
43350,-100,200,"sd","09:34:19",246000
43300,-150,500,"bu","09:33:27",245800
43300,-150,5000,"bu","09:33:21",245300
43250,-200,1500,"bu","09:32:55",240300
43250,-200,1000,"bu","09:32:50",238800
43200,-250,100,"sd","09:32:47",237800
43200,-250,400,"bu","09:32:44",237700
43250,-200,100,"bu","09:32:39",237300
43200,-250,300,"sd","09:32:32",237200
43200,-250,200,"sd","09:32:32",236900
43150,-300,100,"sd","09:31:55",236700
43150,-300,100,"sd","09:31:53",236600
43100,-350,100,"bu","09:31:11",236500
43100,-350,1000,"sd","09:31:09",236400
43100,-350,2500,"sd","09:31:09",235400
43100,-350,5000,"sd","09:31:09",232900
43100,-350,100,"sd","09:31:09",227900
43100,-350,100,"sd","09:31:09",227800
43100,-350,1000,"sd","09:31:09",227700
43100,-350,100,"sd","09:31:09",226700
43100,-350,100,"sd","09:31:09",226600
43100,-350,3400,"sd","09:31:09",226500
43150,-300,700,"bu","09:31:09",223100
43100,-350,300,"sd","09:30:50",222400
43100,-350,800,"sd","09:30:42",222100
43150,-300,400,"bu","09:29:58",221300
43100,-350,500,"sd","09:29:58",220900
43100,-350,500,"sd","09:29:58",220400
43100,-350,1000,"sd","09:29:58",219900
43150,-300,400,"bu","09:29:55",218900
43100,-350,400,"sd","09:29:48",218500
43150,-300,7200,"bu","09:29:38",218100
43150,-300,2800,"bu","09:29:38",210900
43100,-350,1600,"sd","09:29:36",208100
43100,-350,100,"sd","09:29:36",206500
43100,-350,100,"sd","09:29:36",206400
43150,-300,100,"sd","09:29:19",206300
43150,-300,300,"sd","09:29:19",206200
43150,-300,500,"sd","09:29:19",205900
43150,-300,2000,"sd","09:29:19",205400
43150,-300,5000,"sd","09:29:19",203400
43150,-300,1000,"sd","09:29:19",198400
43150,-300,100,"sd","09:29:19",197400
43150,-300,200,"sd","09:29:19",197300
43150,-300,1200,"sd","09:29:19",197100
43200,-250,2000,"sd","09:29:19",195900
43200,-250,200,"sd","09:29:19",193900
43200,-250,900,"sd","09:29:19",193700
43200,-250,3700,"sd","09:29:19",192800
43250,-200,200,"bu","09:29:16",189100
43200,-250,1300,"sd","09:29:14",188900
43200,-250,2000,"sd","09:29:14",187600
43250,-200,500,"bu","09:28:57",185600
43250,-200,100,"bu","09:28:56",185100
43250,-200,1000,"sd","09:28:46",185000
43250,-200,500,"sd","09:28:46",184000
43250,-200,100,"sd","09:28:46",183500
43250,-200,100,"sd","09:28:36",183400
43300,-150,100,"bu","09:28:31",183300
43300,-150,2100,"sd","09:28:25",183200
43300,-150,1900,"sd","09:28:10",181100
43300,-150,400,"sd","09:28:10",179200
43300,-150,100,"sd","09:28:10",178800
43300,-150,1000,"sd","09:27:46",178700
43300,-150,1900,"sd","09:27:31",177700
43300,-150,300,"sd","09:27:31",175800
43300,-150,500,"sd","09:27:14",175500
43300,-150,2800,"sd","09:26:55",175000
43300,-150,300,"sd","09:26:46",172200
43300,-150,700,"sd","09:26:46",171900
43350,-100,500,"bu","09:26:39",171200
43350,-100,100,"bu","09:26:39",170700
43350,-100,600,"sd","09:26:29",170600
43350,-100,500,"sd","09:26:29",170000
43400,-50,500,"bu","09:26:22",169500
43400,-50,100,"sd","09:26:05",169000
43400,-50,400,"sd","09:26:05",168900
43400,-50,500,"sd","09:26:05",168500
43400,-50,300,"sd","09:26:05",168000
43400,-50,500,"sd","09:26:05",167700
43400,-50,100,"sd","09:26:05",167200
43400,-50,100,"sd","09:26:05",167100
43450,0,2000,"bu","09:26:02",167000
43450,0,300,"bu","09:24:14",165000
43450,0,100,"bu","09:24:05",164700
43450,0,1200,"bu","09:23:50",164600
43450,0,500,"sd","09:23:44",163400
43450,0,800,"sd","09:23:44",162900
43450,0,100,"sd","09:23:31",162100
43450,0,100,"bu","09:23:22",162000
43400,-50,200,"sd","09:23:19",161900
43400,-50,200,"sd","09:23:18",161700
43450,0,300,"sd","09:22:39",161500
43450,0,100,"sd","09:22:39",161200
43500,50,100,"bu","09:22:34",161100
43500,50,300,"bu","09:22:34",161000
43500,50,1000,"bu","09:22:13",160700
43400,-50,100,"sd","09:21:35",159700
43500,50,100,"bu","09:21:27",159600
43500,50,2300,"bu","09:21:09",159500
43500,50,900,"bu","09:20:58",157200
43500,50,100,"bu","09:20:58",156300
43500,50,100,"sd","09:20:42",156200
43400,-50,200,"sd","09:20:31",156100
43450,0,100,"sd","09:20:31",155900
43450,0,200,"sd","09:20:31",155800
43500,50,1500,"sd","09:20:31",155600
43500,50,1300,"sd","09:20:31",154100
43500,50,1500,"sd","09:20:31",152800
43500,50,500,"sd","09:20:31",151300
43500,50,100,"sd","09:20:31",150800
43500,50,2800,"sd","09:20:31",150700
43550,100,1500,"sd","09:20:31",147900
43550,100,200,"sd","09:20:31",146400
43550,100,1000,"sd","09:20:31",146200
43550,100,500,"sd","09:20:31",145200
43600,150,500,"sd","09:20:31",144700
43850,400,600,"bu","09:20:09",144200
43850,400,200,"bu","09:20:09",143600
43500,50,200,"sd","09:19:48",143400
43850,400,800,"bu","09:19:48",143200
43850,400,200,"bu","09:19:48",142400
43850,400,300,"bu","09:19:39",142200
43600,150,200,"bu","09:19:39",141900
43600,150,200,"sd","09:19:38",141700
43600,150,200,"bu","09:19:14",141500
43600,150,100,"bu","09:18:58",141300
43350,-100,700,"sd","09:18:26",141200
43600,150,100,"bu","09:18:25",140500
43150,-300,3800,"bu","09:16:33",140400
43150,-300,500,"bu","09:16:33",136600
43150,-300,1000,"bu","09:16:32",136100
43150,-300,10000,"bu","09:16:31",135100
43150,-300,100,"bu","09:16:30",125100
43150,-300,100,"bu","09:16:29",125000
43150,-300,1000,"bu","09:16:28",124900
43150,-300,7800,"bu","09:16:27",123900
43150,-300,5000,"bu","09:16:24",116100
43150,-300,700,"bu","09:16:19",111100
43100,-350,1600,"bu","09:16:13",110400
43100,-350,10000,"bu","09:16:12",108800
43100,-350,10000,"bu","09:16:10",98800
43100,-350,900,"bu","09:16:06",88800
43050,-400,3000,"sd","09:16:05",87900
43100,-350,100,"bu","09:16:04",84900
43100,-350,2000,"bu","09:16:02",84800
43100,-350,300,"bu","09:15:56",82800
43100,-350,100,"bu","09:15:53",82500
43100,-350,500,"bu","09:15:47",82400
43100,-350,1000,"bu","09:15:47",81900
43100,-350,200,"bu","09:15:45",80900
43100,-350,300,"bu","09:15:44",80700
43100,-350,500,"bu","09:15:41",80400
43100,-350,100,"bu","09:15:39",79900
43100,-350,100,"bu","09:15:37",79800
43100,-350,300,"bu","09:15:36",79700
43100,-350,500,"bu","09:15:36",79400
43100,-350,500,"bu","09:15:31",78900
43100,-350,500,"bu","09:15:28",78400
43100,-350,500,"bu","09:15:23",77900
43050,-400,77400,"sd","09:15:00",77400
