"price","change","match_qtty","side","time","total_vol"
64000,-200,180400,"unknown","14:45:00",1471800
63400,-800,200,"bu","14:29:56",1291400
63400,-800,100,"bu","14:29:56",1291200
63400,-800,300,"bu","14:29:56",1291100
63400,-800,1200,"bu","14:29:56",1290800
63400,-800,600,"bu","14:29:56",1289600
63400,-800,1200,"bu","14:29:56",1289000
63400,-800,100,"bu","14:29:47",1287800
63400,-800,500,"bu","14:29:42",1287700
63400,-800,100,"bu","14:29:39",1287200
63400,-800,300,"bu","14:29:39",1287100
63400,-800,1000,"bu","14:29:27",1286800
63400,-800,1000,"bu","14:29:27",1285800
63400,-800,1000,"bu","14:29:13",1284800
63300,-900,500,"sd","14:28:45",1283800
63300,-900,900,"sd","14:28:45",1283300
63300,-900,100,"sd","14:28:45",1282400
63300,-900,300,"sd","14:28:45",1282300
63300,-900,200,"sd","14:28:45",1282000
63300,-900,300,"sd","14:28:45",1281800
63300,-900,500,"sd","14:28:45",1281500
63300,-900,100,"sd","14:28:45",1281000
63300,-900,100,"sd","14:28:45",1280900
63300,-900,100,"sd","14:28:45",1280800
63300,-900,500,"sd","14:28:45",1280700
63300,-900,400,"sd","14:28:45",1280200
63300,-900,200,"sd","14:28:45",1279800
63300,-900,500,"sd","14:28:45",1279600
63300,-900,300,"sd","14:28:45",1279100
63400,-800,1300,"bu","14:28:40",1278800
63300,-900,200,"sd","14:28:38",1277500
63400,-800,500,"bu","14:28:31",1277300
63400,-800,200,"bu","14:28:18",1276800
63400,-800,900,"bu","14:28:13",1276600
63400,-800,100,"bu","14:28:10",1275700
63400,-800,200,"bu","14:28:09",1275600
63400,-800,300,"bu","14:28:05",1275400
63400,-800,400,"bu","14:28:05",1275100
63400,-800,2600,"bu","14:28:05",1274700
63400,-800,200,"bu","14:27:38",1272100
63400,-800,500,"bu","14:27:32",1271900
63400,-800,100,"bu","14:26:59",1271400
63400,-800,3300,"bu","14:26:35",1271300
63400,-800,3300,"bu","14:26:25",1268000
63400,-800,3000,"bu","14:26:25",1264700
63300,-900,5000,"bu","14:26:25",1261700
63300,-900,2000,"bu","14:26:25",1256700
63300,-900,1500,"bu","14:26:25",1254700
63300,-900,300,"bu","14:26:25",1253200
63300,-900,100,"bu","14:26:08",1252900
63300,-900,500,"bu","14:26:07",1252800
63300,-900,700,"bu","14:26:06",1252300
63300,-900,200,"bu","14:26:00",1251600
63300,-900,900,"bu","14:25:48",1251400
63300,-900,1000,"sd","14:25:47",1250500
63300,-900,200,"sd","14:25:47",1249500
63300,-900,500,"sd","14:25:47",1249300
63300,-900,600,"sd","14:25:47",1248800
63300,-900,400,"sd","14:25:41",1248200
63300,-900,400,"sd","14:25:41",1247800
63300,-900,400,"sd","14:25:41",1247400
63300,-900,300,"sd","14:25:41",1247000
63300,-900,300,"sd","14:25:41",1246700
63300,-900,300,"sd","14:25:41",1246400
63300,-900,200,"sd","14:25:41",1246100
63300,-900,100,"sd","14:25:41",1245900
63300,-900,100,"sd","14:25:41",1245800
63300,-900,100,"sd","14:25:41",1245700
63300,-900,200,"sd","14:25:40",1245600
63300,-900,100,"sd","14:25:40",1245400
63300,-900,1000,"sd","14:25:40",1245300
63300,-900,500,"sd","14:25:40",1244300
63300,-900,600,"sd","14:25:40",1243800
63300,-900,100,"sd","14:24:53",1243200
63300,-900,400,"sd","14:24:31",1243100
63300,-900,100,"sd","14:24:31",1242700
63300,-900,500,"sd","14:24:31",1242600
63300,-900,900,"sd","14:24:31",1242100
63300,-900,100,"sd","14:24:31",1241200
63300,-900,300,"sd","14:24:31",1241100
63300,-900,1000,"sd","14:24:31",1240800
63300,-900,500,"sd","14:24:31",1239800
63300,-900,200,"sd","14:24:31",1239300
63400,-800,100,"bu","14:23:49",1239100
63400,-800,500,"bu","14:23:48",1239000
63400,-800,5100,"bu","14:23:33",1238500
63300,-900,500,"sd","14:23:22",1233400
63300,-900,500,"sd","14:23:22",1232900
63300,-900,100,"sd","14:23:22",1232400
63300,-900,1000,"sd","14:23:10",1232300
63300,-900,200,"bu","14:23:03",1231300
63300,-900,200,"sd","14:22:56",1231100
63300,-900,100,"sd","14:22:56",1230900
63300,-900,1000,"sd","14:22:56",1230800
63300,-900,300,"sd","14:22:56",1229800
63300,-900,200,"sd","14:22:56",1229500
63300,-900,100,"sd","14:22:24",1229300
63300,-900,100,"sd","14:22:19",1229200
63300,-900,600,"sd","14:22:19",1229100
63300,-900,100,"sd","14:22:19",1228500
63300,-900,200,"sd","14:22:19",1228400
63300,-900,200,"sd","14:22:09",1228200
63300,-900,100,"sd","14:22:08",1228000
63300,-900,200,"sd","14:22:08",1227900
63300,-900,100,"sd","14:22:08",1227700
63300,-900,200,"sd","14:22:08",1227600
63300,-900,100,"sd","14:22:08",1227400
63300,-900,200,"sd","14:22:08",1227300
63300,-900,300,"sd","14:22:08",1227100
63300,-900,200,"sd","14:22:08",1226800
63300,-900,400,"sd","14:22:08",1226600
63300,-900,300,"sd","14:21:47",1226200
63300,-900,100,"sd","14:21:46",1225900
63300,-900,1200,"sd","14:21:06",1225800
63300,-900,100,"sd","14:21:06",1224600
63300,-900,100,"sd","14:21:06",1224500
63300,-900,100,"sd","14:21:06",1224400
63300,-900,300,"sd","14:21:06",1224300
63300,-900,2700,"sd","14:21:05",1224000
63300,-900,100,"sd","14:21:05",1221300
63300,-900,400,"sd","14:21:05",1221200
63300,-900,500,"bu","14:20:17",1220800
63300,-900,1100,"bu","14:20:17",1220300
63300,-900,100,"bu","14:20:17",1219200
63300,-900,100,"bu","14:20:14",1219100
63300,-900,200,"bu","14:20:13",1219000
63200,-1000,700,"sd","14:20:12",1218800
63300,-900,200,"bu","14:20:09",1218100
63300,-900,300,"bu","14:20:09",1217900
63300,-900,1000,"bu","14:20:06",1217600
63300,-900,500,"bu","14:20:06",1216600
63300,-900,1200,"bu","14:20:06",1216100
63300,-900,600,"bu","14:20:06",1214900
63300,-900,3200,"bu","14:20:06",1214300
63300,-900,3500,"bu","14:20:06",1211100
63300,-900,100,"bu","14:20:06",1207600
63300,-900,100,"bu","14:19:48",1207500
63300,-900,100,"bu","14:19:44",1207400
63300,-900,1000,"bu","14:19:41",1207300
63300,-900,100,"bu","14:19:18",1206300
63300,-900,100,"bu","14:19:09",1206200
63200,-1000,1000,"sd","14:19:07",1206100
63300,-900,100,"bu","14:18:57",1205100
63300,-900,500,"sd","14:18:53",1205000
63300,-900,100,"sd","14:18:53",1204500
63300,-900,4000,"sd","14:18:53",1204400
63300,-900,300,"sd","14:18:53",1200400
63400,-800,100,"bu","14:18:49",1200100
63300,-900,700,"sd","14:18:46",1200000
63300,-900,100,"sd","14:18:46",1199300
63300,-900,100,"sd","14:18:46",1199200
63300,-900,100,"sd","14:18:46",1199100
63300,-900,500,"sd","14:18:46",1199000
63300,-900,2500,"sd","14:18:46",1198500
63400,-800,1000,"sd","14:18:18",1196000
63400,-800,100,"sd","14:18:18",1195000
63400,-800,100,"sd","14:18:18",1194900
63500,-700,100,"bu","14:18:18",1194800
63500,-700,500,"bu","14:18:06",1194700
63500,-700,400,"bu","14:18:06",1194200
63500,-700,100,"bu","14:17:38",1193800
63300,-900,500,"sd","14:17:18",1193700
63200,-1000,3100,"sd","14:17:00",1193200
63200,-1000,2000,"sd","14:17:00",1190100
63200,-1000,100,"sd","14:17:00",1188100
63200,-1000,500,"sd","14:17:00",1188000
63200,-1000,300,"sd","14:17:00",1187500
63200,-1000,1100,"sd","14:17:00",1187200
63300,-900,100,"sd","14:17:00",1186100
63300,-900,200,"sd","14:17:00",1186000
63300,-900,1300,"sd","14:17:00",1185800
63300,-900,300,"sd","14:17:00",1184500
63300,-900,500,"sd","14:17:00",1184200
63300,-900,100,"sd","14:17:00",1183700
63300,-900,100,"sd","14:17:00",1183600
63300,-900,700,"sd","14:17:00",1183500
63300,-900,200,"sd","14:17:00",1182800
63300,-900,100,"sd","14:17:00",1182600
63300,-900,1000,"sd","14:16:59",1182500
63300,-900,5000,"sd","14:16:59",1181500
63300,-900,100,"sd","14:16:59",1176500
63300,-900,100,"sd","14:16:59",1176400
63300,-900,300,"sd","14:16:59",1176300
63300,-900,100,"sd","14:16:59",1176000
63300,-900,300,"sd","14:16:59",1175900
63300,-900,2000,"sd","14:16:59",1175600
63300,-900,200,"sd","14:16:59",1173600
63300,-900,100,"sd","14:16:59",1173400
63300,-900,100,"sd","14:16:59",1173300
63300,-900,200,"sd","14:16:51",1173200
63300,-900,100,"sd","14:16:51",1173000
63300,-900,200,"sd","14:16:51",1172900
63300,-900,100,"sd","14:16:51",1172700
63300,-900,500,"sd","14:16:51",1172600
63300,-900,1000,"sd","14:16:51",1172100
63400,-800,100,"sd","14:16:51",1171100
63400,-800,700,"sd","14:16:51",1171000
63400,-800,500,"sd","14:16:51",1170300
63400,-800,1000,"sd","14:16:51",1169800
63400,-800,2000,"sd","14:16:51",1168800
63400,-800,200,"sd","14:16:51",1166800
63400,-800,1400,"sd","14:16:51",1166600
63400,-800,100,"sd","14:16:50",1165200
63400,-800,1900,"sd","14:16:50",1165100
63500,-700,100,"bu","14:16:36",1163200
63500,-700,100,"bu","14:16:27",1163100
63500,-700,2000,"bu","14:16:21",1163000
63400,-800,100,"sd","14:16:20",1161000
63400,-800,100,"sd","14:16:20",1160900
63400,-800,300,"sd","14:16:20",1160800
63400,-800,100,"sd","14:16:20",1160500
63400,-800,200,"sd","14:16:20",1160400
63400,-800,200,"sd","14:16:20",1160200
63400,-800,5000,"sd","14:16:20",1160000
63400,-800,400,"sd","14:16:20",1155000
63400,-800,100,"sd","14:16:20",1154600
63400,-800,1000,"sd","14:16:20",1154500
63400,-800,500,"sd","14:16:20",1153500
63400,-800,100,"sd","14:16:20",1153000
63400,-800,100,"sd","14:16:20",1152900
63400,-800,100,"sd","14:16:20",1152800
63500,-700,500,"bu","14:16:13",1152700
63500,-700,2000,"bu","14:16:00",1152200
63500,-700,500,"bu","14:16:00",1150200
63500,-700,200,"bu","14:16:00",1149700
63500,-700,100,"bu","14:16:00",1149500
63500,-700,200,"bu","14:16:00",1149400
63500,-700,1000,"unknown","14:16:00",1149200
63500,-700,1000,"sd","14:16:00",1148200
63500,-700,200,"sd","14:16:00",1147200
63500,-700,200,"sd","14:16:00",1147000
63500,-700,1000,"sd","14:16:00",1146800
63500,-700,1000,"sd","14:16:00",1145800
63500,-700,800,"sd","14:15:50",1144800
63500,-700,500,"sd","14:15:50",1144000
63500,-700,500,"sd","14:15:50",1143500
63500,-700,100,"sd","14:15:50",1143000
63500,-700,200,"sd","14:15:50",1142900
63500,-700,300,"sd","14:15:50",1142700
63500,-700,100,"sd","14:15:50",1142400
63500,-700,500,"sd","14:15:50",1142300
63500,-700,2000,"sd","14:15:50",1141800
63600,-600,100,"sd","14:15:31",1139800
63600,-600,100,"sd","14:15:31",1139700
63600,-600,2300,"sd","14:15:31",1139600
63600,-600,3300,"sd","14:15:28",1137300
63600,-600,4400,"sd","14:15:17",1134000
63600,-600,100,"sd","14:15:17",1129600
63600,-600,100,"sd","14:15:17",1129500
63700,-500,200,"sd","14:15:17",1129400
63700,-500,200,"sd","14:15:17",1129200
63700,-500,800,"bu","14:14:53",1129000
63700,-500,2000,"bu","14:14:52",1128200
63600,-600,400,"sd","14:14:22",1126200
63600,-600,500,"sd","14:14:22",1125800
63600,-600,100,"sd","14:14:22",1125300
63600,-600,1400,"sd","14:14:22",1125200
63600,-600,100,"sd","14:14:22",1123800
63600,-600,100,"sd","14:14:22",1123700
63600,-600,100,"sd","14:14:22",1123600
63600,-600,200,"sd","14:14:22",1123500
63600,-600,100,"sd","14:14:22",1123300
63700,-500,100,"bu","14:13:59",1123200
63700,-500,100,"sd","14:13:38",1123100
63600,-600,1600,"sd","14:13:31",1123000
63600,-600,500,"sd","14:13:31",1121400
63600,-600,1400,"sd","14:13:31",1120900
63700,-500,300,"sd","14:13:10",1119500
63700,-500,100,"sd","14:13:10",1119200
63700,-500,100,"sd","14:13:10",1119100
63700,-500,1000,"sd","14:13:10",1119000
63700,-500,500,"sd","14:13:10",1118000
63700,-500,2000,"sd","14:13:10",1117500
63700,-500,500,"sd","14:13:00",1115500
63700,-500,2500,"sd","14:12:52",1115000
63700,-500,500,"sd","14:12:52",1112500
63800,-400,1000,"bu","14:12:44",1112000
63700,-500,500,"sd","14:12:43",1111000
63800,-400,100,"bu","14:12:41",1110500
63800,-400,200,"bu","14:12:41",1110400
63800,-400,700,"bu","14:12:41",1110200
63800,-400,300,"sd","14:12:24",1109500
63800,-400,100,"bu","14:12:19",1109200
63800,-400,100,"bu","14:12:19",1109100
63800,-400,500,"bu","14:12:19",1109000
63800,-400,4500,"sd","14:11:25",1108500
63800,-400,100,"sd","14:11:18",1104000
63800,-400,1000,"sd","14:10:50",1103900
63800,-400,400,"bu","14:10:49",1102900
63800,-400,100,"sd","14:10:35",1102500
63800,-400,500,"sd","14:10:35",1102400
63800,-400,700,"sd","14:10:32",1101900
63900,-300,800,"bu","14:10:18",1101200
63900,-300,1200,"bu","14:10:18",1100400
63800,-400,2800,"sd","14:10:11",1099200
63800,-400,500,"sd","14:10:11",1096400
63800,-400,3000,"sd","14:10:11",1095900
63800,-400,2600,"sd","14:10:11",1092900
63800,-400,400,"sd","14:09:59",1090300
63800,-400,4600,"sd","14:09:59",1089900
63900,-300,1000,"bu","14:09:34",1085300
63900,-300,700,"bu","14:08:22",1084300
63900,-300,1000,"bu","14:08:21",1083600
63800,-400,400,"sd","14:08:14",1082600
63800,-400,600,"sd","14:08:14",1082200
63900,-300,200,"sd","14:07:55",1081600
63900,-300,500,"unknown","14:07:51",1081400
63900,-300,300,"bu","14:07:51",1080900
63900,-300,100,"bu","14:07:08",1080600
63900,-300,1900,"bu","14:06:56",1080500
63900,-300,100,"bu","14:06:56",1078600
63900,-300,300,"bu","14:06:48",1078500
63800,-400,2400,"sd","14:06:22",1078200
63800,-400,100,"sd","14:06:22",1075800
63800,-400,2500,"sd","14:06:22",1075700
63900,-300,1000,"bu","14:06:07",1073200
63900,-300,1000,"bu","14:06:00",1072200
63900,-300,600,"bu","14:05:57",1071200
63900,-300,1000,"bu","14:05:46",1070600
63900,-300,100,"bu","14:05:40",1069600
63900,-300,2900,"bu","14:05:33",1069500
63900,-300,1100,"bu","14:05:33",1066600
63800,-400,700,"sd","14:05:27",1065500
63800,-400,700,"bu","14:05:23",1064800
63800,-400,500,"bu","14:05:23",1064100
63800,-400,100,"bu","14:05:22",1063600
63800,-400,400,"bu","14:05:18",1063500
63800,-400,200,"bu","14:05:05",1063100
63800,-400,5000,"bu","14:04:58",1062900
63800,-400,200,"bu","14:04:57",1057900
63800,-400,500,"sd","14:04:50",1057700
63800,-400,100,"sd","14:04:50",1057200
63800,-400,100,"sd","14:04:50",1057100
63900,-300,500,"bu","14:04:48",1057000
63900,-300,200,"bu","14:04:44",1056500
63800,-400,500,"sd","14:04:26",1056300
63900,-300,1000,"bu","14:04:26",1055800
63900,-300,100,"bu","14:04:25",1054800
63800,-400,100,"sd","14:04:11",1054700
63800,-400,1900,"sd","14:04:11",1054600
63900,-300,600,"bu","14:03:58",1052700
63900,-300,1200,"bu","14:03:58",1052100
63900,-300,200,"bu","14:03:58",1050900
63900,-300,300,"bu","14:03:58",1050700
63900,-300,500,"bu","14:03:41",1050400
63800,-400,2000,"sd","14:03:20",1049900
63800,-400,100,"sd","14:03:20",1047900
63800,-400,3000,"sd","14:03:20",1047800
63800,-400,200,"sd","14:03:20",1044800
63800,-400,500,"sd","14:03:20",1044600
63800,-400,300,"sd","14:03:20",1044100
63800,-400,1000,"sd","14:02:59",1043800
63800,-400,2300,"sd","14:02:55",1042800
63800,-400,1700,"sd","14:02:55",1040500
63800,-400,500,"bu","14:01:55",1038800
63800,-400,500,"sd","14:01:51",1038300
63900,-300,2500,"bu","14:01:35",1037800
63900,-300,600,"bu","14:01:35",1035300
63900,-300,1200,"bu","14:01:35",1034700
63900,-300,100,"bu","14:01:35",1033500
63800,-400,600,"bu","14:01:35",1033400
63800,-400,100,"sd","14:01:32",1032800
63800,-400,300,"sd","14:01:32",1032700
63800,-400,500,"sd","14:01:32",1032400
63800,-400,100,"sd","14:01:32",1031900
63800,-400,200,"sd","14:01:32",1031800
63800,-400,200,"bu","14:00:40",1031600
63800,-400,1000,"bu","14:00:40",1031400
63800,-400,1600,"bu","14:00:40",1030400
63800,-400,1000,"bu","14:00:33",1028800
63800,-400,400,"bu","14:00:24",1027800
63800,-400,600,"bu","14:00:24",1027400
63700,-500,200,"sd","14:00:17",1026800
63700,-500,1100,"sd","14:00:12",1026600
63700,-500,600,"sd","14:00:12",1025500
63700,-500,100,"bu","13:59:44",1024900
63700,-500,300,"bu","13:59:44",1024800
63700,-500,200,"bu","13:59:35",1024500
63700,-500,800,"bu","13:59:35",1024300
63700,-500,500,"bu","13:59:35",1023500
63700,-500,500,"bu","13:59:33",1023000
63700,-500,200,"bu","13:59:18",1022500
63700,-500,500,"bu","13:59:15",1022300
63700,-500,500,"bu","13:59:08",1021800
63700,-500,2000,"bu","13:59:08",1021300
63700,-500,500,"bu","13:59:07",1019300
63700,-500,1500,"bu","13:59:02",1018800
63600,-600,300,"sd","13:58:41",1017300
63600,-600,2000,"bu","13:58:11",1017000
63600,-600,100,"bu","13:58:11",1015000
63600,-600,1200,"bu","13:58:11",1014900
63600,-600,1700,"bu","13:58:06",1013700
63600,-600,100,"bu","13:57:32",1012000
63500,-700,1600,"bu","13:57:28",1011900
63500,-700,400,"sd","13:56:41",1010300
63500,-700,100,"sd","13:56:34",1009900
63500,-700,100,"sd","13:56:34",1009800
63500,-700,500,"sd","13:56:32",1009700
63500,-700,100,"sd","13:56:32",1009200
63500,-700,200,"sd","13:56:32",1009100
63500,-700,200,"sd","13:56:32",1008900
63500,-700,2000,"sd","13:56:32",1008700
63500,-700,500,"sd","13:56:28",1006700
63500,-700,200,"sd","13:56:28",1006200
63500,-700,100,"sd","13:56:28",1006000
63500,-700,500,"bu","13:54:55",1005900
63500,-700,1000,"sd","13:54:48",1005400
63400,-800,400,"sd","13:53:45",1004400
63400,-800,200,"sd","13:53:45",1004000
63500,-700,600,"unknown","13:53:45",1003800
63400,-800,1000,"sd","13:53:45",1003200
63400,-800,100,"sd","13:53:45",1002200
63500,-700,600,"unknown","13:53:45",1002100
63400,-800,100,"sd","13:53:45",1001500
63500,-700,1000,"unknown","13:53:45",1001400
63400,-800,100,"sd","13:53:45",1000400
63500,-700,1000,"unknown","13:53:45",1000300
63400,-800,100,"sd","13:53:45",999300
63500,-700,500,"unknown","13:53:45",999200
63400,-800,700,"sd","13:53:45",998700
63500,-700,300,"sd","13:53:45",998000
63500,-700,100,"sd","13:53:45",997700
63500,-700,100,"sd","13:53:44",997600
63500,-700,500,"sd","13:53:44",997500
63500,-700,2000,"sd","13:53:44",997000
63500,-700,100,"sd","13:53:44",995000
63500,-700,1000,"sd","13:53:44",994900
63500,-700,200,"sd","13:53:44",993900
63500,-700,100,"sd","13:53:44",993700
63500,-700,1000,"sd","13:53:44",993600
63500,-700,100,"sd","13:53:44",992600
63500,-700,100,"sd","13:53:44",992500
63500,-700,100,"sd","13:53:44",992400
63500,-700,200,"sd","13:53:44",992300
63500,-700,300,"sd","13:53:44",992100
63500,-700,200,"sd","13:53:44",991800
63500,-700,100,"sd","13:53:44",991600
63500,-700,200,"sd","13:53:44",991500
63500,-700,200,"sd","13:53:44",991300
63500,-700,100,"sd","13:53:44",991100
63600,-600,100,"sd","13:53:44",991000
63500,-700,100,"sd","13:53:44",990900
63700,-500,100,"sd","13:53:44",990800
63700,-500,2000,"sd","13:53:44",990700
63700,-500,1800,"sd","13:53:44",988700
63700,-500,600,"sd","13:53:14",986900
63800,-400,200,"bu","13:52:46",986300
63800,-400,1000,"bu","13:52:41",986100
63800,-400,500,"bu","13:52:38",985100
63800,-400,700,"bu","13:52:14",984600
63800,-400,1300,"bu","13:52:14",983900
63700,-500,600,"bu","13:52:07",982600
63500,-700,400,"sd","13:51:50",982000
63500,-700,100,"sd","13:51:50",981600
63500,-700,100,"sd","13:51:50",981500
63500,-700,200,"sd","13:51:50",981400
63500,-700,200,"sd","13:51:50",981200
63500,-700,200,"sd","13:51:50",981000
63500,-700,100,"sd","13:51:50",980800
63500,-700,500,"sd","13:51:50",980700
63600,-600,100,"sd","13:51:50",980200
63600,-600,100,"sd","13:51:50",980100
63600,-600,3000,"sd","13:51:50",980000
63600,-600,500,"sd","13:51:50",977000
63600,-600,500,"sd","13:51:50",976500
63600,-600,100,"sd","13:51:50",976000
63600,-600,400,"sd","13:51:50",975900
63600,-600,100,"sd","13:51:50",975500
63600,-600,100,"sd","13:51:50",975400
63700,-500,1200,"sd","13:51:50",975300
63700,-500,100,"sd","13:51:50",974100
63700,-500,4000,"sd","13:51:28",974000
63700,-500,500,"sd","13:51:18",970000
63700,-500,5000,"sd","13:50:41",969500
63800,-400,100,"bu","13:50:40",964500
63700,-500,100,"sd","13:50:36",964400
63700,-500,100,"sd","13:50:36",964300
63700,-500,800,"sd","13:50:36",964200
63800,-400,100,"bu","13:50:33",963400
63700,-500,200,"sd","13:50:32",963300
63700,-500,100,"sd","13:50:32",963100
63700,-500,100,"sd","13:50:32",963000
63700,-500,100,"sd","13:50:32",962900
63700,-500,300,"sd","13:50:32",962800
63700,-500,200,"sd","13:50:32",962500
63800,-400,200,"bu","13:50:30",962300
63800,-400,100,"bu","13:50:09",962100
63800,-400,100,"bu","13:50:05",962000
63800,-400,100,"sd","13:50:04",961900
63900,-300,1000,"bu","13:49:57",961800
63800,-400,100,"sd","13:49:54",960800
63800,-400,100,"sd","13:49:54",960700
63800,-400,500,"sd","13:49:54",960600
63800,-400,200,"sd","13:49:54",960100
63800,-400,2100,"sd","13:49:54",959900
63900,-300,100,"bu","13:49:48",957800
63900,-300,400,"bu","13:49:43",957700
63900,-300,600,"bu","13:49:43",957300
63800,-400,2900,"sd","13:49:40",956700
63800,-400,100,"sd","13:49:40",953800
63900,-300,100,"bu","13:48:53",953700
63900,-300,800,"bu","13:48:45",953600
63800,-400,500,"sd","13:48:26",952800
63900,-300,100,"bu","13:48:05",952300
63800,-400,1000,"sd","13:48:03",952200
63900,-300,400,"bu","13:47:40",951200
63900,-300,100,"bu","13:47:40",950800
63800,-400,2000,"bu","13:47:39",950700
63800,-400,4500,"bu","13:47:39",948700
63800,-400,500,"bu","13:47:36",944200
63800,-400,500,"bu","13:47:36",943700
63800,-400,500,"bu","13:47:25",943200
63800,-400,2000,"bu","13:47:24",942700
63800,-400,100,"bu","13:47:16",940700
63800,-400,300,"bu","13:47:07",940600
63800,-400,1000,"bu","13:46:59",940300
63800,-400,600,"bu","13:46:47",939300
63800,-400,100,"bu","13:46:47",938700
63800,-400,200,"bu","13:46:47",938600
63800,-400,100,"bu","13:46:28",938400
63800,-400,3000,"bu","13:46:05",938300
63700,-500,600,"sd","13:45:55",935300
63700,-500,1100,"bu","13:45:35",934700
63700,-500,100,"bu","13:45:24",933600
63700,-500,600,"bu","13:45:23",933500
63700,-500,200,"bu","13:44:32",932900
63700,-500,100,"bu","13:44:09",932700
63700,-500,900,"sd","13:44:07",932600
63700,-500,100,"sd","13:44:06",931700
63700,-500,4000,"bu","13:43:49",931600
63800,-400,100,"bu","13:43:31",927600
63800,-400,100,"bu","13:42:59",927500
63500,-700,500,"sd","13:41:05",927400
63500,-700,100,"sd","13:41:05",926900
63600,-600,100,"sd","13:41:05",926800
63600,-600,1800,"sd","13:41:05",926700
63700,-500,100,"sd","13:41:05",924900
63700,-500,3700,"sd","13:41:05",924800
63700,-500,100,"sd","13:40:58",921100
63700,-500,200,"sd","13:40:52",921000
63700,-500,700,"sd","13:40:51",920800
63700,-500,300,"sd","13:40:51",920100
63700,-500,100,"sd","13:40:47",919800
63800,-400,700,"bu","13:40:12",919700
63800,-400,2000,"bu","13:40:12",919000
63800,-400,300,"bu","13:40:12",917000
63800,-400,500,"bu","13:39:03",916700
63800,-400,100,"bu","13:38:52",916200
63800,-400,1800,"bu","13:38:46",916100
63700,-500,100,"sd","13:38:45",914300
63800,-400,500,"bu","13:38:39",914200
63800,-400,600,"bu","13:38:18",913700
63700,-500,1700,"sd","13:36:56",913100
63800,-400,1200,"bu","13:36:55",911400
63800,-400,3800,"bu","13:36:55",910200
63700,-500,300,"bu","13:36:47",906400
63700,-500,200,"bu","13:36:47",906100
63700,-500,300,"bu","13:36:47",905900
63700,-500,500,"bu","13:36:47",905600
63700,-500,200,"bu","13:36:36",905100
63700,-500,1300,"bu","13:36:36",904900
63700,-500,100,"bu","13:36:36",903600
63700,-500,700,"bu","13:36:36",903500
63700,-500,1500,"bu","13:36:36",902800
63600,-600,600,"bu","13:35:57",901300
63600,-600,2500,"bu","13:35:56",900700
63600,-600,100,"bu","13:35:56",898200
63500,-700,100,"sd","13:35:45",898100
63500,-700,100,"sd","13:35:45",898000
63500,-700,100,"sd","13:35:36",897900
63500,-700,500,"sd","13:35:36",897800
63500,-700,4400,"sd","13:35:36",897300
63500,-700,500,"bu","13:34:15",892900
63500,-700,700,"bu","13:33:59",892400
63500,-700,1000,"sd","13:33:50",891700
63500,-700,800,"sd","13:33:50",890700
63500,-700,100,"sd","13:33:45",889900
63500,-700,100,"sd","13:33:45",889800
63500,-700,500,"sd","13:33:45",889700
63500,-700,500,"sd","13:33:45",889200
63500,-700,100,"sd","13:33:45",888700
63500,-700,700,"sd","13:32:38",888600
63500,-700,600,"sd","13:32:20",887900
63500,-700,200,"sd","13:32:20",887300
63500,-700,400,"sd","13:32:20",887100
63500,-700,100,"sd","13:32:03",886700
63500,-700,1000,"sd","13:32:03",886600
63500,-700,100,"sd","13:32:03",885600
63500,-700,100,"sd","13:32:03",885500
63500,-700,100,"sd","13:32:03",885400
63500,-700,1000,"sd","13:32:03",885300
63500,-700,600,"sd","13:32:03",884300
63600,-600,900,"bu","13:31:35",883700
63600,-600,100,"bu","13:31:35",882800
63500,-700,400,"sd","13:31:08",882700
63500,-700,100,"sd","13:31:08",882300
63600,-600,300,"bu","13:29:45",882200
63600,-600,200,"sd","13:29:43",881900
63600,-600,200,"sd","13:29:43",881700
63600,-600,100,"sd","13:29:29",881500
63600,-600,100,"sd","13:29:29",881400
63600,-600,300,"sd","13:29:29",881300
63600,-600,500,"bu","13:28:21",881000
63600,-600,400,"sd","13:28:21",880500
63600,-600,200,"sd","13:28:19",880100
63600,-600,100,"sd","13:28:18",879900
63600,-600,100,"sd","13:28:18",879800
63600,-600,100,"sd","13:28:18",879700
63600,-600,500,"sd","13:28:11",879600
63600,-600,100,"sd","13:28:07",879100
63600,-600,100,"sd","13:28:00",879000
63700,-500,100,"bu","13:27:08",878900
63700,-500,300,"bu","13:27:03",878800
63700,-500,400,"bu","13:27:03",878500
63700,-500,1300,"bu","13:27:03",878100
63600,-600,1200,"sd","13:27:03",876800
63600,-600,800,"sd","13:27:03",875600
63600,-600,100,"sd","13:27:03",874800
63600,-600,1200,"sd","13:27:03",874700
63600,-600,500,"sd","13:27:03",873500
63600,-600,1000,"sd","13:27:03",873000
63600,-600,100,"sd","13:27:03",872000
63600,-600,100,"sd","13:27:03",871900
63700,-500,100,"bu","13:26:01",871800
63700,-500,100,"bu","13:25:42",871700
63700,-500,300,"bu","13:25:37",871600
63700,-500,100,"bu","13:25:21",871300
63700,-500,100,"bu","13:24:08",871200
63700,-500,100,"bu","13:23:59",871100
63700,-500,200,"bu","13:23:51",871000
63700,-500,100,"bu","13:23:51",870800
63700,-500,700,"bu","13:23:51",870700
63700,-500,1000,"bu","13:23:05",870000
63600,-600,100,"sd","13:22:19",869000
63600,-600,1900,"sd","13:22:19",868900
63700,-500,100,"sd","13:22:14",867000
63700,-500,200,"sd","13:22:14",866900
63800,-400,1700,"bu","13:22:07",866700
63700,-500,800,"sd","13:22:05",865000
63700,-500,200,"sd","13:22:05",864200
63800,-400,500,"bu","13:21:39",864000
63800,-400,400,"bu","13:21:36",863500
63800,-400,1200,"bu","13:21:36",863100
63800,-400,1400,"bu","13:21:36",861900
63700,-500,300,"sd","13:21:35",860500
63700,-500,200,"sd","13:21:35",860200
63800,-400,300,"bu","13:21:07",860000
63800,-400,200,"bu","13:20:47",859700
63800,-400,300,"bu","13:19:43",859500
63800,-400,200,"bu","13:19:42",859200
63800,-400,600,"bu","13:19:42",859000
63800,-400,400,"bu","13:18:56",858400
63700,-500,6400,"sd","13:18:54",858000
63700,-500,1200,"sd","13:18:54",851600
63700,-500,2200,"sd","13:18:54",850400
63700,-500,200,"sd","13:18:54",848200
63700,-500,500,"bu","13:18:48",848000
63700,-500,300,"bu","13:18:48",847500
63700,-500,100,"bu","13:18:43",847200
63700,-500,400,"bu","13:18:21",847100
63700,-500,200,"bu","13:18:00",846700
63700,-500,100,"bu","13:17:25",846500
63600,-600,3100,"bu","13:16:11",846400
63600,-600,100,"bu","13:15:26",843300
63600,-600,600,"bu","13:15:26",843200
63600,-600,100,"bu","13:15:26",842600
63600,-600,1100,"bu","13:15:08",842500
63600,-600,2000,"bu","13:15:08",841400
63600,-600,200,"bu","13:15:08",839400
63600,-600,500,"bu","13:15:08",839200
63600,-600,900,"bu","13:15:08",838700
63500,-700,100,"bu","13:15:08",837800
63500,-700,200,"bu","13:15:08",837700
63400,-800,300,"sd","13:14:58",837500
63400,-800,200,"sd","13:14:58",837200
63500,-700,200,"bu","13:14:50",837000
63500,-700,100,"bu","13:14:47",836800
63500,-700,200,"bu","13:14:42",836700
63500,-700,200,"bu","13:14:40",836500
63500,-700,100,"bu","13:14:30",836300
63500,-700,100,"bu","13:14:28",836200
63500,-700,200,"sd","13:14:27",836100
63500,-700,1000,"sd","13:14:27",835900
63500,-700,500,"sd","13:14:27",834900
63500,-700,200,"sd","13:14:27",834400
63600,-600,400,"bu","13:14:19",834200
63600,-600,200,"bu","13:14:19",833800
63600,-600,500,"bu","13:14:19",833600
63600,-600,600,"bu","13:14:11",833100
63500,-700,300,"sd","13:13:53",832500
63500,-700,5000,"sd","13:13:53",832200
63500,-700,3300,"sd","13:13:53",827200
63500,-700,1400,"sd","13:13:53",823900
63600,-600,2300,"bu","13:12:53",822500
63600,-600,700,"bu","13:12:53",820200
63500,-700,200,"bu","13:12:45",819500
63500,-700,400,"bu","13:12:45",819300
63500,-700,100,"bu","13:12:30",818900
63500,-700,400,"bu","13:12:30",818800
63500,-700,100,"bu","13:12:05",818400
63400,-800,800,"sd","13:12:04",818300
63400,-800,100,"sd","13:12:04",817500
63500,-700,100,"bu","13:11:51",817400
63500,-700,700,"sd","13:11:33",817300
63500,-700,600,"bu","13:11:32",816600
63500,-700,500,"bu","13:11:30",816000
63500,-700,200,"bu","13:11:27",815500
63500,-700,700,"bu","13:10:51",815300
63500,-700,300,"bu","13:10:51",814600
63500,-700,100,"bu","13:10:44",814300
63500,-700,200,"bu","13:10:41",814200
63500,-700,1000,"bu","13:10:31",814000
63500,-700,200,"sd","13:09:51",813000
63500,-700,100,"sd","13:09:51",812800
63500,-700,100,"sd","13:09:51",812700
63600,-600,100,"bu","13:09:49",812600
63600,-600,2900,"bu","13:09:49",812500
63600,-600,2100,"sd","13:08:47",809600
63600,-600,1000,"bu","13:08:39",807500
63600,-600,900,"bu","13:08:39",806500
63500,-700,1000,"bu","13:08:39",805600
63500,-700,1700,"bu","13:08:31",804600
63500,-700,400,"bu","13:08:31",802900
63500,-700,300,"bu","13:08:31",802500
63500,-700,4600,"bu","13:08:22",802200
63500,-700,400,"bu","13:08:22",797600
63500,-700,300,"bu","13:08:19",797200
63500,-700,100,"bu","13:08:17",796900
63400,-800,300,"sd","13:08:12",796800
63500,-700,1000,"bu","13:08:05",796500
63300,-900,800,"sd","13:06:57",795500
63400,-800,200,"sd","13:06:57",794700
63300,-900,500,"sd","13:06:47",794500
63500,-700,100,"bu","13:06:45",794000
63500,-700,700,"bu","13:06:45",793900
63500,-700,100,"sd","13:06:43",793200
63500,-700,300,"sd","13:06:43",793100
63500,-700,3000,"sd","13:06:41",792800
63600,-600,1800,"bu","13:06:36",789800
63600,-600,1200,"bu","13:06:36",788000
63600,-600,1000,"bu","13:06:36",786800
63600,-600,1000,"bu","13:06:36",785800
63500,-700,3000,"sd","13:06:22",784800
63500,-700,1000,"bu","13:06:15",781800
63500,-700,1000,"bu","13:06:15",780800
63300,-900,700,"sd","13:06:07",779800
63300,-900,200,"sd","13:06:07",779100
63400,-800,100,"sd","13:06:07",778900
63300,-900,300,"bu","13:05:50",778800
63300,-900,100,"bu","13:05:49",778500
63300,-900,700,"bu","13:05:39",778400
63300,-900,100,"bu","13:05:39",777700
63300,-900,1000,"bu","13:05:39",777600
63300,-900,100,"bu","13:05:37",776600
63300,-900,100,"bu","13:05:37",776500
63300,-900,1000,"bu","13:05:34",776400
63300,-900,200,"bu","13:05:17",775400
63200,-1000,2000,"sd","13:05:08",775200
63200,-1000,200,"sd","13:05:04",773200
63300,-900,200,"bu","13:04:57",773000
63300,-900,500,"bu","13:04:49",772800
63300,-900,1000,"bu","13:04:44",772300
63300,-900,200,"bu","13:04:36",771300
63300,-900,100,"bu","13:04:23",771100
63300,-900,100,"sd","13:04:06",771000
63300,-900,2000,"sd","13:04:06",770900
63300,-900,400,"sd","13:04:06",768900
63300,-900,1600,"sd","13:04:06",768500
63500,-700,1400,"sd","13:04:06",766900
63500,-700,3600,"bu","13:03:59",765500
63500,-700,1400,"sd","13:03:50",761900
63500,-700,3600,"bu","13:03:28",760500
63500,-700,100,"sd","13:03:10",756900
63500,-700,1300,"sd","13:03:10",756800
63500,-700,1300,"sd","13:02:59",755500
63500,-700,3400,"bu","13:02:52",754200
63300,-900,700,"bu","13:02:45",750800
63300,-900,100,"bu","13:02:44",750100
63300,-900,1000,"bu","13:02:41",750000
63300,-900,1000,"bu","13:02:34",749000
63300,-900,5000,"bu","13:02:31",748000
63200,-1000,1600,"sd","13:02:20",743000
63200,-1000,100,"sd","13:01:58",741400
63200,-1000,100,"sd","13:01:58",741300
63200,-1000,300,"sd","13:01:58",741200
63200,-1000,300,"sd","13:01:58",740900
63200,-1000,10000,"sd","13:01:58",740600
63200,-1000,100,"sd","13:01:58",730600
63200,-1000,4000,"sd","13:01:58",730500
63200,-1000,100,"sd","13:01:58",726500
63300,-900,100,"sd","13:01:48",726400
63300,-900,1000,"sd","13:01:48",726300
63300,-900,1000,"sd","13:01:48",725300
63300,-900,100,"sd","13:01:48",724300
63300,-900,100,"sd","13:01:48",724200
63300,-900,1000,"sd","13:01:48",724100
63300,-900,200,"sd","13:01:48",723100
63300,-900,100,"sd","13:01:47",722900
63300,-900,100,"sd","13:01:47",722800
63300,-900,400,"sd","13:01:47",722700
63300,-900,600,"sd","13:01:47",722300
63300,-900,1000,"sd","13:01:47",721700
63300,-900,200,"sd","13:01:47",720700
63300,-900,400,"sd","13:01:47",720500
63300,-900,100,"sd","13:01:47",720100
63300,-900,200,"sd","13:01:47",720000
63300,-900,100,"sd","13:01:47",719800
63300,-900,100,"sd","13:01:47",719700
63300,-900,100,"sd","13:01:47",719600
63300,-900,100,"sd","13:01:47",719500
63300,-900,200,"sd","13:01:47",719400
63300,-900,400,"sd","13:01:47",719200
63300,-900,100,"sd","13:01:47",718800
63300,-900,200,"sd","13:01:28",718700
63300,-900,300,"sd","13:01:28",718500
63300,-900,500,"sd","13:01:28",718200
63300,-900,200,"sd","13:01:28",717700
63300,-900,200,"sd","13:01:28",717500
63300,-900,100,"sd","13:01:28",717300
63300,-900,2500,"sd","13:01:28",717200
63400,-800,1000,"sd","13:01:28",714700
63400,-800,100,"sd","13:01:28",713700
63400,-800,100,"sd","13:01:28",713600
63400,-800,100,"sd","13:01:28",713500
63400,-800,100,"sd","13:01:28",713400
63400,-800,100,"sd","13:01:28",713300
63400,-800,100,"sd","13:01:28",713200
63400,-800,100,"sd","13:01:28",713100
63400,-800,300,"sd","13:01:28",713000
63400,-800,200,"sd","13:01:28",712700
63400,-800,1500,"sd","13:01:28",712500
63400,-800,300,"sd","13:01:28",711000
63500,-700,700,"sd","13:01:28",710700
63500,-700,800,"sd","13:01:28",710000
63700,-500,100,"sd","13:01:28",709200
63700,-500,100,"sd","13:00:24",709100
63800,-400,1900,"sd","13:00:24",709000
64000,-200,100,"bu","13:00:11",707100
63500,-700,100,"bu","13:00:08",707000
63500,-700,500,"bu","13:00:04",706900
63500,-700,500,"bu","13:00:04",706400
63500,-700,300,"bu","13:00:04",705900
63500,-700,100,"bu","13:00:04",705600
63500,-700,100,"bu","13:00:04",705500
63500,-700,1000,"bu","13:00:04",705400
63500,-700,300,"bu","13:00:04",704400
63500,-700,1000,"bu","13:00:04",704100
63500,-700,200,"bu","13:00:04",703100
63700,-500,200,"bu","13:00:04",702900
63700,-500,100,"bu","13:00:03",702700
63800,-400,200,"bu","13:00:03",702600
63900,-300,400,"sd","13:00:03",702400
64000,-200,700,"bu","13:00:01",702000
64000,-200,100,"bu","13:00:01",701300
64000,-200,800,"bu","13:00:01",701200
64000,-200,200,"bu","11:29:46",700400
63800,-400,200,"sd","11:28:48",700200
64100,-100,2800,"bu","11:24:55",700000
64100,-100,1200,"bu","11:24:55",697200
64200,0,100,"bu","11:24:24",696000
64100,-100,100,"bu","11:24:24",695900
64100,-100,900,"sd","11:23:26",695800
64100,-100,1100,"bu","11:22:44",694900
63500,-700,9800,"bu","11:22:31",693800
63500,-700,100,"sd","11:22:14",684000
63500,-700,100,"sd","11:22:14",683900
63500,-700,100,"sd","11:22:14",683800
63500,-700,10000,"sd","11:22:14",683700
63600,-600,100,"sd","11:22:14",673700
63600,-600,100,"sd","11:22:14",673600
63600,-600,1000,"sd","11:22:14",673500
63600,-600,3000,"sd","11:22:14",672500
63700,-500,200,"sd","11:22:14",669500
63700,-500,100,"sd","11:22:14",669300
63700,-500,100,"sd","11:22:14",669200
63800,-400,100,"sd","11:22:14",669100
64100,-100,200,"sd","11:19:35",669000
64200,0,300,"bu","11:19:34",668800
64200,0,400,"sd","11:18:38",668500
64200,0,900,"sd","11:18:38",668100
64200,0,1200,"sd","11:18:38",667200
64200,0,2600,"sd","11:18:34",666000
64200,0,400,"sd","11:18:34",663400
64200,0,600,"bu","11:18:23",663000
64200,0,3200,"bu","11:18:23",662400
64200,0,1200,"bu","11:18:23",659200
64200,0,600,"bu","11:18:23",658000
64200,0,2400,"bu","11:18:06",657400
64200,0,600,"bu","11:18:06",655000
64100,-100,8000,"bu","11:17:26",654400
64100,-100,300,"bu","11:17:26",646400
64000,-200,1800,"bu","11:17:07",646100
64000,-200,2200,"bu","11:17:03",644300
64000,-200,1100,"bu","11:17:03",642100
64000,-200,900,"bu","11:17:01",641000
64000,-200,6400,"bu","11:17:01",640100
63900,-300,2400,"bu","11:17:01",633700
63900,-300,300,"bu","11:17:01",631300
63900,-300,200,"bu","11:17:00",631000
63900,-300,200,"bu","11:16:29",630800
63900,-300,300,"bu","11:15:50",630600
63800,-400,3300,"bu","11:15:07",630300
63800,-400,200,"bu","11:15:07",627000
63800,-400,300,"bu","11:14:54",626800
63800,-400,100,"bu","11:14:40",626500
63800,-400,400,"bu","11:14:28",626400
63800,-400,2900,"bu","11:14:27",626000
63800,-400,1100,"bu","11:14:05",623100
63800,-400,2000,"bu","11:14:05",622000
63700,-500,2000,"bu","11:14:05",620000
63700,-500,2000,"bu","11:14:05",618000
63700,-500,2000,"bu","11:14:05",616000
63700,-500,500,"bu","11:14:05",614000
63700,-500,400,"bu","11:14:05",613500
63700,-500,100,"bu","11:13:49",613100
63700,-500,500,"bu","11:13:42",613000
63400,-800,500,"sd","11:13:02",612500
63400,-800,200,"sd","11:12:22",612000
63400,-800,200,"sd","11:11:35",611800
63400,-800,100,"sd","11:11:35",611600
63400,-800,500,"sd","11:11:35",611500
63400,-800,100,"sd","11:11:35",611000
63400,-800,100,"sd","11:11:35",610900
63400,-800,100,"sd","11:11:33",610800
63400,-800,100,"sd","11:11:17",610700
63300,-900,200,"sd","11:10:25",610600
63300,-900,300,"sd","11:10:17",610400
63300,-900,1600,"sd","11:10:17",610100
63300,-900,100,"sd","11:10:17",608500
63300,-900,100,"sd","11:10:17",608400
63400,-800,100,"sd","11:10:17",608300
63500,-700,100,"sd","11:10:17",608200
63500,-700,200,"sd","11:10:17",608100
63500,-700,300,"bu","11:09:37",607900
63500,-700,200,"sd","11:09:13",607600
63500,-700,300,"sd","11:09:01",607400
63500,-700,100,"sd","11:09:01",607100
63500,-700,200,"sd","11:09:01",607000
63500,-700,500,"sd","11:09:01",606800
63500,-700,300,"sd","11:09:01",606300
63500,-700,100,"sd","11:09:01",606000
63500,-700,200,"sd","11:09:01",605900
63500,-700,200,"sd","11:09:01",605700
63500,-700,400,"sd","11:08:55",605500
63500,-700,400,"sd","11:08:52",605100
63500,-700,100,"sd","11:08:52",604700
63500,-700,100,"sd","11:08:52",604600
63500,-700,5000,"sd","11:08:52",604500
63500,-700,400,"sd","11:08:52",599500
63500,-700,600,"sd","11:08:48",599100
63500,-700,4400,"sd","11:08:48",598500
63500,-700,1600,"sd","11:08:30",594100
63500,-700,1000,"sd","11:08:30",592500
63500,-700,2000,"sd","11:08:30",591500
63500,-700,400,"sd","11:08:30",589500
63500,-700,2500,"sd","11:08:30",589100
63500,-700,200,"sd","11:08:30",586600
63500,-700,300,"sd","11:08:30",586400
63500,-700,1000,"sd","11:08:30",586100
63500,-700,800,"sd","11:08:30",585100
63500,-700,100,"sd","11:08:30",584300
63500,-700,200,"sd","11:08:30",584200
63500,-700,100,"sd","11:08:30",584000
63500,-700,5000,"sd","11:08:30",583900
63500,-700,500,"sd","11:08:30",578900
63500,-700,5000,"sd","11:08:30",578400
63500,-700,1000,"sd","11:08:30",573400
63500,-700,100,"sd","11:08:30",572400
63500,-700,1400,"sd","11:08:30",572300
63600,-600,100,"sd","11:08:30",570900
63600,-600,3300,"sd","11:08:30",570800
63600,-600,200,"sd","11:08:30",567500
63600,-600,1000,"sd","11:08:30",567300
63600,-600,2200,"sd","11:08:30",566300
63600,-600,1000,"sd","11:08:19",564100
63700,-500,500,"sd","11:06:51",563100
63700,-500,1000,"sd","11:06:42",562600
63700,-500,1000,"sd","11:06:25",561600
63700,-500,800,"sd","11:05:56",560600
63700,-500,100,"sd","11:05:56",559800
63700,-500,300,"sd","11:05:29",559700
63700,-500,100,"sd","11:05:11",559400
63700,-500,100,"sd","11:05:11",559300
63700,-500,200,"sd","11:05:11",559200
63700,-500,500,"sd","11:05:11",559000
63700,-500,100,"sd","11:05:11",558500
63700,-500,400,"sd","11:02:28",558400
63700,-500,500,"sd","11:02:11",558000
63700,-500,500,"sd","11:02:11",557500
63700,-500,100,"sd","11:01:45",557000
63700,-500,700,"bu","11:00:42",556900
63700,-500,200,"bu","11:00:42",556200
63700,-500,100,"sd","11:00:28",556000
63700,-500,400,"sd","10:59:55",555900
63700,-500,100,"sd","10:59:55",555500
63700,-500,500,"sd","10:59:55",555400
63700,-500,500,"bu","10:59:22",554900
63600,-600,100,"sd","10:59:01",554400
63600,-600,100,"bu","10:58:31",554300
63600,-600,100,"sd","10:58:24",554200
63600,-600,500,"sd","10:58:16",554100
63600,-600,100,"sd","10:58:16",553600
63500,-700,500,"sd","10:57:26",553500
63500,-700,100,"sd","10:56:23",553000
63600,-600,100,"sd","10:56:12",552900
63600,-600,100,"sd","10:56:12",552800
63500,-700,3000,"sd","10:55:08",552700
63500,-700,4000,"sd","10:54:52",549700
63500,-700,100,"sd","10:54:52",545700
63500,-700,200,"sd","10:54:52",545600
63500,-700,100,"sd","10:54:52",545400
63500,-700,100,"sd","10:54:52",545300
63500,-700,100,"sd","10:54:52",545200
63500,-700,300,"sd","10:54:52",545100
63500,-700,100,"sd","10:54:52",544800
63600,-600,100,"sd","10:54:36",544700
63600,-600,100,"sd","10:54:36",544600
63600,-600,900,"sd","10:54:07",544500
63600,-600,900,"sd","10:54:07",543600
63600,-600,100,"sd","10:54:06",542700
63600,-600,200,"sd","10:54:06",542600
63600,-600,700,"sd","10:54:06",542400
63600,-600,300,"sd","10:53:31",541700
63600,-600,200,"sd","10:53:31",541400
63600,-600,300,"sd","10:53:31",541200
63600,-600,1000,"sd","10:53:31",540900
63600,-600,100,"sd","10:53:31",539900
63600,-600,300,"sd","10:53:31",539800
63600,-600,100,"sd","10:53:31",539500
63600,-600,1000,"sd","10:53:31",539400
63600,-600,1000,"sd","10:53:31",538400
63600,-600,100,"sd","10:53:31",537400
63600,-600,400,"sd","10:53:31",537300
63600,-600,200,"sd","10:53:31",536900
63700,-500,100,"sd","10:53:24",536700
63700,-500,100,"sd","10:53:24",536600
63700,-500,200,"sd","10:53:24",536500
63700,-500,100,"sd","10:53:24",536300
63700,-500,400,"sd","10:53:20",536200
63700,-500,200,"sd","10:53:08",535800
63700,-500,200,"sd","10:52:58",535600
63700,-500,300,"sd","10:52:58",535400
63700,-500,100,"sd","10:52:58",535100
63800,-400,200,"bu","10:52:49",535000
63800,-400,1000,"bu","10:52:46",534800
63700,-500,500,"sd","10:52:41",533800
63800,-400,1800,"bu","10:52:02",533300
63800,-400,200,"bu","10:52:02",531500
63700,-500,1000,"sd","10:51:59",531300
63700,-500,500,"sd","10:51:59",530300
63700,-500,1000,"sd","10:51:59",529800
63700,-500,100,"sd","10:51:59",528800
63700,-500,300,"sd","10:51:59",528700
63700,-500,1000,"sd","10:51:59",528400
63700,-500,1000,"sd","10:51:59",527400
63700,-500,100,"sd","10:51:59",526400
63800,-400,100,"sd","10:50:55",526300
63800,-400,200,"sd","10:50:55",526200
63800,-400,100,"sd","10:50:55",526000
63800,-400,300,"sd","10:50:33",525900
63800,-400,500,"sd","10:50:06",525600
63800,-400,1800,"sd","10:49:48",525100
63800,-400,100,"sd","10:49:48",523300
63800,-400,100,"sd","10:49:48",523200
63800,-400,100,"sd","10:49:48",523100
63800,-400,900,"sd","10:49:48",523000
63800,-400,200,"sd","10:49:05",522100
63800,-400,500,"sd","10:49:05",521900
63800,-400,100,"sd","10:49:05",521400
63800,-400,200,"sd","10:49:05",521300
63800,-400,300,"sd","10:49:05",521100
63800,-400,500,"sd","10:49:05",520800
63800,-400,300,"sd","10:49:05",520300
63800,-400,200,"sd","10:49:05",520000
63800,-400,100,"sd","10:49:05",519800
63800,-400,100,"sd","10:49:05",519700
63800,-400,1500,"sd","10:49:05",519600
63800,-400,1000,"sd","10:49:05",518100
63800,-400,900,"sd","10:49:03",517100
63800,-400,100,"sd","10:49:03",516200
63800,-400,100,"sd","10:49:03",516100
63800,-400,300,"sd","10:49:03",516000
63800,-400,400,"sd","10:49:02",515700
63800,-400,500,"sd","10:48:20",515300
63800,-400,3200,"sd","10:48:14",514800
63800,-400,300,"sd","10:48:00",511600
63800,-400,100,"sd","10:48:00",511300
63800,-400,800,"sd","10:48:00",511200
63800,-400,200,"sd","10:47:11",510400
63800,-400,800,"sd","10:47:10",510200
63800,-400,200,"sd","10:47:10",509400
63800,-400,100,"sd","10:47:10",509200
63900,-300,100,"sd","10:47:04",509100
63900,-300,100,"sd","10:47:04",509000
63900,-300,800,"sd","10:46:55",508900
63900,-300,200,"sd","10:46:55",508100
63900,-300,400,"sd","10:46:29",507900
63900,-300,100,"sd","10:46:29",507500
63900,-300,6500,"sd","10:46:29",507400
63900,-300,100,"sd","10:46:21",500900
63900,-300,200,"sd","10:46:20",500800
63900,-300,100,"sd","10:46:20",500600
63900,-300,3100,"sd","10:46:08",500500
63900,-300,1900,"sd","10:46:08",497400
63900,-300,200,"sd","10:46:05",495500
63900,-300,200,"sd","10:45:31",495300
63900,-300,400,"sd","10:45:30",495100
63900,-300,800,"sd","10:45:30",494700
63900,-300,100,"sd","10:45:15",493900
64000,-200,1000,"bu","10:45:13",493800
63900,-300,100,"sd","10:44:40",492800
63900,-300,300,"sd","10:44:40",492700
63900,-300,900,"sd","10:44:40",492400
63900,-300,100,"sd","10:44:30",491500
63900,-300,900,"sd","10:44:30",491400
63900,-300,2000,"bu","10:44:00",490500
63900,-300,1000,"bu","10:44:00",488500
63900,-300,1000,"bu","10:44:00",487500
63900,-300,100,"bu","10:44:00",486500
63900,-300,2000,"bu","10:43:55",486400
63900,-300,300,"sd","10:43:50",484400
63900,-300,300,"sd","10:43:50",484100
63900,-300,100,"sd","10:43:50",483800
63900,-300,100,"sd","10:43:50",483700
63900,-300,100,"sd","10:43:50",483600
63900,-300,400,"sd","10:43:50",483500
63900,-300,100,"sd","10:43:49",483100
63900,-300,500,"sd","10:43:41",483000
63900,-300,4400,"sd","10:43:41",482500
63900,-300,200,"sd","10:43:28",478100
63900,-300,700,"sd","10:43:01",477900
63900,-300,200,"sd","10:43:01",477200
63900,-300,100,"sd","10:43:00",477000
63900,-300,100,"sd","10:43:00",476900
63900,-300,100,"sd","10:43:00",476800
64000,-200,100,"sd","10:42:23",476700
64000,-200,100,"sd","10:42:23",476600
64000,-200,200,"sd","10:42:23",476500
64000,-200,100,"sd","10:42:23",476300
64000,-200,500,"sd","10:42:23",476200
64000,-200,1000,"sd","10:42:23",475700
64000,-200,200,"sd","10:42:23",474700
64000,-200,1000,"sd","10:42:23",474500
64000,-200,200,"sd","10:42:23",473500
64000,-200,100,"sd","10:42:23",473300
64000,-200,100,"sd","10:42:23",473200
64000,-200,100,"sd","10:42:23",473100
64000,-200,500,"sd","10:42:23",473000
64000,-200,200,"sd","10:42:23",472500
64000,-200,1000,"sd","10:42:23",472300
64000,-200,300,"sd","10:42:23",471300
64000,-200,200,"sd","10:42:23",471000
64000,-200,1000,"sd","10:42:23",470800
64000,-200,500,"sd","10:42:23",469800
64000,-200,200,"sd","10:42:23",469300
64000,-200,800,"sd","10:42:22",469100
64000,-200,1000,"sd","10:42:22",468300
64000,-200,100,"sd","10:42:22",467300
64000,-200,100,"sd","10:42:22",467200
64000,-200,100,"sd","10:42:22",467100
64000,-200,100,"sd","10:42:22",467000
64000,-200,600,"sd","10:42:22",466900
64000,-200,100,"sd","10:42:22",466300
64000,-200,200,"sd","10:42:22",466200
64000,-200,100,"sd","10:42:22",466000
64000,-200,1000,"sd","10:42:22",465900
64000,-200,100,"sd","10:42:22",464900
64000,-200,200,"sd","10:42:22",464800
64000,-200,100,"sd","10:42:22",464600
64000,-200,100,"sd","10:42:22",464500
64000,-200,100,"sd","10:42:22",464400
64000,-200,200,"sd","10:42:22",464300
64000,-200,100,"sd","10:42:22",464100
64000,-200,100,"sd","10:42:22",464000
64000,-200,400,"sd","10:42:20",463900
64000,-200,300,"sd","10:42:20",463500
64000,-200,500,"sd","10:42:20",463200
64000,-200,2000,"sd","10:42:20",462700
64000,-200,700,"sd","10:42:20",460700
64000,-200,100,"sd","10:42:20",460000
64000,-200,1000,"sd","10:42:20",459900
64000,-200,2000,"sd","10:42:16",458900
64000,-200,200,"sd","10:42:10",456900
64000,-200,100,"sd","10:42:10",456700
64000,-200,100,"sd","10:42:10",456600
64100,-100,800,"bu","10:41:50",456500
64100,-100,100,"sd","10:41:35",455700
64100,-100,100,"sd","10:41:35",455600
64100,-100,400,"sd","10:41:28",455500
64100,-100,100,"sd","10:41:28",455100
64100,-100,400,"sd","10:41:24",455000
64100,-100,300,"sd","10:41:24",454600
64100,-100,300,"sd","10:41:24",454300
64100,-100,900,"sd","10:41:24",454000
64100,-100,500,"sd","10:41:24",453100
64100,-100,100,"sd","10:41:24",452600
64100,-100,500,"sd","10:41:24",452500
64100,-100,500,"sd","10:41:23",452000
64100,-100,100,"sd","10:41:07",451500
64100,-100,100,"sd","10:40:30",451400
64100,-100,200,"sd","10:40:26",451300
64100,-100,400,"sd","10:40:02",451100
64100,-100,100,"sd","10:40:02",450700
64100,-100,800,"sd","10:40:02",450600
64100,-100,100,"sd","10:39:40",449800
64100,-100,100,"sd","10:38:50",449700
64200,0,100,"sd","10:38:02",449600
64200,0,100,"sd","10:38:02",449500
64200,0,100,"sd","10:38:02",449400
64200,0,100,"sd","10:38:02",449300
64200,0,100,"sd","10:36:25",449200
64200,0,200,"sd","10:36:20",449100
64200,0,300,"sd","10:35:30",448900
64200,0,500,"sd","10:35:29",448600
64200,0,800,"sd","10:34:40",448100
64200,0,300,"sd","10:34:40",447300
64200,0,200,"sd","10:34:40",447000
64200,0,100,"sd","10:34:40",446800
64400,200,100,"bu","10:34:21",446700
64300,100,200,"sd","10:34:01",446600
64300,100,100,"sd","10:34:01",446400
64300,100,100,"sd","10:34:01",446300
64300,100,600,"sd","10:34:01",446200
64300,100,2000,"bu","10:32:42",445600
64300,100,100,"bu","10:32:42",443600
64300,100,400,"bu","10:32:42",443500
64300,100,700,"bu","10:32:42",443100
64300,100,100,"bu","10:32:42",442400
64300,100,200,"bu","10:32:42",442300
64300,100,1900,"bu","10:32:42",442100
64300,100,700,"bu","10:32:42",440200
64300,100,400,"bu","10:32:42",439500
64300,100,1900,"bu","10:32:42",439100
64300,100,700,"bu","10:32:42",437200
64300,100,300,"bu","10:32:42",436500
64200,0,100,"sd","10:32:16",436200
64200,0,400,"sd","10:32:16",436100
64300,100,100,"bu","10:32:13",435700
64200,0,200,"sd","10:32:10",435600
64200,0,500,"sd","10:31:20",435400
64200,0,100,"sd","10:31:20",434900
64200,0,200,"sd","10:31:20",434800
64200,0,100,"sd","10:31:16",434600
64200,0,2000,"sd","10:30:52",434500
64300,100,700,"bu","10:30:51",432500
64200,0,1500,"sd","10:30:30",431800
64200,0,100,"sd","10:30:30",430300
64200,0,100,"sd","10:28:00",430200
64200,0,100,"sd","10:28:00",430100
64200,0,100,"sd","10:28:00",430000
64200,0,100,"sd","10:28:00",429900
64300,100,500,"bu","10:27:44",429800
64200,0,2000,"sd","10:27:43",429300
64200,0,300,"bu","10:27:35",427300
64200,0,400,"bu","10:27:35",427000
64200,0,200,"bu","10:27:35",426600
64200,0,100,"sd","10:27:10",426400
64200,0,500,"sd","10:27:10",426300
64200,0,200,"sd","10:27:10",425800
64200,0,300,"sd","10:27:09",425600
64300,100,100,"bu","10:27:03",425300
64200,0,100,"sd","10:26:24",425200
64200,0,100,"sd","10:26:24",425100
64200,0,800,"sd","10:26:24",425000
64200,0,100,"sd","10:25:29",424200
64200,0,100,"bu","10:25:23",424100
64200,0,100,"bu","10:25:22",424000
64200,0,100,"sd","10:24:40",423900
64200,0,100,"sd","10:24:39",423800
64200,0,400,"sd","10:24:35",423700
64200,0,100,"sd","10:24:25",423300
64200,0,1000,"sd","10:24:25",423200
64200,0,1000,"sd","10:24:25",422200
64200,0,200,"sd","10:24:25",421200
64200,0,300,"sd","10:24:25",421000
64200,0,3400,"sd","10:24:25",420700
64200,0,700,"sd","10:23:50",417300
64200,0,100,"sd","10:23:50",416600
64200,0,300,"sd","10:23:50",416500
64200,0,1100,"sd","10:23:23",416200
64200,0,1000,"sd","10:22:04",415100
64200,0,100,"bu","10:21:53",414100
64200,0,200,"bu","10:21:53",414000
64200,0,100,"bu","10:21:53",413800
64200,0,2800,"bu","10:21:53",413700
64200,0,200,"bu","10:21:53",410900
64200,0,1000,"bu","10:21:38",410700
64200,0,100,"bu","10:21:24",409700
64100,-100,100,"sd","10:21:19",409600
64100,-100,200,"sd","10:21:19",409500
64100,-100,100,"sd","10:20:32",409300
64100,-100,200,"sd","10:20:32",409200
64100,-100,100,"sd","10:20:32",409000
64100,-100,500,"sd","10:20:32",408900
64100,-100,100,"sd","10:20:32",408400
64100,-100,100,"sd","10:20:30",408300
64100,-100,100,"sd","10:20:30",408200
64100,-100,100,"sd","10:20:29",408100
64200,0,1000,"bu","10:20:27",408000
64200,0,100,"bu","10:20:11",407000
64200,0,1000,"bu","10:20:11",406900
64100,-100,100,"sd","10:20:05",405900
64100,-100,100,"sd","10:19:51",405800
64100,-100,300,"sd","10:19:39",405700
64100,-100,100,"sd","10:18:50",405400
64100,-100,100,"sd","10:18:50",405300
64100,-100,100,"sd","10:18:49",405200
64100,-100,100,"sd","10:18:49",405100
64100,-100,700,"sd","10:18:05",405000
64100,-100,100,"sd","10:18:05",404300
64100,-100,200,"sd","10:18:05",404200
64100,-100,300,"sd","10:18:00",404000
64100,-100,500,"sd","10:18:00",403700
64100,-100,1100,"sd","10:18:00",403200
64100,-100,300,"sd","10:18:00",402100
64100,-100,600,"sd","10:17:59",401800
64100,-100,100,"sd","10:17:59",401200
64100,-100,100,"sd","10:17:49",401100
64100,-100,100,"sd","10:17:49",401000
64100,-100,200,"sd","10:17:49",400900
64100,-100,100,"sd","10:17:49",400700
64100,-100,100,"sd","10:17:43",400600
64200,0,1000,"bu","10:17:39",400500
64100,-100,100,"sd","10:17:10",399500
64100,-100,100,"sd","10:17:10",399400
64100,-100,100,"sd","10:17:09",399300
64200,0,100,"sd","10:17:05",399200
64200,0,500,"sd","10:17:05",399100
64200,0,1000,"sd","10:17:05",398600
64200,0,100,"sd","10:17:05",397600
64200,0,100,"sd","10:17:05",397500
64200,0,600,"sd","10:17:05",397400
64200,0,1000,"sd","10:17:05",396800
64200,0,100,"sd","10:17:05",395800
64200,0,500,"sd","10:17:05",395700
64200,0,200,"sd","10:17:05",395200
64200,0,300,"sd","10:17:05",395000
64200,0,500,"sd","10:17:05",394700
64200,0,500,"sd","10:17:05",394200
64200,0,300,"sd","10:17:05",393700
64200,0,1700,"sd","10:17:00",393400
64200,0,300,"sd","10:17:00",391700
64200,0,100,"sd","10:16:56",391400
64200,0,400,"sd","10:16:56",391300
64200,0,2000,"sd","10:16:56",390900
64200,0,200,"sd","10:16:56",388900
64200,0,1000,"sd","10:16:56",388700
64200,0,400,"sd","10:16:56",387700
64200,0,500,"sd","10:16:56",387300
64200,0,100,"sd","10:16:56",386800
64200,0,100,"sd","10:16:41",386700
64200,0,100,"sd","10:16:19",386600
64200,0,900,"sd","10:15:56",386500
64200,0,100,"sd","10:15:56",385600
64200,0,200,"sd","10:14:40",385500
64200,0,100,"sd","10:14:39",385300
64300,100,100,"bu","10:14:17",385200
64200,0,800,"sd","10:13:50",385100
64200,0,100,"sd","10:13:49",384300
64200,0,300,"sd","10:13:49",384200
64300,100,500,"bu","10:13:16",383900
64300,100,300,"bu","10:13:08",383400
64200,0,400,"sd","10:13:00",383100
64200,0,100,"sd","10:13:00",382700
64200,0,100,"sd","10:13:00",382600
64200,0,200,"sd","10:13:00",382500
64200,0,100,"sd","10:13:00",382300
64200,0,100,"sd","10:13:00",382200
64200,0,100,"sd","10:13:00",382100
64200,0,200,"sd","10:13:00",382000
64200,0,400,"sd","10:12:59",381800
64200,0,600,"sd","10:12:28",381400
64200,0,500,"sd","10:12:28",380800
64200,0,100,"sd","10:12:28",380300
64200,0,200,"sd","10:12:28",380200
64200,0,100,"sd","10:12:28",380000
64200,0,500,"sd","10:12:28",379900
64200,0,500,"sd","10:12:28",379400
64200,0,300,"sd","10:12:28",378900
64200,0,1000,"sd","10:12:28",378600
64200,0,1200,"sd","10:12:28",377600
64200,0,100,"sd","10:12:10",376400
64200,0,200,"sd","10:12:09",376300
64200,0,100,"sd","10:12:09",376100
64300,100,1000,"sd","10:11:56",376000
64300,100,500,"sd","10:11:56",375000
64300,100,2000,"sd","10:11:56",374500
64300,100,100,"sd","10:11:56",372500
64300,100,200,"sd","10:11:56",372400
64300,100,500,"sd","10:11:56",372200
64300,100,300,"sd","10:11:56",371700
64300,100,3200,"sd","10:11:56",371400
64300,100,100,"sd","10:11:20",368200
64300,100,100,"sd","10:11:19",368100
64300,100,300,"sd","10:10:52",368000
64300,100,1000,"sd","10:10:43",367700
64300,100,100,"sd","10:10:29",366700
64300,100,200,"sd","10:09:40",366600
64300,100,100,"sd","10:09:40",366400
64300,100,100,"sd","10:09:37",366300
64400,200,300,"bu","10:08:50",366200
64400,200,200,"bu","10:06:38",365900
64400,200,700,"bu","10:06:38",365700
64400,200,100,"bu","10:06:38",365000
64400,200,1900,"bu","10:06:38",364900
64400,200,100,"bu","10:06:38",363000
64400,200,100,"bu","10:06:03",362900
64300,100,100,"bu","10:04:29",362800
64200,0,100,"sd","10:04:21",362700
64200,0,100,"sd","10:04:19",362600
64300,100,100,"bu","10:04:15",362500
64300,100,100,"bu","10:04:15",362400
64300,100,100,"bu","10:04:15",362300
64200,0,3200,"sd","10:03:56",362200
64200,0,600,"sd","10:03:56",359000
64200,0,100,"sd","10:03:49",358400
64200,0,200,"sd","10:03:49",358300
64300,100,500,"bu","10:03:16",358100
64300,100,100,"bu","10:03:11",357600
64200,0,100,"sd","10:02:59",357500
64200,0,100,"sd","10:02:59",357400
64200,0,200,"sd","10:02:59",357300
64300,100,500,"bu","10:02:47",357100
64300,100,100,"bu","10:02:33",356600
64200,0,200,"sd","10:02:11",356500
64200,0,100,"sd","10:02:11",356300
64200,0,700,"sd","10:02:11",356200
64200,0,300,"sd","10:02:09",355500
64200,0,300,"sd","10:01:19",355200
64200,0,700,"sd","10:01:19",354900
64300,100,1000,"sd","10:01:13",354200
64300,100,100,"sd","10:01:13",353200
64300,100,100,"sd","10:01:13",353100
64300,100,500,"sd","10:01:13",353000
64400,200,100,"bu","10:00:59",352500
64300,100,100,"sd","10:00:41",352400
64300,100,100,"sd","10:00:29",352300
64300,100,100,"sd","10:00:29",352200
64300,100,100,"sd","10:00:29",352100
64300,100,100,"sd","10:00:29",352000
64300,100,1000,"sd","10:00:05",351900
64300,100,1000,"sd","10:00:05",350900
64400,200,200,"sd","09:59:42",349900
64400,200,100,"sd","09:59:42",349700
64400,200,300,"sd","09:59:42",349600
64400,200,200,"sd","09:59:42",349300
64400,200,100,"sd","09:59:42",349100
64400,200,500,"sd","09:59:42",349000
64400,200,1000,"sd","09:59:42",348500
64400,200,900,"sd","09:59:42",347500
64400,200,100,"sd","09:59:39",346600
64400,200,400,"sd","09:59:39",346500
64400,200,100,"sd","09:58:49",346100
64400,200,300,"sd","09:58:49",346000
64500,300,100,"bu","09:58:22",345700
64500,300,1300,"sd","09:58:17",345600
64500,300,2200,"sd","09:58:17",344300
64500,300,200,"sd","09:58:17",342100
64500,300,200,"sd","09:58:17",341900
64500,300,1800,"sd","09:57:30",341700
64500,300,200,"sd","09:57:30",339900
64500,300,100,"sd","09:57:26",339700
64500,300,200,"sd","09:55:37",339600
64500,300,100,"sd","09:55:37",339400
64500,300,200,"sd","09:55:37",339300
64500,300,2500,"sd","09:55:37",339100
64600,400,100,"sd","09:55:35",336600
64600,400,100,"sd","09:55:35",336500
64600,400,200,"sd","09:55:35",336400
64600,400,800,"sd","09:54:14",336200
64600,400,100,"sd","09:54:14",335400
64600,400,1100,"sd","09:54:14",335300
64700,500,300,"sd","09:52:59",334200
64700,500,600,"sd","09:52:59",333900
64700,500,1500,"sd","09:52:59",333300
64700,500,200,"sd","09:52:59",331800
64700,500,800,"sd","09:52:59",331600
64700,500,500,"sd","09:52:59",330800
64700,500,100,"sd","09:52:59",330300
64700,500,900,"sd","09:52:59",330200
64700,500,6100,"sd","09:52:59",329300
64800,600,1900,"bu","09:52:30",323200
64800,600,3200,"bu","09:52:25",321300
64800,600,100,"bu","09:52:25",318100
64700,500,900,"sd","09:51:54",318000
64700,500,100,"sd","09:51:54",317100
64800,600,500,"bu","09:51:05",317000
64800,600,500,"bu","09:51:05",316500
64800,600,3400,"bu","09:50:49",316000
64800,600,500,"bu","09:50:49",312600
64800,600,2000,"bu","09:50:49",312100
64800,600,500,"bu","09:50:49",310100
64800,600,2000,"bu","09:50:49",309600
64800,600,500,"bu","09:50:49",307600
64800,600,400,"bu","09:50:49",307100
64800,600,700,"bu","09:50:49",306700
64800,600,100,"bu","09:50:48",306000
64800,600,5000,"bu","09:50:41",305900
64700,500,900,"sd","09:49:58",300900
64700,500,100,"sd","09:49:58",300000
64700,500,300,"sd","09:48:48",299900
64800,600,100,"bu","09:48:35",299600
64700,500,900,"bu","09:46:17",299500
64700,500,100,"bu","09:46:14",298600
64600,400,2000,"bu","09:45:54",298500
64600,400,900,"bu","09:45:54",296500
64600,400,1000,"bu","09:45:54",295600
64600,400,1000,"bu","09:45:54",294600
64600,400,100,"bu","09:45:44",293600
64500,300,1000,"sd","09:45:10",293500
64500,300,100,"bu","09:43:58",292500
64500,300,1000,"bu","09:43:58",292400
64500,300,100,"bu","09:43:58",291400
64500,300,300,"bu","09:43:58",291300
64500,300,400,"bu","09:43:56",291000
64500,300,200,"bu","09:43:45",290600
64500,300,300,"bu","09:43:45",290400
64500,300,200,"bu","09:43:43",290100
64500,300,100,"bu","09:43:38",289900
64500,300,1000,"bu","09:43:35",289800
64500,300,500,"bu","09:42:39",288800
64500,300,300,"bu","09:42:39",288300
64400,200,2000,"sd","09:41:58",288000
64400,200,1000,"sd","09:40:20",286000
64500,300,500,"bu","09:39:34",285000
64500,300,1200,"bu","09:39:26",284500
64400,200,1700,"bu","09:38:31",283300
64400,200,300,"bu","09:38:25",281600
64400,200,600,"bu","09:38:25",281300
64400,200,1400,"bu","09:38:25",280700
64400,200,1000,"bu","09:38:25",279300
64400,200,500,"bu","09:38:20",278300
64300,100,300,"bu","09:38:12",277800
64300,100,1000,"bu","09:38:10",277500
64300,100,200,"bu","09:38:04",276500
64300,100,100,"bu","09:38:04",276300
64300,100,100,"bu","09:37:58",276200
64200,0,300,"sd","09:37:47",276100
64300,100,800,"bu","09:37:23",275800
64300,100,1000,"bu","09:37:23",275000
64300,100,200,"bu","09:37:23",274000
64300,100,300,"bu","09:37:12",273800
64300,100,100,"bu","09:36:46",273500
64200,0,100,"sd","09:35:41",273400
64200,0,1400,"sd","09:35:41",273300
64200,0,500,"sd","09:35:41",271900
64300,100,1000,"bu","09:35:39",271400
64200,0,500,"sd","09:35:08",270400
64200,0,100,"sd","09:35:08",269900
64200,0,100,"sd","09:35:08",269800
64300,100,300,"sd","09:34:37",269700
64300,100,100,"sd","09:34:37",269400
64300,100,2000,"sd","09:34:36",269300
64300,100,300,"sd","09:34:18",267300
64300,100,2700,"sd","09:33:43",267000
64300,100,500,"sd","09:33:43",264300
64300,100,1000,"sd","09:33:43",263800
64300,100,800,"sd","09:33:43",262800
64400,200,300,"bu","09:33:29",262000
64400,200,200,"bu","09:32:54",261700
64400,200,1500,"bu","09:32:54",261500
64400,200,300,"bu","09:32:54",260000
64400,200,3300,"bu","09:32:36",259700
64400,200,400,"bu","09:32:21",256400
64300,100,200,"sd","09:31:46",256000
64400,200,2000,"bu","09:31:13",255800
64400,200,5000,"sd","09:31:05",253800
64400,200,500,"sd","09:30:36",248800
64400,200,500,"sd","09:30:36",248300
64400,200,200,"sd","09:30:36",247800
64400,200,300,"sd","09:30:36",247600
64400,200,200,"sd","09:30:36",247300
64400,200,200,"sd","09:30:36",247100
64400,200,100,"sd","09:30:36",246900
64500,300,100,"bu","09:30:29",246800
64500,300,500,"bu","09:30:29",246700
64500,300,5000,"bu","09:30:29",246200
64500,300,900,"bu","09:30:29",241200
64500,300,600,"sd","09:29:41",240300
64500,300,400,"sd","09:29:41",239700
64500,300,500,"sd","09:28:53",239300
64500,300,100,"sd","09:28:35",238800
64500,300,100,"sd","09:28:15",238700
64800,600,700,"bu","09:26:31",238600
64800,600,300,"bu","09:25:31",237900
64800,600,900,"bu","09:24:34",237600
64800,600,2200,"bu","09:23:41",236700
64800,600,100,"bu","09:23:41",234500
64400,200,300,"sd","09:23:27",234400
64400,200,200,"sd","09:23:27",234100
64400,200,100,"sd","09:23:27",233900
64500,300,200,"sd","09:23:27",233800
64500,300,300,"sd","09:23:27",233600
64500,300,100,"sd","09:23:27",233300
64500,300,200,"sd","09:23:27",233200
64700,500,400,"sd","09:23:27",233000
64800,600,3200,"sd","09:23:27",232600
64800,600,1800,"sd","09:23:26",229400
64800,600,200,"sd","09:23:26",227600
64800,600,1000,"sd","09:23:12",227400
64800,600,500,"sd","09:23:11",226400
64800,600,800,"sd","09:23:02",225900
64800,600,4900,"sd","09:23:02",225100
64900,700,2000,"bu","09:23:01",220200
64900,700,800,"bu","09:22:48",218200
64900,700,1000,"bu","09:22:39",217400
64800,600,1000,"sd","09:22:38",216400
64800,600,1000,"sd","09:22:34",215400
64800,600,4500,"sd","09:22:32",214400
64800,600,1000,"bu","09:22:11",209900
64800,600,100,"bu","09:22:11",208900
64800,600,1500,"bu","09:22:11",208800
64800,600,3000,"bu","09:22:11",207300
64800,600,600,"bu","09:22:11",204300
64800,600,1400,"bu","09:22:11",203700
64800,600,1000,"bu","09:22:11",202300
64800,600,2500,"bu","09:21:59",201300
64800,600,500,"sd","09:21:32",198800
64800,600,500,"sd","09:21:32",198300
64800,600,300,"sd","09:21:32",197800
64800,600,100,"sd","09:21:32",197500
64800,600,200,"sd","09:21:15",197400
64800,600,200,"sd","09:21:15",197200
64800,600,5100,"sd","09:21:15",197000
64800,600,2500,"sd","09:21:15",191900
64900,700,100,"bu","09:20:35",189400
64800,600,1400,"bu","09:20:34",189300
64800,600,1000,"bu","09:20:34",187900
64800,600,6600,"bu","09:20:34",186900
64800,600,3400,"bu","09:20:34",180300
64700,500,400,"bu","09:20:19",176900
64700,500,200,"bu","09:20:19",176500
64700,500,500,"bu","09:19:50",176300
64700,500,100,"bu","09:19:44",175800
64500,300,500,"bu","09:19:44",175700
64500,300,500,"bu","09:19:37",175200
64500,300,100,"bu","09:19:29",174700
64300,100,900,"bu","09:19:29",174600
64300,100,100,"bu","09:19:15",173700
64200,0,300,"sd","09:19:13",173600
64200,0,300,"sd","09:18:53",173300
64200,0,300,"sd","09:18:20",173000
64200,0,400,"sd","09:18:20",172700
64200,0,500,"sd","09:18:20",172300
64200,0,1300,"sd","09:18:20",171800
64200,0,1100,"sd","09:18:20",170500
64200,0,600,"sd","09:18:19",169400
64200,0,500,"sd","09:17:54",168800
64300,100,500,"bu","09:17:47",168300
64200,0,600,"sd","09:17:30",167800
64200,0,3700,"sd","09:17:30",167200
64200,0,100,"sd","09:17:30",163500
64200,0,2000,"sd","09:17:30",163400
64200,0,5000,"sd","09:17:30",161400
64200,0,100,"sd","09:17:30",156400
64200,0,200,"sd","09:17:30",156300
64200,0,1000,"sd","09:17:30",156100
64200,0,1000,"sd","09:17:30",155100
64200,0,500,"sd","09:17:30",154100
64200,0,500,"sd","09:17:30",153600
64200,0,1500,"sd","09:17:30",153100
64200,0,2000,"sd","09:17:30",151600
64200,0,1000,"sd","09:17:30",149600
64200,0,1000,"sd","09:17:30",148600
64200,0,100,"sd","09:17:30",147600
64200,0,1000,"sd","09:17:30",147500
64300,100,5000,"bu","09:16:50",146500
64300,100,1000,"bu","09:16:49",141500
64300,100,100,"bu","09:16:43",140500
64300,100,500,"sd","09:16:40",140400
64300,100,400,"sd","09:16:40",139900
64300,100,1700,"sd","09:16:37",139500
64300,100,300,"sd","09:16:37",137800
64300,100,1000,"sd","09:16:37",137500
64300,100,400,"sd","09:16:37",136500
64300,100,500,"sd","09:16:37",136100
64300,100,100,"sd","09:16:37",135600
64200,0,135500,"unknown","09:14:59",135500
