"price","change","match_qtty","side","time","total_vol"
39350,50,100,"sd","13:11:49",139400
40000,700,2900,"bu","11:01:46",139300
40000,700,100,"bu","11:01:46",136400
40000,700,900,"bu","10:58:31",136300
40000,700,1000,"bu","10:58:31",135400
40000,700,100,"bu","10:58:31",134400
40000,700,1000,"bu","10:58:31",134300
40000,700,3000,"bu","10:51:33",133300
40000,700,500,"bu","10:51:33",130300
40000,700,500,"bu","10:51:33",129800
40000,700,3500,"bu","10:49:28",129300
40000,700,500,"bu","10:49:28",125800
40000,700,3500,"bu","10:47:24",125300
40000,700,500,"bu","10:47:24",121800
40000,700,3500,"bu","10:46:00",121300
40000,700,500,"bu","10:46:00",117800
40000,700,3500,"bu","10:44:22",117300
40000,700,500,"bu","10:44:22",113800
40000,700,500,"bu","10:44:22",113300
40000,700,500,"bu","10:44:22",112800
40000,700,1500,"bu","10:37:16",112300
40000,700,100,"bu","10:37:16",110800
40000,700,100,"bu","10:37:16",110700
40000,700,2200,"bu","10:37:16",110600
40000,700,3000,"bu","10:37:16",108400
40000,700,200,"bu","10:37:16",105400
40000,700,100,"bu","10:37:16",105200
39950,650,100,"bu","10:37:16",105100
40000,700,400,"bu","10:29:36",105000
40000,700,100,"bu","10:29:36",104600
40000,700,900,"bu","10:28:48",104500
40000,700,2000,"bu","10:28:48",103600
40000,700,100,"bu","10:28:48",101600
40000,700,2900,"bu","10:27:06",101500
40000,700,100,"bu","10:27:06",98600
40000,700,400,"bu","10:26:11",98500
40000,700,1000,"bu","10:26:11",98100
40000,700,1100,"bu","10:26:11",97100
40000,700,1400,"bu","10:26:05",96000
40000,700,100,"bu","10:26:05",94600
40000,700,1000,"bu","10:26:05",94500
40000,700,800,"bu","10:26:05",93500
40000,700,200,"bu","10:26:05",92700
39950,650,500,"bu","10:26:05",92500
39950,650,500,"bu","10:26:05",92000
39950,650,400,"bu","10:26:05",91500
39500,200,100,"bu","10:26:05",91100
39350,50,100,"sd","10:11:13",91000
40000,700,300,"bu","09:47:08",90900
40000,700,1000,"bu","09:47:08",90600
40000,700,300,"bu","09:47:08",89600
40000,700,200,"bu","09:47:08",89300
40000,700,200,"bu","09:47:08",89100
40000,700,200,"bu","09:40:55",88900
39950,650,400,"bu","09:40:55",88700
39950,650,100,"bu","09:40:55",88300
39950,650,300,"bu","09:40:55",88200
40000,700,100,"bu","09:32:33",87900
40000,700,400,"bu","09:32:33",87800
40000,700,700,"bu","09:32:33",87400
40000,700,100,"bu","09:32:33",86700
39950,650,200,"bu","09:32:33",86600
39950,650,500,"bu","09:32:32",86400
39950,650,1500,"bu","09:27:07",85900
39950,650,500,"bu","09:27:07",84400
39050,-250,400,"sd","09:26:09",83900
39000,-300,50000,"sd","09:23:34",83500
39000,-300,2000,"sd","09:23:34",33500
39000,-300,20000,"sd","09:20:45",31500
39050,-250,10000,"sd","09:20:45",11500
39100,-200,1000,"sd","09:20:45",1500
39100,-200,400,"sd","09:20:45",500
39100,-200,100,"sd","09:15:02",100
