"price","change","match_qtty","side","time","total_vol"
33800,-700,8700,"unknown","14:45:00",614000
33500,-1000,100,"sd","14:25:58",605300
33500,-1000,300,"sd","14:25:58",605200
33500,-1000,600,"sd","14:25:58",604900
33500,-1000,1700,"sd","14:24:04",604300
33500,-1000,300,"sd","14:24:04",602600
33500,-1000,700,"sd","14:21:53",602300
33500,-1000,500,"sd","14:21:42",601600
33500,-1000,2000,"sd","14:21:28",601100
33500,-1000,500,"sd","14:20:55",599100
33500,-1000,5100,"sd","14:20:32",598600
33600,-900,4900,"sd","14:20:32",593500
33600,-900,1000,"sd","14:20:27",588600
33600,-900,200,"sd","14:20:24",587600
33600,-900,400,"sd","14:19:01",587400
33600,-900,2000,"sd","14:19:01",587000
33600,-900,3500,"sd","14:19:01",585000
33600,-900,3500,"sd","14:19:01",581500
33600,-900,600,"sd","14:19:01",578000
33700,-800,100,"bu","14:18:26",577400
33700,-800,8200,"sd","14:18:12",577300
33700,-800,900,"sd","14:18:09",569100
33750,-750,100,"bu","14:17:39",568200
33750,-750,100,"bu","14:17:31",568100
33750,-750,100,"bu","14:17:14",568000
33750,-750,200,"bu","14:16:33",567900
33750,-750,1200,"sd","14:15:40",567700
33750,-750,2100,"sd","14:12:35",566500
33800,-700,700,"sd","14:10:23",564400
33850,-650,200,"bu","14:10:16",563700
33850,-650,700,"bu","14:10:16",563500
33800,-700,500,"bu","14:08:41",562800
33850,-650,500,"bu","14:06:06",562300
33850,-650,1600,"bu","14:06:05",561800
33850,-650,1600,"bu","14:06:04",560200
33850,-650,100,"bu","14:06:03",558600
33800,-700,1000,"bu","14:06:03",558500
33800,-700,500,"bu","14:06:03",557500
33800,-700,1600,"bu","14:06:02",557000
33800,-700,1100,"bu","14:06:02",555400
33750,-750,500,"bu","14:06:02",554300
33700,-800,200,"sd","14:04:21",553800
33700,-800,500,"sd","14:04:21",553600
33800,-700,100,"bu","14:03:40",553100
33700,-800,400,"bu","14:01:32",553000
33600,-900,500,"sd","14:01:08",552600
33700,-800,100,"bu","14:01:07",552100
33700,-800,900,"bu","14:01:07",552000
33700,-800,500,"bu","14:00:37",551100
33600,-900,1600,"bu","13:59:01",550600
33600,-900,800,"bu","13:59:01",549000
33500,-1000,300,"sd","13:54:38",548200
33500,-1000,2600,"bu","13:53:16",547900
33500,-1000,400,"bu","13:53:16",545300
33500,-1000,7600,"bu","13:53:16",544900
33500,-1000,200,"sd","13:49:28",537300
33500,-1000,100,"sd","13:49:28",537100
33500,-1000,100,"sd","13:49:28",537000
33500,-1000,900,"sd","13:49:28",536900
33500,-1000,1300,"sd","13:49:28",536000
33500,-1000,1300,"sd","13:49:28",534700
33500,-1000,200,"sd","13:49:28",533400
33600,-900,200,"sd","13:49:00",533200
33600,-900,4500,"sd","13:49:00",533000
33600,-900,1000,"sd","13:47:51",528500
33700,-800,4800,"sd","13:44:54",527500
33850,-650,100,"bu","13:41:14",522700
33850,-650,100,"bu","13:39:05",522600
33900,-600,800,"bu","13:29:37",522500
33900,-600,600,"bu","13:29:36",521700
33800,-700,700,"bu","13:29:36",521100
33800,-700,1200,"bu","13:29:35",520400
33800,-700,100,"bu","13:29:35",519200
33700,-800,1200,"bu","13:29:35",519100
33700,-800,1100,"bu","13:29:34",517900
33700,-800,200,"bu","13:29:34",516800
33700,-800,1300,"bu","13:29:33",516600
33500,-1000,1100,"bu","13:28:31",515300
33450,-1050,900,"bu","13:27:30",514200
33450,-1050,1000,"bu","13:26:21",513300
33450,-1050,400,"bu","13:26:11",512300
33400,-1100,1100,"bu","13:23:34",511900
33400,-1100,300,"bu","13:22:34",510800
33400,-1100,500,"sd","13:22:14",510500
33400,-1100,100,"sd","13:22:14",510000
33400,-1100,500,"sd","13:22:14",509900
33400,-1100,1300,"sd","13:22:14",509400
33450,-1050,100,"sd","13:22:01",508100
33450,-1050,100,"sd","13:22:01",508000
33450,-1050,200,"bu","13:18:49",507900
33450,-1050,100,"bu","13:18:31",507700
33450,-1050,400,"bu","13:18:19",507600
33500,-1000,100,"bu","13:16:14",507200
33400,-1100,2000,"sd","13:16:14",507100
33400,-1100,1000,"sd","13:16:14",505100
33400,-1100,9000,"sd","13:16:14",504100
33500,-1000,100,"sd","13:16:01",495100
33500,-1000,700,"sd","13:16:01",495000
33600,-900,900,"bu","13:11:31",494300
33600,-900,2000,"bu","13:11:13",493400
33600,-900,100,"bu","13:07:07",491400
33500,-1000,200,"bu","13:07:07",491300
33500,-1000,200,"bu","13:07:07",491100
33500,-1000,500,"bu","13:07:07",490900
33500,-1000,500,"bu","13:06:51",490400
33400,-1100,4000,"bu","13:06:42",489900
33400,-1100,4000,"bu","13:06:42",485900
33400,-1100,300,"bu","13:06:42",481900
33400,-1100,500,"bu","13:06:25",481600
33400,-1100,2000,"bu","13:06:13",481100
33400,-1100,200,"bu","13:05:52",479100
33350,-1150,800,"bu","13:03:50",478900
33350,-1150,1000,"bu","13:03:09",478100
33350,-1150,500,"bu","13:03:07",477100
33350,-1150,100,"bu","13:03:00",476600
33350,-1150,400,"bu","13:02:48",476500
33350,-1150,200,"bu","13:02:31",476100
33350,-1150,300,"sd","13:01:48",475900
33350,-1150,1000,"sd","13:01:48",475600
33350,-1150,400,"sd","13:01:48",474600
33400,-1100,800,"bu","13:01:02",474200
33350,-1150,100,"sd","13:00:30",473400
33350,-1150,100,"sd","13:00:30",473300
33350,-1150,100,"sd","13:00:30",473200
33350,-1150,800,"bu","13:00:00",473100
33350,-1150,900,"bu","12:59:59",472300
33350,-1150,900,"bu","11:29:30",471400
33350,-1150,1300,"sd","11:27:38",470500
33350,-1150,1000,"sd","11:27:38",469200
33350,-1150,100,"sd","11:27:38",468200
33400,-1100,100,"sd","11:27:15",468100
33400,-1100,100,"sd","11:27:15",468000
33400,-1100,100,"sd","11:27:15",467900
33400,-1100,8400,"sd","11:27:15",467800
33400,-1100,1000,"sd","11:26:13",459400
33400,-1100,100,"sd","11:26:02",458400
33400,-1100,1000,"sd","11:26:02",458300
33400,-1100,500,"sd","11:26:02",457300
33400,-1100,500,"sd","11:23:52",456800
33450,-1050,100,"sd","11:21:00",456300
33450,-1050,2000,"bu","11:15:00",456200
33450,-1050,200,"bu","11:14:32",454200
33450,-1050,200,"bu","11:14:30",454000
33450,-1050,1000,"bu","11:14:14",453800
33400,-1100,100,"sd","11:13:17",452800
33400,-1100,100,"sd","11:13:17",452700
33400,-1100,2600,"sd","11:13:17",452600
33400,-1100,1500,"sd","11:13:17",450000
33400,-1100,2500,"sd","11:13:17",448500
33400,-1100,500,"sd","11:13:17",446000
33400,-1100,200,"sd","11:13:17",445500
33400,-1100,500,"sd","11:13:17",445300
33450,-1050,100,"sd","11:12:52",444800
33450,-1050,700,"sd","11:12:52",444700
33450,-1050,1400,"sd","11:12:52",444000
33450,-1050,1400,"sd","11:12:52",442600
33500,-1000,1000,"bu","11:10:35",441200
33500,-1000,500,"bu","11:10:22",440200
33500,-1000,100,"sd","11:09:38",439700
33500,-1000,3000,"bu","11:07:52",439600
33450,-1050,1400,"bu","11:06:31",436600
33450,-1050,1400,"bu","11:06:30",435200
33450,-1050,100,"bu","11:06:14",433800
33450,-1050,200,"bu","11:05:56",433700
33450,-1050,100,"sd","11:05:52",433500
33450,-1050,4300,"sd","11:05:52",433400
33500,-1000,100,"bu","11:05:35",429100
33500,-1000,100,"bu","11:04:50",429000
33500,-1000,500,"sd","11:04:32",428900
33500,-1000,1000,"sd","11:04:32",428400
33500,-1000,1500,"bu","11:02:12",427400
33500,-1000,200,"bu","11:01:50",425900
33500,-1000,500,"bu","11:01:42",425700
33500,-1000,500,"bu","11:00:57",425200
33500,-1000,2200,"sd","11:00:43",424700
33500,-1000,200,"bu","10:55:50",422500
33500,-1000,1000,"bu","10:55:49",422300
33500,-1000,200,"bu","10:55:22",421300
33500,-1000,200,"bu","10:55:03",421100
33500,-1000,1900,"bu","10:54:32",420900
33500,-1000,100,"bu","10:51:45",419000
33500,-1000,100,"bu","10:51:38",418900
33500,-1000,400,"sd","10:51:16",418800
33500,-1000,500,"sd","10:51:16",418400
33500,-1000,100,"sd","10:51:16",417900
33500,-1000,5000,"sd","10:51:16",417800
33500,-1000,200,"sd","10:51:16",412800
33500,-1000,3000,"sd","10:51:16",412600
33500,-1000,200,"sd","10:51:16",409600
33500,-1000,300,"sd","10:51:16",409400
33500,-1000,100,"sd","10:51:16",409100
33500,-1000,1500,"sd","10:51:16",409000
33500,-1000,1500,"sd","10:49:33",407500
33500,-1000,700,"sd","10:49:33",406000
33550,-950,200,"sd","10:49:33",405300
33550,-950,100,"sd","10:49:33",405100
33550,-950,2600,"sd","10:49:33",405000
33550,-950,4800,"sd","10:49:33",402400
33550,-950,100,"sd","10:49:33",397600
33600,-900,7000,"sd","10:49:27",397500
33600,-900,7500,"sd","10:49:16",390500
33600,-900,100,"sd","10:49:16",383000
33600,-900,3500,"sd","10:49:16",382900
33650,-850,1500,"sd","10:49:16",379400
33650,-850,200,"sd","10:49:16",377900
33650,-850,300,"sd","10:49:16",377700
33650,-850,4000,"sd","10:49:16",377400
33650,-850,500,"sd","10:49:16",373400
33700,-800,700,"sd","10:49:16",372900
33700,-800,700,"sd","10:49:16",372200
33700,-800,100,"sd","10:49:16",371500
33700,-800,900,"sd","10:49:16",371400
33900,-600,200,"bu","10:48:22",370500
33900,-600,100,"bu","10:48:21",370300
33850,-650,1100,"bu","10:48:21",370200
33850,-650,1200,"bu","10:48:21",369100
33850,-650,1200,"bu","10:48:20",367900
33850,-650,1200,"bu","10:48:19",366700
33700,-800,1100,"sd","10:46:55",365500
33800,-700,300,"sd","10:44:24",364400
33800,-700,1700,"bu","10:44:08",364100
33800,-700,300,"sd","10:41:15",362400
33800,-700,300,"bu","10:36:59",362100
33700,-800,300,"bu","10:36:59",361800
33700,-800,800,"bu","10:36:58",361500
33700,-800,800,"bu","10:36:57",360700
33700,-800,800,"bu","10:36:56",359900
33700,-800,800,"bu","10:36:56",359100
33700,-800,800,"bu","10:36:55",358300
33700,-800,100,"sd","10:34:40",357500
33700,-800,3000,"sd","10:34:40",357400
33700,-800,2800,"sd","10:34:36",354400
33700,-800,4300,"sd","10:34:32",351600
33700,-800,3900,"sd","10:34:28",347300
33700,-800,500,"sd","10:34:28",343400
33700,-800,600,"sd","10:34:28",342900
33700,-800,2800,"sd","10:34:25",342300
33800,-700,200,"sd","10:33:47",339500
33800,-700,100,"sd","10:33:47",339300
33800,-700,1000,"sd","10:33:47",339200
33800,-700,3300,"sd","10:33:47",338200
33900,-600,1000,"sd","10:33:47",334900
34000,-500,100,"bu","10:30:15",333900
34000,-500,200,"sd","10:30:15",333800
34000,-500,600,"sd","10:30:15",333600
34000,-500,800,"sd","10:30:01",333000
34000,-500,1400,"sd","10:30:01",332200
34000,-500,1400,"sd","10:30:01",330800
34000,-500,1400,"sd","10:30:01",329400
34000,-500,400,"sd","10:30:01",328000
34100,-400,2100,"sd","10:30:01",327600
34100,-400,100,"sd","10:29:37",325500
34100,-400,1500,"sd","10:29:37",325400
34300,-200,1400,"bu","10:28:54",323900
34300,-200,300,"bu","10:28:54",322500
34300,-200,1800,"bu","10:28:53",322200
34300,-200,1800,"bu","10:28:52",320400
34300,-200,200,"bu","10:28:52",318600
34200,-300,100,"bu","10:28:52",318400
34200,-300,1500,"bu","10:28:52",318300
34200,-300,1800,"bu","10:28:51",316800
34200,-300,1700,"bu","10:28:51",315000
34200,-300,100,"bu","10:28:51",313300
34200,-300,1800,"bu","10:28:50",313200
34100,-400,700,"bu","10:28:33",311400
34100,-400,2200,"bu","10:28:33",310700
34100,-400,2200,"bu","10:28:32",308500
34100,-400,2200,"bu","10:28:31",306300
34100,-400,2200,"bu","10:28:30",304100
34000,-500,1000,"bu","10:28:16",301900
33950,-550,1400,"bu","10:28:15",300900
33950,-550,400,"bu","10:28:15",299500
33900,-600,1000,"bu","10:28:15",299100
33800,-700,200,"sd","10:27:30",298100
33900,-600,3000,"sd","10:25:04",297900
34100,-400,500,"bu","10:22:33",294900
34000,-500,2000,"bu","10:22:33",294400
34000,-500,1700,"bu","10:22:33",292400
34000,-500,300,"bu","10:22:33",290700
34000,-500,500,"bu","10:22:33",290400
33900,-600,100,"bu","10:22:20",289900
33900,-600,1400,"bu","10:22:20",289800
33800,-700,100,"bu","10:22:10",288400
33800,-700,100,"bu","10:22:10",288300
33800,-700,5000,"bu","10:22:10",288200
33800,-700,1300,"bu","10:22:10",283200
33800,-700,200,"bu","10:17:22",281900
33800,-700,300,"bu","10:12:21",281700
33750,-750,4000,"bu","10:12:21",281400
33750,-750,700,"bu","10:12:21",277400
33700,-800,1600,"bu","10:12:12",276700
33700,-800,300,"sd","10:09:44",275100
33700,-800,100,"sd","10:09:38",274800
33700,-800,1000,"bu","10:08:32",274700
33700,-800,1000,"bu","10:06:50",273700
33750,-750,600,"bu","10:01:51",272700
33750,-750,2000,"bu","09:58:48",272100
33700,-800,2000,"bu","09:58:29",270100
33700,-800,200,"bu","09:56:37",268100
33700,-800,4800,"sd","09:56:36",267900
33800,-700,200,"bu","09:56:24",263100
34000,-500,1400,"bu","09:55:47",262900
33900,-600,2500,"bu","09:55:47",261500
33800,-700,500,"bu","09:55:47",259000
33800,-700,1200,"bu","09:55:47",258500
33700,-800,2000,"bu","09:55:47",257300
33700,-800,500,"bu","09:55:47",255300
33650,-850,1100,"bu","09:55:47",254800
33650,-850,2300,"bu","09:55:13",253700
33600,-900,5000,"bu","09:55:13",251400
33600,-900,500,"bu","09:55:13",246400
33550,-950,2200,"bu","09:55:13",245900
33500,-1000,100,"bu","09:54:54",243700
33500,-1000,700,"bu","09:54:51",243600
33500,-1000,100,"bu","09:54:48",242900
33500,-1000,100,"bu","09:54:38",242800
33500,-1000,800,"bu","09:54:34",242700
33400,-1100,2400,"bu","09:51:22",241900
33300,-1200,2300,"bu","09:49:20",239500
33300,-1200,200,"bu","09:49:10",237200
33300,-1200,100,"bu","09:49:04",237000
33300,-1200,100,"sd","09:49:04",236900
33300,-1200,5000,"sd","09:49:04",236800
33300,-1200,800,"sd","09:49:04",231800
33300,-1200,10000,"sd","09:49:00",231000
33300,-1200,19900,"sd","09:48:52",221000
33450,-1050,100,"sd","09:48:52",201100
33300,-1200,4300,"sd","09:48:48",201000
33300,-1200,100,"sd","09:48:48",196700
33300,-1200,4700,"sd","09:48:48",196600
33350,-1150,1000,"sd","09:48:48",191900
33400,-1100,100,"sd","09:48:48",190900
33400,-1100,100,"sd","09:48:48",190800
33400,-1100,300,"sd","09:48:48",190700
33400,-1100,500,"sd","09:48:48",190400
33400,-1100,4000,"sd","09:48:48",189900
33400,-1100,100,"sd","09:48:48",185900
33400,-1100,4800,"sd","09:48:48",185800
33450,-1050,100,"sd","09:48:25",181000
33500,-1000,100,"sd","09:48:08",180900
33500,-1000,100,"sd","09:48:08",180800
33500,-1000,500,"sd","09:48:08",180700
33500,-1000,200,"sd","09:48:08",180200
33500,-1000,100,"sd","09:48:08",180000
33500,-1000,300,"sd","09:48:08",179900
33500,-1000,100,"sd","09:48:08",179600
33500,-1000,100,"sd","09:48:08",179500
33500,-1000,100,"sd","09:48:08",179400
33500,-1000,500,"sd","09:48:08",179300
33500,-1000,400,"sd","09:48:08",178800
33500,-1000,200,"sd","09:48:08",178400
33500,-1000,500,"sd","09:48:08",178200
33500,-1000,1000,"sd","09:48:08",177700
33500,-1000,2000,"sd","09:48:08",176700
33500,-1000,2000,"sd","09:48:08",174700
33550,-950,100,"sd","09:48:04",172700
33550,-950,5000,"sd","09:48:04",172600
33550,-950,1000,"sd","09:48:04",167600
33550,-950,2000,"sd","09:48:04",166600
33550,-950,200,"sd","09:48:04",164600
33550,-950,3000,"sd","09:48:04",164400
33550,-950,1500,"sd","09:48:04",161400
33600,-900,100,"bu","09:47:53",159900
33600,-900,100,"bu","09:46:56",159800
33600,-900,400,"bu","09:46:53",159700
33600,-900,100,"bu","09:46:52",159300
33600,-900,200,"bu","09:45:21",159200
33600,-900,100,"sd","09:45:08",159000
33600,-900,100,"sd","09:45:08",158900
33600,-900,800,"sd","09:45:08",158800
33600,-900,100,"sd","09:45:08",158000
33600,-900,100,"sd","09:45:08",157900
33600,-900,1400,"sd","09:45:08",157800
33650,-850,400,"sd","09:45:00",156400
33650,-850,3000,"sd","09:45:00",156000
33650,-850,300,"sd","09:45:00",153000
33650,-850,2000,"sd","09:45:00",152700
33650,-850,100,"sd","09:45:00",150700
33650,-850,500,"sd","09:45:00",150600
33650,-850,100,"sd","09:45:00",150100
33650,-850,200,"sd","09:45:00",150000
33700,-800,3000,"bu","09:44:17",149800
33650,-850,1300,"bu","09:40:48",146800
33650,-850,500,"bu","09:40:37",145500
33650,-850,100,"bu","09:40:24",145000
33650,-850,100,"sd","09:39:53",144900
33700,-800,2800,"sd","09:39:50",144800
33800,-700,3800,"sd","09:39:46",142000
33900,-600,2500,"sd","09:39:43",138200
34000,-500,500,"sd","09:39:33",135700
34000,-500,2600,"sd","09:39:33",135200
34100,-400,100,"bu","09:38:00",132600
34100,-400,600,"sd","09:37:07",132500
34100,-400,900,"sd","09:36:44",131900
34200,-300,3100,"sd","09:36:25",131000
34300,-200,4400,"sd","09:36:13",127900
34300,-200,3100,"sd","09:36:09",123500
34300,-200,2800,"sd","09:36:06",120400
34400,-100,3200,"sd","09:35:52",117600
34500,0,500,"sd","09:35:08",114400
34500,0,1500,"sd","09:34:52",113900
34500,0,1700,"sd","09:34:38",112400
34500,0,200,"bu","09:34:36",110700
34500,0,1000,"bu","09:34:36",110500
34500,0,100,"bu","09:34:36",109500
34500,0,2000,"bu","09:34:36",109400
34200,-300,500,"bu","09:34:31",107400
34200,-300,1200,"bu","09:34:31",106900
34200,-300,5200,"bu","09:34:31",105700
34100,-400,3500,"bu","09:34:26",100500
34000,-500,500,"bu","09:34:14",97000
34000,-500,5000,"bu","09:34:14",96500
34000,-500,1900,"bu","09:34:14",91500
33900,-600,1800,"bu","09:34:09",89600
33800,-700,1200,"bu","09:34:05",87800
33700,-800,2000,"bu","09:34:01",86600
33700,-800,200,"bu","09:34:01",84600
33650,-850,400,"bu","09:33:12",84400
33650,-850,2600,"bu","09:32:54",84000
33650,-850,2400,"bu","09:32:54",81400
33600,-900,600,"bu","09:31:02",79000
33600,-900,500,"bu","09:30:30",78400
33600,-900,100,"sd","09:30:00",77900
33600,-900,100,"sd","09:30:00",77800
33600,-900,200,"sd","09:30:00",77700
33600,-900,300,"sd","09:29:12",77500
33600,-900,600,"sd","09:29:12",77200
33600,-900,100,"sd","09:29:12",76600
33650,-850,600,"bu","09:28:37",76500
33600,-900,4400,"bu","09:28:37",75900
33550,-950,100,"sd","09:28:20",71500
33550,-950,300,"sd","09:28:20",71400
33500,-1000,300,"sd","09:27:23",71100
33500,-1000,2500,"sd","09:27:23",70800
33500,-1000,1000,"sd","09:27:23",68300
33550,-950,100,"sd","09:27:23",67300
33550,-950,500,"sd","09:27:23",67200
33550,-950,100,"sd","09:27:23",66700
33550,-950,500,"sd","09:27:23",66600
33600,-900,1800,"bu","09:26:58",66100
33550,-950,500,"bu","09:24:40",64300
33550,-950,600,"bu","09:24:29",63800
33550,-950,100,"bu","09:24:11",63200
33550,-950,2000,"sd","09:23:54",63100
33600,-900,500,"sd","09:23:49",61100
33600,-900,500,"sd","09:23:49",60600
33600,-900,2000,"sd","09:23:49",60100
33600,-900,200,"sd","09:23:49",58100
33600,-900,3100,"sd","09:23:49",57900
33600,-900,4800,"sd","09:23:46",54800
33600,-900,400,"sd","09:23:36",50000
33600,-900,3000,"sd","09:23:36",49600
33600,-900,2000,"sd","09:23:32",46600
33650,-850,1000,"bu","09:23:28",44600
33650,-850,1000,"bu","09:23:28",43600
33700,-800,500,"bu","09:22:37",42600
33700,-800,500,"bu","09:22:02",42100
33700,-800,500,"sd","09:21:46",41600
33700,-800,100,"sd","09:21:46",41100
33700,-800,200,"sd","09:21:46",41000
33700,-800,300,"bu","09:19:48",40800
33700,-800,1000,"bu","09:19:24",40500
33700,-800,200,"bu","09:18:30",39500
33700,-800,300,"bu","09:18:30",39300
33700,-800,300,"bu","09:18:06",39000
33650,-850,400,"sd","09:16:39",38700
33700,-800,500,"sd","09:16:30",38300
33700,-800,200,"sd","09:16:30",37800
33700,-800,400,"sd","09:16:30",37600
33700,-800,300,"sd","09:16:30",37200
33700,-800,5000,"sd","09:16:30",36900
33700,-800,3000,"sd","09:16:30",31900
33800,-700,300,"sd","09:16:27",28900
33800,-700,500,"sd","09:16:27",28600
33900,-600,200,"bu","09:16:23",28100
34000,-500,100,"bu","09:15:32",27900
33900,-600,27800,"unknown","09:14:59",27800
