"price","change","match_qtty","side","time","total_vol"
19400,-100,200,"unknown","14:59:22",75900
19400,-100,100,"bu","14:57:51",75700
19300,-200,5000,"sd","14:47:42",75600
19400,-100,300,"sd","14:42:19",70600
19500,0,500,"bu","14:29:54",70300
19300,-200,500,"sd","14:24:32",69800
19300,-200,100,"sd","14:23:04",69300
19300,-200,900,"sd","14:20:59",69200
19400,-100,1500,"bu","14:20:53",68300
19400,-100,1500,"sd","14:20:47",66800
19400,-100,2500,"sd","14:19:42",65300
19400,-100,100,"sd","14:19:21",62800
19400,-100,5000,"sd","14:18:19",62700
19500,0,1600,"bu","14:18:06",57700
19500,0,5000,"sd","14:17:59",56100
19500,0,1000,"sd","14:17:47",51100
19600,100,100,"bu","14:14:48",50100
19500,0,500,"sd","14:11:47",50000
19500,0,200,"sd","14:02:24",49500
19600,100,100,"bu","14:01:03",49300
19600,100,1800,"sd","13:46:27",49200
19500,0,800,"sd","13:44:26",47400
19500,0,100,"sd","13:43:54",46600
19500,0,1000,"sd","13:29:16",46500
19500,0,100,"sd","13:27:13",45500
19500,0,300,"sd","13:24:05",45400
19500,0,200,"sd","13:22:38",45100
19500,0,1800,"bu","13:22:21",44900
19500,0,1500,"sd","13:11:40",43100
19500,0,2700,"sd","13:11:28",41600
19500,0,300,"bu","13:09:47",38900
19500,0,3000,"bu","13:08:36",38600
19500,0,1000,"bu","13:04:26",35600
19500,0,200,"sd","13:01:49",34600
19500,0,100,"sd","11:28:37",34400
19500,0,700,"sd","11:27:32",34300
19500,0,2300,"bu","11:25:04",33600
19500,0,5000,"sd","11:20:26",31300
19500,0,100,"sd","10:54:31",26300
19500,0,200,"sd","10:52:15",26200
19500,0,2900,"sd","10:47:48",26000
19600,100,500,"bu","10:44:48",23100
19600,100,100,"bu","10:35:14",22600
19600,100,300,"bu","10:34:52",22500
19600,100,400,"bu","10:32:02",22200
19600,100,300,"bu","10:31:57",21800
19600,100,100,"bu","10:29:36",21500
19600,100,400,"bu","10:28:16",21400
19600,100,1800,"sd","10:22:50",21000
19700,200,100,"bu","10:21:32",19200
19600,100,1500,"sd","10:18:02",19100
19700,200,1500,"sd","10:17:45",17600
19700,200,500,"sd","10:13:16",16100
19700,200,100,"sd","10:12:55",15600
19700,200,300,"bu","10:12:27",15500
19700,200,800,"sd","10:08:29",15200
19800,300,100,"bu","10:07:48",14400
19800,300,1000,"bu","10:00:26",14300
19700,200,900,"sd","09:59:42",13300
19700,200,100,"bu","09:57:57",12400
19700,200,1000,"sd","09:57:14",12300
19800,300,1000,"bu","09:56:55",11300
19800,300,100,"bu","09:56:53",10300
19800,300,2000,"bu","09:51:55",10200
19800,300,400,"bu","09:48:45",8200
19700,200,600,"sd","09:46:45",7800
19700,200,1000,"sd","09:46:26",7200
19600,100,200,"unknown","09:44:06",6200
19800,300,2000,"bu","09:43:42",6000
19600,100,200,"bu","09:42:42",4000
19500,0,1000,"sd","09:28:45",3800
19500,0,2000,"sd","09:21:02",2800
19500,0,700,"sd","09:18:46",800
19500,0,100,"sd","09:02:06",100
