"price","change","match_qtty","side","time","total_vol"
38800,50,100,"sd","14:15:48",320000
38800,50,200,"sd","13:40:19",319900
38800,50,300,"sd","13:39:24",319700
38800,50,1200,"sd","13:39:24",319400
38800,50,600,"sd","13:39:13",318200
38800,50,1600,"sd","13:39:13",317600
38800,50,200,"sd","13:39:13",316000
38800,50,500,"sd","13:39:03",315800
38800,50,1000,"sd","13:39:03",315300
38800,50,1000,"sd","13:38:52",314300
38800,50,1600,"sd","13:38:52",313300
38800,50,300,"sd","13:38:46",311700
38800,50,1500,"sd","13:38:46",311400
38800,50,700,"sd","13:38:46",309900
38800,50,900,"sd","13:38:42",309200
38800,50,1000,"sd","13:38:42",308300
38800,50,400,"sd","13:38:35",307300
38800,50,1600,"sd","13:38:35",306900
38800,50,800,"sd","13:38:35",305300
38800,50,1200,"sd","13:38:28",304500
38800,50,400,"sd","13:38:28",303300
38800,50,1500,"sd","13:38:17",302900
38800,50,1100,"sd","13:38:17",301400
38800,50,500,"sd","13:38:10",300300
38800,50,1100,"sd","13:38:10",299800
38800,50,600,"sd","13:38:10",298700
38800,50,700,"sd","13:38:05",298100
38800,50,1300,"sd","13:38:05",297400
38800,50,500,"sd","13:37:53",296100
38800,50,1300,"sd","13:37:53",295600
38800,50,1100,"sd","13:37:53",294300
38800,50,300,"sd","13:37:48",293200
38800,50,1400,"sd","13:37:48",292900
38800,50,1100,"sd","13:37:48",291500
38800,50,1600,"sd","13:37:41",290400
38800,50,600,"sd","13:37:34",288800
38800,50,2000,"sd","13:37:34",288200
38800,50,100,"sd","13:37:28",286200
38800,50,1500,"sd","13:37:28",286100
38800,50,500,"sd","13:37:20",284600
38800,50,1800,"sd","13:37:13",284100
38800,50,1000,"sd","13:37:13",282300
38800,50,600,"sd","13:37:07",281300
38800,50,1500,"sd","13:37:07",280700
38800,50,900,"sd","13:37:07",279200
38800,50,200,"sd","13:36:59",278300
38800,50,1800,"sd","13:36:59",278100
38800,50,500,"sd","13:36:59",276300
38800,50,600,"sd","13:36:53",275800
38800,50,900,"sd","13:36:53",275200
38800,50,400,"sd","13:36:53",274300
38800,50,1500,"sd","13:36:42",273900
38800,50,700,"sd","13:36:42",272400
38800,50,800,"sd","13:36:36",271700
38800,50,1800,"sd","13:36:36",270900
38800,50,100,"sd","13:36:29",269100
38800,50,1400,"sd","13:36:29",269000
38800,50,100,"sd","13:36:21",267600
38800,50,2000,"sd","13:36:21",267500
38800,50,400,"sd","13:36:21",265500
38800,50,200,"sd","13:36:12",265100
38800,50,1200,"sd","13:36:12",264900
38800,50,300,"sd","13:36:04",263700
38800,50,2000,"sd","13:36:04",263400
38800,50,200,"sd","13:35:57",261400
38800,50,2000,"sd","13:35:57",261200
38850,100,2000,"sd","13:26:46",259200
38850,100,1100,"sd","13:26:33",257200
38850,100,1700,"sd","13:26:26",256100
38850,100,100,"sd","13:26:26",254400
38850,100,1900,"sd","13:26:20",254300
38850,100,1000,"sd","13:25:45",252400
38850,100,800,"sd","13:24:13",251400
38850,100,200,"sd","13:24:13",250600
38850,100,1600,"sd","13:24:04",250400
38850,100,1300,"sd","13:23:50",248800
38850,100,1100,"sd","13:23:45",247500
38850,100,800,"sd","13:23:41",246400
38850,100,800,"sd","13:23:41",245600
38850,100,1300,"sd","13:23:22",244800
38850,100,2000,"sd","13:23:17",243500
38850,100,1900,"sd","13:23:13",241500
38850,100,500,"sd","13:23:10",239600
38850,100,1300,"sd","13:23:10",239100
38850,100,1100,"sd","13:23:06",237800
38850,100,1500,"sd","13:22:32",236700
38850,100,1600,"sd","13:22:28",235200
38850,100,1000,"sd","13:22:21",233600
38850,100,300,"sd","13:22:21",232600
38850,100,2400,"sd","13:22:17",232300
38850,100,2000,"sd","13:22:13",229900
38850,100,700,"sd","13:22:08",227900
38850,100,1100,"sd","13:22:03",227200
38850,100,500,"sd","13:22:03",226100
38850,100,1800,"sd","13:21:58",225600
38850,100,1000,"sd","13:21:55",223800
38850,100,1500,"sd","13:21:50",222800
38850,100,1300,"sd","13:21:46",221300
38850,100,100,"sd","13:21:43",220000
38850,100,1900,"sd","13:21:43",219900
38850,100,1000,"sd","13:21:27",218000
38850,100,1600,"sd","13:21:23",217000
38850,100,100,"sd","13:21:19",215400
38850,100,1600,"sd","13:21:19",215300
38850,100,1100,"sd","13:21:12",213700
38850,100,1300,"sd","13:21:08",212600
38850,100,1400,"sd","13:21:03",211300
38850,100,600,"sd","13:21:00",209900
38850,100,1000,"sd","13:21:00",209300
38850,100,1000,"sd","13:20:56",208300
38850,100,1500,"sd","13:20:50",207300
38850,100,1000,"sd","13:20:46",205800
38850,100,400,"sd","13:20:46",204800
38850,100,1000,"sd","13:20:42",204400
38850,100,1300,"sd","13:20:38",203400
38850,100,1100,"sd","13:20:34",202100
38850,100,1200,"sd","13:20:30",201000
38850,100,100,"sd","13:20:30",199800
38850,100,1000,"sd","13:20:26",199700
38850,100,1400,"sd","13:20:22",198700
38850,100,1300,"sd","13:20:14",197300
38850,100,1700,"sd","13:20:10",196000
38850,100,500,"sd","13:20:06",194300
38850,100,1100,"sd","13:20:06",193800
38850,100,100,"bu","13:19:33",192700
38850,100,1500,"sd","13:19:22",192600
38850,100,800,"sd","13:19:17",191100
38850,100,300,"sd","13:19:17",190300
38850,100,1300,"sd","13:19:13",190000
38850,100,1100,"sd","13:18:57",188700
38850,100,600,"sd","13:18:51",187600
38850,100,600,"sd","13:18:51",187000
38850,100,1400,"sd","13:18:47",186400
38850,100,1600,"sd","13:18:42",185000
38850,100,400,"sd","13:18:38",183400
38850,100,1000,"sd","13:18:38",183000
38850,100,1800,"sd","13:18:33",182000
38850,100,800,"sd","13:18:28",180200
38850,100,800,"sd","13:18:28",179400
38850,100,1500,"sd","13:17:43",178600
38850,100,1200,"sd","13:17:38",177100
38850,100,200,"sd","13:17:38",175900
38850,100,1300,"sd","13:17:34",175700
38850,100,500,"sd","13:17:26",174400
38850,100,1000,"sd","11:25:26",173900
38800,50,400,"sd","10:21:27",172900
38800,50,1600,"sd","10:21:27",172500
38800,50,1100,"sd","10:21:02",170900
38800,50,1300,"sd","10:21:02",169800
38800,50,400,"sd","10:21:02",168500
38800,50,900,"sd","10:20:37",168100
38800,50,1300,"sd","10:20:37",167200
38800,50,100,"sd","10:20:37",165900
38800,50,1200,"sd","10:20:19",165800
38800,50,1700,"sd","10:20:19",164600
38800,50,700,"sd","10:20:19",162900
38800,50,400,"sd","10:19:57",162200
38800,50,1100,"sd","10:19:57",161800
38800,50,1100,"sd","10:19:57",160700
38800,50,200,"sd","10:19:57",159600
38800,50,900,"sd","10:19:37",159400
38800,50,1100,"sd","10:19:37",158500
38800,50,1100,"sd","10:19:37",157400
38800,50,500,"sd","10:19:37",156300
38800,50,600,"sd","10:19:18",155800
38800,50,1100,"sd","10:19:18",155200
38800,50,100,"sd","10:19:18",154100
38800,50,500,"sd","10:19:18",154000
38800,50,600,"sd","10:18:59",153500
38800,50,1100,"sd","10:18:59",152900
38800,50,700,"sd","10:18:59",151800
38800,50,400,"sd","10:18:38",151100
38800,50,1100,"sd","10:18:38",150700
38800,50,800,"sd","10:18:38",149600
38800,50,300,"sd","10:18:18",148800
38800,50,1100,"sd","10:18:18",148500
38800,50,1500,"sd","10:18:18",147400
38800,50,300,"sd","10:18:18",145900
38800,50,800,"sd","10:17:57",145600
38800,50,1100,"sd","10:17:57",144800
38800,50,400,"sd","10:17:57",143700
38800,50,700,"sd","10:17:28",143300
38800,50,1100,"sd","10:17:28",142600
38800,50,1100,"sd","10:17:28",141500
38800,50,700,"sd","10:17:28",140400
38800,50,400,"sd","10:17:04",139700
38800,50,1100,"sd","10:17:04",139300
38800,50,1100,"sd","10:17:04",138200
38800,50,200,"sd","10:17:04",137100
38800,50,900,"sd","10:16:20",136900
38800,50,1100,"sd","10:16:20",136000
38800,50,1000,"sd","10:16:20",134900
38800,50,100,"sd","10:14:32",133900
38800,50,1100,"sd","10:14:32",133800
38800,50,1100,"sd","10:14:32",132700
38800,50,1100,"sd","10:13:57",131600
38800,50,100,"sd","10:13:57",130500
38800,50,1000,"sd","10:13:29",130400
38800,50,300,"sd","10:13:29",129400
38800,50,800,"sd","10:13:02",129100
38800,50,400,"sd","10:13:02",128300
38800,50,700,"sd","10:12:42",127900
38800,50,1100,"sd","10:12:42",127200
38800,50,1100,"sd","10:12:42",126100
38800,50,700,"sd","10:12:42",125000
38800,50,400,"sd","10:12:20",124300
38800,50,1200,"sd","10:12:20",123900
38800,50,900,"sd","10:12:20",122700
38800,50,300,"sd","10:11:57",121800
38800,50,200,"sd","10:11:57",121500
38800,50,1000,"sd","10:11:57",121300
38800,50,100,"sd","10:11:34",120300
38800,50,1100,"sd","10:11:34",120200
38800,50,600,"sd","10:11:34",119100
38800,50,500,"sd","10:11:05",118500
38800,50,1100,"sd","10:11:05",118000
38800,50,700,"sd","10:11:05",116900
38800,50,400,"sd","10:10:44",116200
38800,50,1100,"sd","10:10:44",115800
38800,50,800,"sd","10:10:44",114700
38800,50,300,"sd","10:08:02",113900
38800,50,1100,"sd","10:08:02",113600
38800,50,900,"sd","10:08:02",112500
38800,50,200,"sd","10:07:41",111600
38800,50,1100,"sd","10:07:41",111400
38800,50,700,"sd","10:07:41",110300
38800,50,400,"sd","09:51:33",109600
38800,50,800,"sd","09:51:33",109200
38800,50,300,"sd","09:51:11",108400
38800,50,1100,"sd","09:51:11",108100
38800,50,900,"sd","09:51:11",107000
38800,50,200,"sd","09:50:18",106100
38800,50,1100,"sd","09:50:18",105900
38800,50,1100,"sd","09:50:18",104800
38800,50,600,"sd","09:50:18",103700
38800,50,500,"sd","09:49:57",103100
38800,50,1300,"sd","09:49:57",102600
38800,50,500,"sd","09:49:57",101300
38800,50,800,"sd","09:49:39",100800
38800,50,1300,"sd","09:49:39",100000
38800,50,900,"sd","09:49:39",98700
38800,50,400,"sd","09:49:21",97800
38800,50,900,"sd","09:49:21",97400
38800,50,900,"sd","09:49:21",96500
38800,50,100,"sd","09:49:21",95600
38800,50,1100,"sd","09:49:02",95500
38800,50,400,"sd","09:49:02",94400
38800,50,800,"sd","09:48:41",94000
38800,50,1200,"sd","09:48:41",93200
38800,50,1000,"sd","09:48:41",92000
38800,50,500,"sd","09:48:16",91000
38800,50,1500,"sd","09:48:16",90500
38800,50,1500,"sd","09:47:45",89000
38800,50,500,"sd","09:47:45",87500
38800,50,1000,"sd","09:47:13",87000
38800,50,1000,"sd","09:47:13",86000
38750,0,1700,"sd","09:34:05",85000
38750,0,400,"sd","09:33:55",83300
38750,0,1700,"sd","09:33:55",82900
38750,0,600,"sd","09:33:45",81200
38750,0,500,"sd","09:33:45",80600
38750,0,1600,"sd","09:33:24",80100
38750,0,1300,"sd","09:33:13",78500
38750,0,1700,"sd","09:33:08",77200
38750,0,800,"sd","09:32:58",75500
38750,0,800,"sd","09:32:58",74700
38750,0,1400,"sd","09:32:52",73900
38750,0,1600,"sd","09:32:44",72500
38750,0,100,"sd","09:32:44",70900
38750,0,1500,"sd","09:32:37",70800
38750,0,1400,"sd","09:32:31",69300
38750,0,500,"sd","09:32:20",67900
38750,0,1800,"sd","09:32:20",67400
38750,0,500,"sd","09:32:15",65600
38750,0,1600,"sd","09:32:15",65100
38750,0,200,"sd","09:32:07",63500
38750,0,1100,"sd","09:32:07",63300
38750,0,100,"sd","09:31:58",62200
38750,0,1000,"sd","09:31:58",62100
38750,0,1300,"sd","09:31:51",61100
38750,0,1200,"sd","09:31:43",59800
38750,0,200,"sd","09:31:43",58600
38750,0,1700,"sd","09:31:36",58400
38750,0,1100,"sd","09:31:29",56700
38750,0,500,"sd","09:31:29",55600
38750,0,1400,"sd","09:31:22",55100
38750,0,1100,"sd","09:31:14",53700
38750,0,400,"sd","09:31:14",52600
38750,0,800,"sd","09:31:06",52200
38750,0,500,"sd","09:31:06",51400
38750,0,1400,"sd","09:30:59",50900
38750,0,1200,"sd","09:30:52",49500
38750,0,700,"sd","09:30:46",48300
38750,0,300,"sd","09:30:46",47600
38750,0,900,"sd","09:30:42",47300
38750,0,100,"sd","09:30:42",46400
38750,0,1400,"sd","09:30:37",46300
38750,0,1000,"sd","09:30:11",44900
38750,0,200,"sd","09:30:11",43900
38750,0,300,"sd","09:30:11",43700
38750,0,1500,"sd","09:30:07",43400
38750,0,700,"sd","09:30:01",41900
38750,0,1400,"sd","09:30:01",41200
38750,0,100,"sd","09:29:33",39800
38750,0,900,"sd","09:29:33",39700
38750,0,900,"sd","09:29:23",38800
38750,0,100,"sd","09:29:23",37900
38750,0,600,"sd","09:29:23",37800
38750,0,500,"sd","09:29:17",37200
38750,0,900,"sd","09:29:07",36700
38750,0,100,"sd","09:29:07",35800
38750,0,1400,"sd","09:29:00",35700
38750,0,200,"sd","09:29:00",34300
38750,0,1400,"sd","09:28:52",34100
38750,0,400,"sd","09:28:46",32700
38750,0,1300,"sd","09:28:46",32300
38750,0,500,"sd","09:28:38",31000
38750,0,1800,"sd","09:28:38",30500
38750,0,2100,"sd","09:28:31",28700
38750,0,1700,"sd","09:28:23",26600
38750,0,2000,"sd","09:28:16",24900
38750,0,1800,"sd","09:28:10",22900
38750,0,400,"sd","09:28:03",21100
38750,0,1300,"sd","09:28:03",20700
38750,0,200,"sd","09:27:56",19400
38750,0,1700,"sd","09:27:56",19200
38750,0,300,"sd","09:27:02",17500
38750,0,1500,"sd","09:27:02",17200
38750,0,500,"sd","09:27:02",15700
38750,0,1500,"sd","09:26:57",15200
38750,0,600,"sd","09:26:57",13700
38750,0,2000,"sd","09:26:50",13100
38750,0,1900,"sd","09:26:44",11100
38750,0,1900,"sd","09:26:39",9200
38750,0,1800,"sd","09:26:32",7300
38750,0,1400,"sd","09:26:24",5500
38750,0,2000,"sd","09:26:19",4100
38750,0,1900,"sd","09:26:15",2100
38750,0,100,"sd","09:26:15",200
38900,150,100,"unknown","09:15:00",100
