"price","change","match_qtty","side","time","total_vol"
22300,150,2000,"sd","14:28:52",1975200
22300,150,100,"sd","14:28:43",1973200
22300,150,500,"sd","14:28:37",1973100
22300,150,500,"sd","14:28:15",1972600
22300,150,100,"sd","14:27:29",1972100
22300,150,500,"sd","14:26:54",1972000
22300,150,500,"sd","14:26:39",1971500
22300,150,1000,"sd","14:26:36",1971000
22300,150,500,"sd","14:25:57",1970000
22300,150,100,"sd","14:25:54",1969500
22300,150,400,"sd","14:25:45",1969400
22300,150,9000,"sd","14:25:29",1969000
22300,150,2700,"sd","14:25:26",1960000
22300,150,2000,"sd","14:25:08",1957300
22300,150,9800,"sd","14:24:34",1955300
22300,150,1000,"sd","14:24:00",1945500
22300,150,500,"sd","14:23:58",1944500
22300,150,1000,"sd","14:23:41",1944000
22300,150,100,"sd","14:23:33",1943000
22300,150,500,"sd","14:23:33",1942900
22350,200,1000,"bu","14:23:24",1942400
22300,150,9300,"sd","14:23:21",1941400
22350,200,4200,"bu","14:23:09",1932100
22350,200,2000,"bu","14:23:09",1927900
22300,150,700,"sd","14:23:07",1925900
22300,150,800,"sd","14:23:01",1925200
22350,200,500,"bu","14:22:58",1924400
22350,200,100,"bu","14:22:47",1923900
22300,150,100,"sd","14:22:47",1923800
22350,200,3000,"bu","14:22:39",1923700
22300,150,900,"sd","14:22:39",1920700
22350,200,8300,"bu","14:22:31",1919800
22300,150,300,"sd","14:22:25",1911500
22300,150,400,"sd","14:22:23",1911200
22350,200,800,"bu","14:22:19",1910800
22300,150,500,"sd","14:22:17",1910000
22300,150,2700,"sd","14:22:09",1909500
22300,150,200,"sd","14:21:21",1906800
22300,150,400,"sd","14:20:34",1906600
22300,150,100,"sd","14:20:34",1906200
22350,200,1200,"bu","14:20:21",1906100
22350,200,1200,"bu","14:20:07",1904900
22350,200,400,"bu","14:19:40",1903700
22350,200,1000,"bu","14:19:36",1903300
22350,200,200,"bu","14:19:20",1902300
22300,150,1000,"sd","14:18:37",1902100
22300,150,100,"sd","14:17:26",1901100
22300,150,100,"sd","14:17:26",1901000
22300,150,1000,"sd","14:16:29",1900900
22300,150,600,"sd","14:16:05",1899900
22300,150,3900,"sd","14:16:05",1899300
22300,150,500,"sd","14:16:05",1895400
22350,200,1800,"bu","14:16:00",1894900
22350,200,200,"bu","14:16:00",1893100
22300,150,200,"sd","14:15:56",1892900
22300,150,1800,"sd","14:15:56",1892700
22300,150,1000,"sd","14:15:25",1890900
22300,150,600,"sd","14:15:25",1889900
22300,150,1100,"sd","14:15:25",1889300
22300,150,600,"sd","14:15:25",1888200
22300,150,800,"sd","14:15:25",1887600
22300,150,300,"sd","14:15:25",1886800
22300,150,600,"sd","14:15:24",1886500
22300,150,400,"sd","14:14:55",1885900
22300,150,100,"sd","14:14:55",1885500
22300,150,600,"sd","14:14:55",1885400
22300,150,500,"sd","14:14:55",1884800
22300,150,900,"sd","14:14:55",1884300
22300,150,100,"sd","14:14:24",1883400
22300,150,200,"sd","14:14:24",1883300
22300,150,200,"sd","14:14:21",1883100
22300,150,600,"sd","14:12:38",1882900
22300,150,600,"sd","14:12:38",1882300
22300,150,800,"sd","14:12:38",1881700
22300,150,1200,"sd","14:12:25",1880900
22300,150,600,"sd","14:12:25",1879700
22300,150,1000,"sd","14:12:25",1879100
22300,150,200,"sd","14:12:25",1878100
22300,150,2000,"sd","14:12:23",1877900
22300,150,3000,"sd","14:12:13",1875900
22300,150,5000,"sd","14:10:52",1872900
22300,150,700,"sd","14:10:31",1867900
22350,200,1000,"bu","14:10:26",1867200
22300,150,10000,"sd","14:10:26",1866200
22300,150,500,"sd","14:10:09",1856200
22300,150,500,"sd","14:09:54",1855700
22350,200,600,"bu","14:08:33",1855200
22350,200,200,"bu","14:07:15",1854600
22350,200,1000,"bu","14:06:56",1854400
22300,150,200,"bu","14:06:23",1853400
22300,150,7900,"bu","14:06:23",1853200
22300,150,100,"bu","14:06:21",1845300
22300,150,900,"bu","14:06:21",1845200
22300,150,1100,"sd","14:05:44",1844300
22300,150,900,"sd","14:05:39",1843200
22300,150,1100,"sd","14:05:39",1842300
22300,150,200,"bu","14:05:02",1841200
22300,150,300,"bu","14:04:56",1841000
22300,150,600,"bu","14:04:53",1840700
22300,150,800,"bu","14:04:41",1840100
22300,150,600,"bu","14:04:41",1839300
22300,150,3600,"bu","14:04:41",1838700
22250,100,200,"sd","14:04:39",1835100
22300,150,1400,"bu","14:04:36",1834900
22300,150,500,"bu","14:04:36",1833500
22300,150,1000,"bu","14:04:36",1833000
22300,150,1000,"bu","14:04:36",1832000
22300,150,100,"bu","14:04:36",1831000
22300,150,1000,"bu","14:04:36",1830900
22300,150,1000,"bu","14:04:02",1829900
22300,150,1000,"bu","14:04:02",1828900
22300,150,500,"bu","14:04:02",1827900
22300,150,2500,"bu","14:04:02",1827400
22250,100,2000,"sd","14:03:23",1824900
22250,100,1600,"sd","14:03:01",1822900
22250,100,5000,"bu","13:59:48",1821300
22250,100,100,"bu","13:59:47",1816300
22250,100,1000,"bu","13:59:47",1816200
22250,100,5000,"bu","13:59:47",1815200
22250,100,100,"bu","13:59:47",1810200
22250,100,100,"bu","13:59:47",1810100
22250,100,2300,"bu","13:59:45",1810000
22250,100,2600,"bu","13:59:42",1807700
22250,100,400,"bu","13:59:42",1805100
22200,50,1000,"sd","13:59:16",1804700
22200,50,400,"sd","13:58:52",1803700
22200,50,700,"sd","13:58:43",1803300
22200,50,100,"sd","13:58:16",1802600
22200,50,10000,"sd","13:58:12",1802500
22200,50,7600,"sd","13:57:37",1792500
22200,50,2400,"sd","13:57:37",1784900
22200,50,1000,"sd","13:57:03",1782500
22200,50,1600,"sd","13:56:28",1781500
22200,50,400,"sd","13:56:28",1779900
22200,50,200,"sd","13:56:16",1779500
22200,50,500,"sd","13:56:16",1779300
22200,50,2000,"sd","13:56:16",1778800
22200,50,100,"sd","13:56:16",1776800
22200,50,200,"sd","13:56:16",1776700
22200,50,1200,"sd","13:55:57",1776500
22200,50,400,"sd","13:55:57",1775300
22200,50,600,"sd","13:55:57",1774900
22200,50,2000,"sd","13:55:57",1774300
22200,50,100,"sd","13:55:57",1772300
22200,50,800,"sd","13:55:57",1772200
22200,50,600,"sd","13:55:57",1771400
22200,50,1000,"sd","13:55:57",1770800
22200,50,300,"sd","13:55:57",1769800
22200,50,200,"sd","13:55:57",1769500
22200,50,100,"sd","13:55:57",1769300
22200,50,100,"sd","13:55:57",1769200
22200,50,1000,"sd","13:55:57",1769100
22200,50,1300,"sd","13:55:57",1768100
22200,50,300,"sd","13:55:57",1766800
22200,50,500,"sd","13:55:52",1766500
22200,50,500,"sd","13:55:52",1766000
22200,50,200,"sd","13:55:49",1765500
22200,50,600,"sd","13:55:47",1765300
22200,50,500,"sd","13:55:39",1764700
22200,50,1200,"sd","13:55:29",1764200
22200,50,300,"sd","13:55:29",1763000
22200,50,100,"sd","13:55:29",1762700
22200,50,100,"sd","13:55:29",1762600
22200,50,300,"sd","13:55:29",1762500
22200,50,100,"sd","13:55:29",1762200
22200,50,100,"sd","13:55:04",1762100
22200,50,2900,"sd","13:55:04",1762000
22200,50,100,"sd","13:54:59",1759100
22200,50,500,"sd","13:54:59",1759000
22200,50,500,"sd","13:54:59",1758500
22200,50,100,"sd","13:54:59",1758000
22200,50,800,"sd","13:54:59",1757900
22200,50,700,"sd","13:54:42",1757100
22200,50,1700,"sd","13:54:42",1756400
22200,50,600,"sd","13:54:16",1754700
22200,50,1300,"sd","13:54:16",1754100
22200,50,100,"sd","13:54:16",1752800
22200,50,1000,"sd","13:54:14",1752700
22200,50,100,"sd","13:54:02",1751700
22200,50,100,"sd","13:53:58",1751600
22200,50,200,"sd","13:53:47",1751500
22200,50,300,"sd","13:53:47",1751300
22250,100,200,"bu","13:53:38",1751000
22250,100,1400,"bu","13:53:38",1750800
22200,50,29700,"sd","13:53:32",1749400
22200,50,1000,"sd","13:53:32",1719700
22200,50,100,"sd","13:53:32",1718700
22200,50,1000,"sd","13:53:32",1718600
22200,50,20000,"sd","13:53:32",1717600
22200,50,3600,"sd","13:53:32",1697600
22250,100,600,"bu","13:53:29",1694000
22250,100,5000,"bu","13:53:29",1693400
22200,50,500,"sd","13:52:47",1688400
22200,50,3100,"sd","13:52:27",1687900
22200,50,300,"sd","13:52:27",1684800
22200,50,900,"sd","13:52:11",1684500
22200,50,100,"sd","13:52:11",1683600
22200,50,100,"sd","13:51:40",1683500
22200,50,300,"sd","13:51:40",1683400
22200,50,500,"sd","13:51:40",1683100
22200,50,500,"sd","13:51:40",1682600
22200,50,1100,"sd","13:51:40",1682100
22250,100,100,"bu","13:51:28",1681000
22250,100,900,"sd","13:51:02",1680900
22250,100,1000,"bu","13:50:21",1680000
22200,50,1000,"sd","13:50:17",1679000
22250,100,700,"bu","13:50:10",1678000
22250,100,500,"bu","13:49:47",1677300
22200,50,5000,"sd","13:49:44",1676800
22250,100,2300,"bu","13:49:34",1671800
22200,50,2900,"sd","13:49:30",1669500
22200,50,100,"sd","13:49:30",1666600
22250,100,7500,"sd","13:49:20",1666500
22250,100,900,"sd","13:48:54",1659000
22250,100,600,"sd","13:48:54",1658100
22250,100,200,"sd","13:48:54",1657500
22250,100,600,"sd","13:48:54",1657300
22250,100,200,"sd","13:48:54",1656700
22250,100,1500,"sd","13:48:49",1656500
22250,100,100,"sd","13:48:49",1655000
22250,100,2900,"sd","13:48:33",1654900
22250,100,1500,"sd","13:48:25",1652000
22250,100,500,"sd","13:48:25",1650500
22250,100,1000,"sd","13:48:25",1650000
22250,100,1000,"sd","13:48:25",1649000
22250,100,1000,"sd","13:48:25",1648000
22250,100,500,"sd","13:48:09",1647000
22300,150,500,"bu","13:48:00",1646500
22300,150,700,"bu","13:48:00",1646000
22300,150,3800,"bu","13:48:00",1645300
22250,100,1100,"sd","13:47:18",1641500
22250,100,500,"sd","13:47:18",1640400
22250,100,3400,"sd","13:47:18",1639900
22300,150,1000,"bu","13:46:54",1636500
22250,100,1600,"sd","13:45:37",1635500
22250,100,1000,"sd","13:45:37",1633900
22250,100,200,"sd","13:45:37",1632900
22250,100,700,"sd","13:45:37",1632700
22250,100,100,"sd","13:45:37",1632000
22250,100,2000,"sd","13:45:37",1631900
22250,100,500,"sd","13:45:37",1629900
22250,100,500,"sd","13:45:37",1629400
22250,100,1500,"sd","13:45:37",1628900
22250,100,500,"sd","13:45:37",1627400
22250,100,100,"sd","13:45:37",1626900
22250,100,100,"sd","13:45:37",1626800
22250,100,100,"sd","13:45:37",1626700
22250,100,500,"sd","13:45:37",1626600
22250,100,600,"sd","13:45:37",1626100
22300,150,200,"bu","13:44:40",1625500
22300,150,2000,"bu","13:44:40",1625300
22300,150,1800,"bu","13:44:40",1623300
22300,150,200,"bu","13:44:40",1621500
22300,150,400,"bu","13:44:40",1621300
22300,150,3000,"bu","13:44:02",1620900
22300,150,1000,"bu","13:43:50",1617900
22250,100,1400,"sd","13:43:25",1616900
22250,100,600,"sd","13:43:25",1615500
22300,150,100,"bu","13:43:14",1614900
22300,150,100,"bu","13:43:14",1614800
22300,150,500,"bu","13:43:14",1614700
22300,150,200,"bu","13:43:01",1614200
22300,150,100,"bu","13:42:51",1614000
22300,150,100,"bu","13:42:47",1613900
22300,150,500,"bu","13:42:47",1613800
22300,150,1000,"sd","13:42:23",1613300
22300,150,100,"bu","13:42:04",1612300
22300,150,100,"sd","13:41:52",1612200
22300,150,2800,"sd","13:41:52",1612100
22300,150,500,"sd","13:41:25",1609300
22300,150,900,"bu","13:41:07",1608800
22300,150,600,"bu","13:40:58",1607900
22300,150,1000,"sd","13:40:54",1607300
22300,150,200,"sd","13:40:54",1606300
22300,150,100,"sd","13:40:54",1606100
22300,150,5000,"sd","13:40:54",1606000
22300,150,600,"sd","13:40:54",1601000
22300,150,100,"sd","13:40:54",1600400
22300,150,1500,"sd","13:40:54",1600300
22300,150,400,"sd","13:39:37",1598800
22300,150,200,"sd","13:38:17",1598400
22250,100,100,"sd","13:37:07",1598200
22250,100,4000,"sd","13:37:07",1598100
22250,100,700,"sd","13:37:07",1594100
22250,100,300,"sd","13:37:07",1593400
22250,100,1000,"sd","13:37:07",1593100
22250,100,700,"sd","13:37:07",1592100
22300,150,500,"sd","13:37:07",1591400
22300,150,500,"sd","13:37:07",1590900
22300,150,200,"sd","13:37:07",1590400
22300,150,600,"sd","13:37:07",1590200
22300,150,1000,"sd","13:37:07",1589600
22300,150,900,"sd","13:37:07",1588600
22300,150,9500,"sd","13:37:07",1587700
22300,150,500,"sd","13:36:53",1578200
22300,150,300,"sd","13:36:35",1577700
22300,150,8000,"sd","13:36:29",1577400
22300,150,200,"sd","13:36:26",1569400
22300,150,6700,"sd","13:36:23",1569200
22300,150,3300,"sd","13:36:23",1562500
22300,150,300,"sd","13:36:20",1559200
22300,150,5000,"sd","13:36:20",1558900
22300,150,200,"sd","13:36:20",1553900
22300,150,500,"sd","13:36:20",1553700
22300,150,1500,"sd","13:36:20",1553200
22300,150,200,"sd","13:36:20",1551700
22300,150,100,"sd","13:36:20",1551500
22300,150,100,"sd","13:36:20",1551400
22300,150,500,"sd","13:36:20",1551300
22300,150,2000,"sd","13:36:20",1550800
22300,150,1000,"sd","13:36:20",1548800
22300,150,100,"sd","13:36:20",1547800
22300,150,2000,"sd","13:36:20",1547700
22300,150,100,"sd","13:36:20",1545700
22300,150,2500,"sd","13:36:20",1545600
22300,150,2700,"sd","13:36:20",1543100
22300,150,600,"sd","13:36:20",1540400
22300,150,200,"sd","13:36:19",1539800
22300,150,600,"sd","13:36:17",1539600
22300,150,1500,"sd","13:36:04",1539000
22300,150,1000,"sd","13:35:59",1537500
22300,150,14800,"sd","13:35:47",1536500
22300,150,1000,"sd","13:35:47",1521700
22300,150,200,"sd","13:35:47",1520700
22300,150,1000,"sd","13:35:47",1520500
22300,150,1000,"sd","13:35:47",1519500
22300,150,1000,"sd","13:35:47",1518500
22300,150,1000,"sd","13:35:47",1517500
22350,200,1400,"bu","13:35:43",1516500
22300,150,200,"sd","13:35:30",1515100
22300,150,200,"sd","13:35:30",1514900
22300,150,1000,"sd","13:35:30",1514700
22300,150,400,"sd","13:35:30",1513700
22300,150,200,"sd","13:35:30",1513300
22300,150,800,"sd","13:35:30",1513100
22300,150,5000,"sd","13:35:30",1512300
22300,150,100,"sd","13:35:30",1507300
22300,150,500,"sd","13:35:30",1507200
22300,150,1000,"sd","13:35:30",1506700
22300,150,500,"sd","13:35:30",1505700
22300,150,100,"sd","13:35:30",1505200
22300,150,2600,"sd","13:35:25",1505100
22300,150,2000,"sd","13:35:25",1502500
22300,150,200,"sd","13:35:25",1500500
22300,150,200,"sd","13:35:25",1500300
22300,150,300,"sd","13:35:14",1500100
22300,150,800,"sd","13:35:14",1499800
22300,150,200,"sd","13:35:14",1499000
22300,150,1400,"sd","13:35:14",1498800
22350,200,700,"bu","13:33:53",1497400
22350,200,300,"bu","13:33:53",1496700
22350,200,600,"bu","13:33:36",1496400
22300,150,3000,"sd","13:33:33",1495800
22350,200,100,"bu","13:33:21",1492800
22350,200,500,"bu","13:32:37",1492700
22350,200,400,"bu","13:32:04",1492200
22350,200,500,"bu","13:31:55",1491800
22350,200,400,"bu","13:31:51",1491300
22350,200,600,"bu","13:31:45",1490900
22350,200,400,"bu","13:31:23",1490300
22300,150,1000,"sd","13:30:31",1489900
22300,150,100,"sd","13:30:17",1488900
22350,200,1000,"bu","13:30:11",1488800
22300,150,1500,"sd","13:28:56",1487800
22350,200,2000,"bu","13:28:41",1486300
22350,200,900,"bu","13:28:30",1484300
22350,200,2000,"bu","13:28:07",1483400
22350,200,5000,"bu","13:27:59",1481400
22300,150,2000,"sd","13:27:51",1476400
22350,200,300,"bu","13:27:22",1474400
22350,200,500,"bu","13:26:30",1474100
22300,150,200,"sd","13:26:26",1473600
22350,200,700,"bu","13:26:13",1473400
22350,200,500,"bu","13:26:09",1472700
22350,200,2000,"sd","13:25:39",1472200
22350,200,1300,"sd","13:25:39",1470200
22350,200,100,"sd","13:25:35",1468900
22350,200,600,"sd","13:25:35",1468800
22350,200,400,"sd","13:25:35",1468200
22350,200,200,"sd","13:25:35",1467800
22350,200,3700,"sd","13:25:35",1467600
22350,200,1800,"sd","13:24:55",1463900
22350,200,400,"sd","13:24:55",1462100
22350,200,1000,"sd","13:24:55",1461700
22350,200,100,"sd","13:24:55",1460700
22350,200,500,"sd","13:24:55",1460600
22350,200,2000,"sd","13:24:55",1460100
22350,200,600,"sd","13:24:55",1458100
22350,200,3600,"sd","13:24:55",1457500
22350,200,800,"sd","13:23:35",1453900
22350,200,3000,"sd","13:23:33",1453100
22350,200,300,"sd","13:23:33",1450100
22350,200,10000,"sd","13:23:33",1449800
22350,200,1900,"sd","13:23:33",1439800
22350,200,600,"sd","13:23:33",1437900
22350,200,1000,"sd","13:23:33",1437300
22350,200,200,"sd","13:23:33",1436300
22350,200,1000,"sd","13:23:33",1436100
22350,200,1500,"sd","13:23:33",1435100
22350,200,500,"sd","13:23:33",1433600
22350,200,2300,"sd","13:23:16",1433100
22350,200,200,"sd","13:23:14",1430800
22350,200,600,"sd","13:22:59",1430600
22350,200,100,"sd","13:22:59",1430000
22350,200,1300,"sd","13:22:59",1429900
22350,200,100,"sd","13:22:49",1428600
22400,250,100,"bu","13:22:41",1428500
22400,250,4700,"bu","13:22:40",1428400
22400,250,1000,"bu","13:22:40",1423700
22400,250,11200,"bu","13:22:40",1422700
22400,250,13100,"bu","13:22:40",1411500
22400,250,600,"bu","13:22:34",1398400
22400,250,1000,"bu","13:21:21",1397800
22350,200,200,"sd","13:21:21",1396800
22350,200,700,"sd","13:21:20",1396600
22350,200,2000,"sd","13:20:37",1395900
22350,200,400,"sd","13:20:20",1393900
22350,200,1000,"sd","13:20:20",1393500
22350,200,600,"sd","13:20:20",1392500
22350,200,100,"sd","13:20:02",1391900
22350,200,2700,"sd","13:20:02",1391800
22350,200,500,"sd","13:19:58",1389100
22350,200,3200,"sd","13:18:48",1388600
22350,200,500,"sd","13:18:48",1385400
22350,200,100,"sd","13:18:48",1384900
22350,200,1000,"sd","13:18:48",1384800
22350,200,2500,"sd","13:18:48",1383800
22350,200,100,"sd","13:18:48",1381300
22350,200,2600,"sd","13:18:48",1381200
22350,200,400,"sd","13:18:42",1378600
22350,200,500,"sd","13:18:42",1378200
22350,200,100,"sd","13:18:42",1377700
22350,200,200,"bu","13:17:30",1377600
22350,200,1700,"bu","13:17:30",1377400
22350,200,100,"bu","13:17:10",1375700
22350,200,200,"bu","13:17:06",1375600
22350,200,1000,"bu","13:17:06",1375400
22350,200,10000,"bu","13:17:02",1374400
22350,200,600,"bu","13:17:01",1364400
22350,200,500,"bu","13:16:55",1363800
22350,200,200,"bu","13:16:48",1363300
22350,200,100,"bu","13:16:32",1363100
22350,200,4300,"bu","13:16:29",1363000
22350,200,500,"sd","13:16:27",1358700
22350,200,800,"sd","13:16:27",1358200
22350,200,300,"sd","13:16:18",1357400
22350,200,300,"bu","13:16:14",1357100
22350,200,100,"bu","13:16:11",1356800
22350,200,1000,"bu","13:16:06",1356700
22350,200,3400,"bu","13:15:57",1355700
22350,200,200,"bu","13:15:56",1352300
22350,200,4800,"bu","13:15:56",1352100
22350,200,3000,"bu","13:15:44",1347300
22350,200,2000,"bu","13:15:23",1344300
22350,200,200,"bu","13:15:10",1342300
22350,200,400,"bu","13:15:10",1342100
22350,200,3000,"bu","13:14:58",1341700
22350,200,4000,"bu","13:14:49",1338700
22350,200,1000,"bu","13:14:41",1334700
22350,200,1000,"bu","13:14:26",1333700
22350,200,1000,"sd","13:14:22",1332700
22350,200,700,"sd","13:14:22",1331700
22350,200,1900,"sd","13:14:22",1331000
22350,200,1300,"sd","13:14:22",1329100
22350,200,700,"sd","13:14:22",1327800
22350,200,1000,"sd","13:12:40",1327100
22350,200,3300,"bu","13:12:34",1326100
22350,200,2100,"bu","13:12:32",1322800
22350,200,10100,"sd","13:12:22",1320700
22350,200,500,"sd","13:12:22",1310600
22350,200,4000,"sd","13:12:22",1310100
22350,200,7000,"bu","13:12:05",1306100
22350,200,4000,"bu","13:12:05",1299100
22350,200,2000,"bu","13:12:05",1295100
22350,200,600,"bu","13:12:05",1293100
22350,200,12400,"bu","13:12:05",1292500
22350,200,1000,"bu","13:12:01",1280100
22350,200,600,"bu","13:11:29",1279100
22350,200,1800,"bu","13:11:16",1278500
22350,200,1800,"bu","13:10:02",1276700
22350,200,200,"bu","13:10:02",1274900
22300,150,1000,"sd","13:09:48",1274700
22350,200,600,"bu","13:09:39",1273700
22350,200,400,"bu","13:09:30",1273100
22350,200,2000,"sd","13:09:16",1272700
22350,200,200,"sd","13:09:16",1270700
22350,200,100,"sd","13:09:02",1270500
22350,200,300,"sd","13:08:36",1270400
22350,200,400,"sd","13:08:36",1270100
22350,200,300,"sd","13:08:36",1269700
22350,200,1000,"sd","13:07:59",1269400
22350,200,2000,"sd","13:07:33",1268400
22350,200,100,"bu","13:06:50",1266400
22350,200,500,"bu","13:06:50",1266300
22350,200,100,"bu","13:06:50",1265800
22350,200,1000,"bu","13:06:50",1265700
22350,200,200,"bu","13:06:18",1264700
22350,200,600,"bu","13:05:56",1264500
22350,200,900,"bu","13:04:55",1263900
22350,200,2300,"sd","13:04:51",1263000
22350,200,600,"sd","13:04:37",1260700
22350,200,200,"sd","13:04:37",1260100
22350,200,600,"sd","13:04:37",1259900
22350,200,1600,"sd","13:04:37",1259300
22350,200,2500,"sd","13:04:19",1257700
22350,200,400,"bu","13:03:48",1255200
22350,200,500,"bu","13:03:48",1254800
22350,200,500,"bu","13:03:42",1254300
22350,200,1000,"bu","13:03:07",1253800
22350,200,100,"bu","13:03:06",1252800
22350,200,400,"bu","13:03:06",1252700
22350,200,800,"bu","13:02:58",1252300
22350,200,5000,"bu","13:02:43",1251500
22350,200,800,"bu","13:02:39",1246500
22350,200,1200,"bu","13:02:39",1245700
22350,200,700,"bu","13:02:15",1244500
22350,200,100,"bu","13:02:13",1243800
22350,200,200,"bu","13:02:13",1243700
22350,200,300,"bu","13:01:35",1243500
22350,200,700,"bu","13:01:35",1243200
22350,200,300,"bu","13:01:10",1242500
22350,200,400,"bu","13:01:10",1242200
22350,200,100,"bu","13:00:59",1241800
22350,200,700,"bu","13:00:38",1241700
22300,150,4000,"sd","13:00:36",1241000
22300,150,200,"sd","13:00:11",1237000
22350,200,1000,"bu","13:00:10",1236800
22300,150,5000,"sd","13:00:08",1235800
22300,150,9700,"sd","13:00:02",1230800
22300,150,600,"sd","13:00:01",1221100
22350,200,600,"bu","13:00:00",1220500
22300,150,1300,"sd","13:00:00",1219900
22300,150,5000,"sd","11:29:34",1218600
22300,150,1000,"sd","11:29:33",1213600
22350,200,500,"bu","11:29:21",1212600
22350,200,600,"bu","11:28:35",1212100
22350,200,800,"bu","11:28:08",1211500
22350,200,600,"bu","11:26:46",1210700
22350,200,200,"bu","11:25:28",1210100
22350,200,100,"bu","11:25:19",1209900
22350,200,500,"bu","11:24:58",1209800
22350,200,700,"bu","11:24:54",1209300
22350,200,500,"bu","11:24:32",1208600
22350,200,500,"bu","11:23:35",1208100
22350,200,600,"bu","11:23:04",1207600
22350,200,1000,"bu","11:22:39",1207000
22350,200,100,"sd","11:21:39",1206000
22350,200,500,"sd","11:21:39",1205900
22350,200,100,"bu","11:21:14",1205400
22350,200,5000,"bu","11:20:32",1205300
22350,200,500,"bu","11:20:32",1200300
22350,200,1000,"bu","11:20:32",1199800
22350,200,500,"bu","11:20:32",1198800
22350,200,1000,"bu","11:20:32",1198300
22350,200,300,"bu","11:20:32",1197300
22350,200,300,"bu","11:20:32",1197000
22350,200,20000,"bu","11:20:32",1196700
22350,200,1300,"bu","11:20:32",1176700
22350,200,3700,"sd","11:20:26",1175400
22350,200,100,"sd","11:20:26",1171700
22350,200,500,"sd","11:20:26",1171600
22350,200,400,"sd","11:20:26",1171100
22400,250,600,"bu","11:19:23",1170700
22400,250,400,"bu","11:18:36",1170100
22400,250,500,"bu","11:18:34",1169700
22400,250,700,"bu","11:17:33",1169200
22400,250,2000,"bu","11:17:24",1168500
22350,200,1600,"sd","11:17:22",1166500
22350,200,4400,"sd","11:17:22",1164900
22400,250,100,"bu","11:16:26",1160500
22400,250,300,"bu","11:16:06",1160400
22400,250,600,"bu","11:15:43",1160100
22400,250,100,"sd","11:14:56",1159500
22400,250,500,"sd","11:14:44",1159400
22400,250,10000,"sd","11:14:44",1158900
22400,250,1000,"sd","11:14:44",1148900
22400,250,8500,"sd","11:14:44",1147900
22400,250,1500,"bu","11:13:06",1139400
22400,250,400,"bu","11:12:48",1137900
22400,250,100,"bu","11:12:27",1137500
22400,250,600,"bu","11:12:03",1137400
22400,250,400,"bu","11:12:03",1136800
22400,250,700,"bu","11:12:01",1136400
22400,250,1000,"bu","11:11:48",1135700
22400,250,2900,"bu","11:11:16",1134700
22400,250,500,"bu","11:11:16",1131800
22400,250,1600,"bu","11:11:16",1131300
22400,250,100,"bu","11:11:14",1129700
22400,250,300,"bu","11:10:10",1129600
22400,250,300,"bu","11:10:10",1129300
22400,250,200,"bu","11:10:07",1129000
22400,250,4800,"bu","11:10:07",1128800
22400,250,8500,"bu","11:09:56",1124000
22400,250,1300,"bu","11:09:56",1115500
22400,250,5200,"bu","11:09:56",1114200
22400,250,5000,"bu","11:09:56",1109000
22350,200,600,"sd","11:09:43",1104000
22350,200,100,"sd","11:09:43",1103400
22350,200,1000,"sd","11:09:43",1103300
22350,200,1000,"sd","11:09:43",1102300
22350,200,1200,"sd","11:09:43",1101300
22400,250,500,"bu","11:09:25",1100100
22400,250,1000,"bu","11:09:18",1099600
22400,250,600,"sd","11:09:06",1098600
22400,250,1600,"sd","11:09:06",1098000
22400,250,400,"sd","11:08:59",1096400
22400,250,1000,"sd","11:08:59",1096000
22400,250,600,"sd","11:08:59",1095000
22400,250,500,"sd","11:08:59",1094400
22400,250,2500,"sd","11:08:59",1093900
22400,250,2500,"sd","11:08:52",1091400
22400,250,500,"sd","11:08:52",1088900
22400,250,1000,"sd","11:08:52",1088400
22400,250,400,"sd","11:08:52",1087400
22400,250,600,"sd","11:08:52",1087000
22400,250,1600,"sd","11:08:35",1086400
22400,250,1400,"sd","11:08:35",1084800
22400,250,600,"sd","11:08:07",1083400
22400,250,1400,"sd","11:08:07",1082800
22400,250,600,"sd","11:07:30",1081400
22400,250,700,"sd","11:07:30",1080800
22400,250,1000,"sd","11:07:30",1080100
22400,250,2700,"sd","11:07:30",1079100
22450,300,400,"bu","11:07:21",1076400
22400,250,200,"sd","11:06:47",1076000
22400,250,2000,"sd","11:06:18",1075800
22450,300,1900,"bu","11:06:17",1073800
22450,300,100,"bu","11:06:17",1071900
22450,300,200,"bu","11:06:17",1071800
22450,300,2000,"bu","11:06:17",1071600
22450,300,100,"bu","11:06:17",1069600
22450,300,300,"bu","11:06:17",1069500
22450,300,100,"bu","11:06:17",1069200
22450,300,5300,"bu","11:06:17",1069100
22450,300,900,"bu","11:06:02",1063800
22450,300,500,"bu","11:05:41",1062900
22450,300,500,"bu","11:05:34",1062400
22450,300,700,"bu","11:04:39",1061900
22450,300,500,"bu","11:04:31",1061200
22450,300,100,"bu","11:04:29",1060700
22450,300,1500,"bu","11:03:34",1060600
22450,300,700,"bu","11:03:34",1059100
22450,300,700,"bu","11:02:48",1058400
22450,300,1500,"bu","11:02:17",1057700
22450,300,600,"bu","11:02:15",1056200
22450,300,1500,"bu","11:01:33",1055600
22450,300,500,"bu","11:01:33",1054100
22450,300,100,"bu","11:01:30",1053600
22450,300,400,"bu","11:01:03",1053500
22450,300,600,"bu","11:01:03",1053100
22450,300,600,"bu","11:00:58",1052500
22450,300,800,"bu","11:00:42",1051900
22450,300,200,"bu","11:00:42",1051100
22400,250,2300,"sd","11:00:32",1050900
22400,250,300,"sd","11:00:32",1048600
22400,250,100,"sd","11:00:32",1048300
22400,250,300,"sd","11:00:32",1048200
22450,300,500,"bu","11:00:27",1047900
22450,300,200,"bu","11:00:19",1047400
22450,300,4100,"bu","11:00:12",1047200
22450,300,1700,"bu","11:00:12",1043100
22450,300,4200,"bu","11:00:12",1041400
22450,300,100,"bu","11:00:10",1037200
22450,300,200,"bu","11:00:06",1037100
22450,300,100,"bu","10:59:52",1036900
22450,300,100,"bu","10:59:21",1036800
22450,300,300,"bu","10:59:10",1036700
22400,250,2000,"sd","10:58:46",1036400
22400,250,2000,"bu","10:58:02",1034400
22400,250,800,"bu","10:58:02",1032400
22400,250,4200,"bu","10:57:56",1031600
22400,250,800,"bu","10:57:56",1027400
22400,250,200,"bu","10:57:52",1026600
22400,250,300,"bu","10:57:52",1026400
22400,250,700,"bu","10:57:17",1026100
22400,250,500,"bu","10:56:59",1025400
22400,250,500,"sd","10:56:56",1024900
22400,250,6500,"bu","10:56:37",1024400
22400,250,100,"bu","10:56:29",1017900
22400,250,400,"bu","10:56:24",1017800
22400,250,1100,"bu","10:56:24",1017400
22400,250,1200,"bu","10:56:20",1016300
22400,250,600,"bu","10:55:57",1015100
22400,250,2100,"sd","10:55:43",1014500
22400,250,900,"bu","10:55:36",1012400
22400,250,400,"bu","10:55:27",1011500
22400,250,300,"bu","10:55:27",1011100
22400,250,700,"bu","10:55:12",1010800
22400,250,100,"bu","10:55:12",1010100
22400,250,900,"bu","10:55:12",1010000
22400,250,100,"bu","10:55:09",1009100
22400,250,400,"bu","10:54:47",1009000
22400,250,100,"bu","10:54:47",1008600
22400,250,600,"bu","10:54:47",1008500
22350,200,1000,"bu","10:54:40",1007900
22350,200,100,"bu","10:54:40",1006900
22350,200,200,"bu","10:54:40",1006800
22350,200,500,"bu","10:54:40",1006600
22350,200,500,"bu","10:54:32",1006100
22350,200,4500,"bu","10:54:32",1005600
22350,200,10500,"bu","10:54:26",1001100
22300,150,1000,"bu","10:53:47",990600
22300,150,2000,"bu","10:53:47",989600
22300,150,200,"bu","10:53:47",987600
22300,150,500,"bu","10:53:47",987400
22300,150,1000,"bu","10:53:47",986900
22300,150,9700,"bu","10:53:47",985900
22300,150,200,"bu","10:53:37",976200
22300,150,600,"bu","10:53:36",976000
22300,150,500,"bu","10:53:15",975400
22300,150,5000,"bu","10:53:15",974900
22300,150,1000,"bu","10:53:15",969900
22300,150,800,"bu","10:53:15",968900
22300,150,300,"bu","10:53:15",968100
22300,150,1000,"bu","10:53:15",967800
22300,150,400,"bu","10:53:15",966800
22300,150,600,"bu","10:53:00",966400
22300,150,1000,"bu","10:53:00",965800
22300,150,500,"bu","10:53:00",964800
22300,150,2900,"bu","10:53:00",964300
22250,100,2300,"sd","10:52:48",961400
22250,100,600,"sd","10:52:48",959100
22250,100,1900,"sd","10:52:48",958500
22250,100,1000,"sd","10:52:40",956600
22250,100,100,"sd","10:51:28",955600
22250,100,200,"sd","10:51:28",955500
22250,100,100,"sd","10:50:03",955300
22250,100,700,"sd","10:50:03",955200
22250,100,4200,"sd","10:50:03",954500
22250,100,2200,"sd","10:48:51",950300
22250,100,1000,"sd","10:45:55",948100
22250,100,5000,"sd","10:45:35",947100
22250,100,500,"sd","10:44:50",942100
22300,150,100,"bu","10:44:28",941600
22300,150,700,"bu","10:44:25",941500
22300,150,100,"bu","10:43:33",940800
22300,150,100,"bu","10:43:13",940700
22300,150,400,"bu","10:42:46",940600
22300,150,100,"bu","10:42:34",940200
22300,150,600,"bu","10:42:34",940100
22300,150,400,"bu","10:41:35",939500
22250,100,400,"sd","10:41:25",939100
22250,100,1000,"bu","10:40:36",938700
22250,100,2000,"bu","10:40:36",937700
22250,100,1000,"bu","10:40:36",935700
22250,100,2700,"bu","10:40:36",934700
22250,100,1000,"bu","10:40:31",932000
22250,100,2000,"bu","10:40:14",931000
22250,100,1000,"bu","10:39:45",929000
22250,100,8300,"bu","10:39:18",928000
22250,100,4600,"bu","10:39:18",919700
22200,50,2400,"sd","10:39:11",915100
22200,50,200,"sd","10:39:11",912700
22200,50,400,"sd","10:39:11",912500
22200,50,1000,"sd","10:38:15",912100
22200,50,1100,"sd","10:35:16",911100
22200,50,900,"sd","10:35:16",910000
22250,100,400,"bu","10:35:12",909100
22250,100,100,"bu","10:35:12",908700
22250,100,100,"bu","10:35:12",908600
22250,100,100,"bu","10:35:12",908500
22250,100,300,"bu","10:35:02",908400
22250,100,200,"bu","10:34:21",908100
22250,100,4800,"bu","10:34:21",907900
22250,100,700,"bu","10:33:21",903100
22250,100,5900,"bu","10:33:11",902400
22250,100,100,"bu","10:33:11",896500
22250,100,1000,"bu","10:33:11",896400
22250,100,3000,"bu","10:33:11",895400
22200,50,600,"sd","10:32:57",892400
22250,100,1000,"bu","10:31:48",891800
22250,100,700,"bu","10:31:31",890800
22250,100,100,"bu","10:31:24",890100
22200,50,3500,"sd","10:31:17",890000
22200,50,600,"sd","10:31:17",886500
22200,50,5000,"sd","10:31:17",885900
22200,50,3300,"sd","10:31:17",880900
22200,50,300,"sd","10:31:17",877600
22200,50,10000,"sd","10:31:17",877300
22200,50,3000,"sd","10:31:17",867300
22200,50,2000,"sd","10:31:17",864300
22200,50,100,"sd","10:31:17",862300
22200,50,100,"sd","10:31:17",862200
22200,50,1000,"sd","10:31:17",862100
22200,50,700,"sd","10:31:17",861100
22250,100,900,"bu","10:31:07",860400
22250,100,100,"bu","10:30:50",859500
22250,100,1000,"bu","10:30:37",859400
22250,100,200,"sd","10:29:45",858400
22250,100,400,"sd","10:29:41",858200
22250,100,3000,"sd","10:29:41",857800
22250,100,600,"sd","10:29:41",854800
22250,100,9400,"bu","10:29:19",854200
22250,100,2000,"bu","10:29:09",844800
22250,100,300,"bu","10:29:09",842800
22250,100,2700,"bu","10:29:09",842500
22250,100,100,"bu","10:28:33",839800
22250,100,200,"bu","10:27:49",839700
22250,100,500,"bu","10:27:49",839500
22250,100,200,"bu","10:27:36",839000
22250,100,300,"bu","10:27:11",838800
22250,100,100,"sd","10:27:10",838500
22250,100,2200,"sd","10:27:09",838400
22250,100,4100,"sd","10:27:09",836200
22250,100,100,"sd","10:27:09",832100
22250,100,100,"bu","10:26:20",832000
22250,100,600,"sd","10:26:17",831900
22250,100,100,"bu","10:26:00",831300
22250,100,400,"bu","10:25:50",831200
22250,100,1100,"bu","10:25:50",830800
22250,100,2000,"bu","10:25:27",829700
22200,50,300,"sd","10:24:30",827700
22200,50,100,"sd","10:24:30",827400
22200,50,100,"sd","10:24:30",827300
22200,50,800,"sd","10:24:30",827200
22200,50,500,"sd","10:24:30",826400
22200,50,200,"sd","10:24:30",825900
22250,100,700,"bu","10:24:09",825700
22250,100,100,"bu","10:23:35",825000
22250,100,600,"bu","10:23:15",824900
22250,100,500,"sd","10:23:12",824300
22250,100,500,"bu","10:23:07",823800
22250,100,1000,"bu","10:22:44",823300
22250,100,700,"bu","10:22:18",822300
22250,100,2000,"bu","10:21:50",821600
22250,100,700,"sd","10:21:35",819600
22250,100,600,"sd","10:21:35",818900
22250,100,700,"sd","10:21:35",818300
22250,100,800,"sd","10:21:35",817600
22300,150,100,"bu","10:21:09",816800
22250,100,100,"sd","10:19:30",816700
22250,100,100,"sd","10:19:12",816600
22250,100,2000,"sd","10:18:56",816500
22250,100,600,"sd","10:18:53",814500
22250,100,900,"sd","10:18:53",813900
22250,100,100,"bu","10:18:32",813000
22250,100,1000,"unknown","10:17:47",812900
22250,100,200,"bu","10:17:47",811900
22250,100,600,"bu","10:17:47",811700
22250,100,300,"bu","10:17:47",811100
22250,100,400,"bu","10:17:47",810800
22250,100,2000,"bu","10:17:47",810400
22250,100,400,"bu","10:17:47",808400
22250,100,1000,"bu","10:17:44",808000
22250,100,3400,"bu","10:17:41",807000
22250,100,1600,"bu","10:17:41",803600
22250,100,18300,"bu","10:16:52",802000
22250,100,100,"bu","10:16:47",783700
22250,100,600,"bu","10:16:47",783600
22250,100,400,"bu","10:16:02",783000
22250,100,100,"bu","10:16:02",782600
22150,0,2700,"sd","10:16:02",782500
22200,50,1900,"sd","10:16:02",779800
22200,50,400,"sd","10:16:02",777900
22200,50,500,"bu","10:15:12",777500
22200,50,1100,"bu","10:15:12",777000
22200,50,700,"bu","10:14:57",775900
22200,50,2000,"bu","10:14:54",775200
22200,50,1000,"bu","10:14:54",773200
22200,50,2000,"bu","10:14:54",772200
22200,50,200,"bu","10:14:22",770200
22200,50,200,"bu","10:14:05",770000
22200,50,200,"bu","10:14:00",769800
22200,50,100,"bu","10:13:39",769600
22200,50,600,"sd","10:13:18",769500
22200,50,100,"sd","10:13:18",768900
22200,50,16600,"sd","10:13:18",768800
22200,50,18900,"bu","10:12:49",752200
22200,50,200,"bu","10:12:49",733300
22150,0,1300,"bu","10:12:22",733100
22150,0,10000,"bu","10:12:22",731800
22150,0,1700,"bu","10:12:15",721800
22150,0,1000,"bu","10:12:12",720100
22150,0,400,"bu","10:11:54",719100
22150,0,3700,"sd","10:11:47",718700
22150,0,2000,"sd","10:11:47",715000
22150,0,1000,"sd","10:11:47",713000
22150,0,700,"sd","10:11:47",712000
22150,0,2200,"sd","10:11:04",711300
22150,0,100,"sd","10:11:04",709100
22150,0,500,"sd","10:11:04",709000
22150,0,100,"sd","10:11:04",708500
22150,0,100,"sd","10:11:04",708400
22200,50,500,"bu","10:10:50",708300
22150,0,900,"sd","10:10:22",707800
22150,0,100,"sd","10:10:22",706900
22150,0,100,"sd","10:10:22",706800
22150,0,1000,"sd","10:10:22",706700
22150,0,200,"sd","10:10:22",705700
22150,0,2000,"sd","10:10:22",705500
22150,0,200,"sd","10:10:22",703500
22150,0,1000,"sd","10:10:22",703300
22150,0,600,"sd","10:10:22",702300
22150,0,200,"sd","10:10:22",701700
22150,0,5000,"sd","10:10:22",701500
22150,0,2000,"sd","10:10:22",696500
22150,0,5000,"sd","10:10:22",694500
22150,0,1000,"sd","10:10:22",689500
22150,0,700,"sd","10:10:22",688500
22200,50,24900,"bu","10:10:16",687800
22200,50,600,"bu","10:10:16",662900
22200,50,2000,"bu","10:10:16",662300
22200,50,1100,"bu","10:10:16",660300
22200,50,11400,"bu","10:10:16",659200
22200,50,100,"bu","10:09:49",647800
22200,50,1000,"bu","10:09:48",647700
22200,50,2000,"bu","10:09:47",646700
22200,50,700,"bu","10:09:25",644700
22200,50,400,"bu","10:08:41",644000
22200,50,1100,"bu","10:08:40",643600
22200,50,2000,"bu","10:08:05",642500
22200,50,1300,"bu","10:08:01",640500
22200,50,200,"bu","10:07:45",639200
22200,50,3500,"bu","10:07:45",639000
22200,50,3000,"bu","10:07:44",635500
22200,50,700,"bu","10:07:35",632500
22200,50,2800,"bu","10:07:20",631800
22200,50,2300,"bu","10:07:20",629000
22200,50,4700,"bu","10:06:25",626700
22200,50,1000,"bu","10:06:25",622000
22200,50,2000,"bu","10:06:25",621000
22200,50,2000,"bu","10:06:25",619000
22200,50,3000,"bu","10:06:25",617000
22200,50,500,"bu","10:06:25",614000
22200,50,12400,"bu","10:06:25",613500
22150,0,700,"sd","10:06:23",601100
22200,50,1000,"bu","10:06:05",600400
22200,50,1000,"bu","10:05:46",599400
22200,50,700,"bu","10:05:44",598400
22200,50,500,"bu","10:05:09",597700
22200,50,100,"bu","10:04:54",597200
22150,0,100,"sd","10:04:18",597100
22200,50,1200,"bu","10:04:10",597000
22200,50,300,"bu","10:04:10",595800
22150,0,900,"sd","10:03:08",595500
22150,0,600,"bu","10:02:59",594600
22150,0,100,"bu","10:02:44",594000
22150,0,800,"sd","10:02:34",593900
22150,0,9200,"sd","10:02:28",593100
22150,0,200,"sd","10:02:28",583900
22150,0,700,"sd","10:02:28",583700
22150,0,4900,"sd","10:02:28",583000
22200,50,700,"bu","10:02:23",578100
22200,50,1300,"bu","10:02:23",577400
22150,0,100,"sd","10:02:02",576100
22150,0,500,"bu","10:01:58",576000
22150,0,400,"bu","10:01:54",575500
22150,0,600,"bu","10:01:54",575100
22150,0,3000,"bu","10:01:52",574500
22150,0,200,"bu","10:01:38",571500
22150,0,500,"sd","10:01:32",571300
22150,0,100,"sd","10:01:32",570800
22150,0,1000,"sd","10:01:32",570700
22150,0,10000,"sd","10:01:32",569700
22150,0,700,"sd","10:01:32",559700
22150,0,1000,"sd","10:01:32",559000
22150,0,2900,"sd","10:01:32",558000
22150,0,900,"sd","10:00:34",555100
22150,0,1200,"sd","10:00:10",554200
22150,0,2400,"sd","10:00:10",553000
22150,0,200,"sd","10:00:10",550600
22150,0,1000,"sd","10:00:10",550400
22150,0,100,"sd","10:00:10",549400
22150,0,700,"sd","10:00:10",549300
22150,0,200,"sd","10:00:10",548600
22150,0,2000,"sd","10:00:10",548400
22150,0,2200,"sd","10:00:10",546400
22150,0,1700,"sd","09:58:44",544200
22150,0,1000,"sd","09:58:09",542500
22150,0,100,"bu","09:57:15",541500
22150,0,100,"bu","09:57:15",541400
22150,0,100,"bu","09:57:06",541300
22150,0,200,"bu","09:57:02",541200
22150,0,100,"bu","09:57:02",541000
22150,0,1000,"bu","09:56:45",540900
22150,0,100,"bu","09:56:39",539900
22150,0,5000,"bu","09:56:34",539800
22150,0,600,"bu","09:56:32",534800
22150,0,1000,"bu","09:56:29",534200
22150,0,100,"bu","09:56:18",533200
22150,0,500,"bu","09:55:25",533100
22150,0,100,"bu","09:55:20",532600
22150,0,100,"bu","09:55:11",532500
22150,0,200,"bu","09:55:08",532400
22150,0,700,"bu","09:54:41",532200
22150,0,3000,"sd","09:54:27",531500
22150,0,500,"sd","09:54:27",528500
22150,0,200,"sd","09:54:27",528000
22150,0,300,"sd","09:54:27",527800
22150,0,5000,"sd","09:54:27",527500
22150,0,300,"sd","09:54:27",522500
22150,0,800,"sd","09:54:27",522200
22150,0,200,"sd","09:54:27",521400
22150,0,2000,"sd","09:54:27",521200
22150,0,500,"sd","09:54:27",519200
22150,0,5000,"sd","09:54:27",518700
22150,0,20000,"sd","09:54:27",513700
22150,0,200,"sd","09:54:27",493700
22150,0,2500,"sd","09:54:27",493500
22200,50,1000,"bu","09:54:26",491000
22200,50,300,"bu","09:54:16",490000
22200,50,3000,"bu","09:54:11",489700
22200,50,800,"bu","09:54:03",486700
22200,50,700,"sd","09:53:49",485900
22200,50,1900,"sd","09:53:49",485200
22200,50,200,"sd","09:53:49",483300
22200,50,400,"sd","09:53:49",483100
22200,50,200,"sd","09:53:49",482700
22200,50,200,"sd","09:53:49",482500
22200,50,9600,"sd","09:53:08",482300
22200,50,400,"sd","09:53:08",472700
22250,100,700,"bu","09:52:50",472300
22250,100,1000,"bu","09:52:15",471600
22200,50,3700,"sd","09:52:06",470600
22200,50,200,"sd","09:52:06",466900
22200,50,1000,"sd","09:52:06",466700
22200,50,100,"sd","09:52:06",465700
22250,100,2000,"bu","09:51:57",465600
22250,100,300,"bu","09:51:50",463600
22250,100,400,"sd","09:51:39",463300
22250,100,100,"sd","09:51:34",462900
22250,100,700,"sd","09:51:34",462800
22250,100,1200,"sd","09:51:34",462100
22250,100,1000,"sd","09:51:17",460900
22250,100,500,"bu","09:50:35",459900
22250,100,3000,"bu","09:50:35",459400
22200,50,800,"bu","09:50:35",456400
22200,50,2000,"bu","09:50:34",455600
22200,50,2600,"sd","09:50:32",453600
22200,50,200,"sd","09:50:32",451000
22200,50,14400,"sd","09:50:32",450800
22250,100,1000,"bu","09:50:32",436400
22250,100,300,"bu","09:50:25",435400
22250,100,100,"bu","09:50:05",435100
22250,100,100,"bu","09:50:05",435000
22200,50,600,"sd","09:50:02",434900
22200,50,200,"sd","09:50:02",434300
22200,50,1000,"sd","09:50:02",434100
22200,50,700,"sd","09:50:02",433100
22200,50,1000,"sd","09:50:02",432400
22200,50,1500,"sd","09:50:02",431400
22200,50,300,"sd","09:49:27",429900
22200,50,1000,"sd","09:49:00",429600
22200,50,900,"bu","09:48:51",428600
22200,50,1000,"bu","09:48:51",427700
22200,50,900,"bu","09:48:51",426700
22200,50,100,"bu","09:48:11",425800
22200,50,200,"bu","09:48:11",425700
22200,50,600,"bu","09:48:11",425500
22200,50,100,"bu","09:48:08",424900
22200,50,100,"bu","09:48:00",424800
22200,50,200,"bu","09:47:19",424700
22200,50,400,"bu","09:47:19",424500
22200,50,100,"bu","09:47:14",424100
22200,50,100,"bu","09:46:59",424000
22200,50,200,"bu","09:46:59",423900
22200,50,100,"bu","09:46:59",423700
22200,50,1000,"bu","09:46:59",423600
22200,50,100,"bu","09:46:59",422600
22200,50,500,"bu","09:46:59",422500
22200,50,200,"bu","09:46:41",422000
22200,50,100,"bu","09:46:41",421800
22200,50,1700,"bu","09:46:41",421700
22200,50,100,"bu","09:46:28",420000
22200,50,200,"bu","09:46:26",419900
22200,50,200,"bu","09:46:26",419700
22200,50,300,"bu","09:46:14",419500
22200,50,400,"bu","09:46:03",419200
22200,50,1100,"bu","09:45:53",418800
22200,50,1000,"bu","09:45:53",417700
22200,50,100,"bu","09:45:53",416700
22200,50,1500,"bu","09:45:53",416600
22200,50,2000,"bu","09:45:53",415100
22200,50,4300,"bu","09:45:53",413100
22200,50,700,"bu","09:45:42",408800
22200,50,100,"bu","09:45:42",408100
22200,50,100,"bu","09:45:29",408000
22200,50,600,"bu","09:45:29",407900
22200,50,400,"bu","09:45:08",407300
22200,50,100,"bu","09:45:08",406900
22200,50,100,"bu","09:44:20",406800
22200,50,100,"bu","09:44:20",406700
22150,0,100,"bu","09:44:05",406600
22150,0,1800,"bu","09:44:05",406500
22150,0,2000,"bu","09:44:05",404700
22150,0,200,"bu","09:44:05",402700
22150,0,500,"bu","09:44:05",402500
22150,0,1000,"bu","09:44:05",402000
22150,0,500,"bu","09:44:05",401000
22150,0,1400,"bu","09:44:05",400500
22150,0,5000,"bu","09:43:41",399100
22150,0,600,"bu","09:43:38",394100
22150,0,100,"bu","09:43:38",393500
22150,0,500,"bu","09:43:37",393400
22150,0,1800,"bu","09:43:06",392900
22150,0,300,"bu","09:42:41",391100
22150,0,200,"bu","09:42:31",390800
22150,0,200,"bu","09:42:25",390600
22100,-50,2200,"sd","09:41:40",390400
22100,-50,1000,"sd","09:41:40",388200
22100,-50,15000,"sd","09:41:40",387200
22100,-50,200,"sd","09:41:40",372200
22100,-50,5000,"sd","09:41:40",372000
22100,-50,6000,"sd","09:41:40",367000
22100,-50,600,"sd","09:41:40",361000
22150,0,2400,"bu","09:41:40",360400
22150,0,100,"bu","09:41:22",358000
22150,0,200,"bu","09:41:15",357900
22150,0,200,"bu","09:41:14",357700
22150,0,400,"bu","09:41:02",357500
22100,-50,4400,"bu","09:40:02",357100
22100,-50,600,"bu","09:39:57",352700
22100,-50,500,"bu","09:39:49",352100
22100,-50,500,"bu","09:39:47",351600
22100,-50,500,"sd","09:39:34",351100
22100,-50,300,"sd","09:39:34",350600
22100,-50,2500,"sd","09:39:34",350300
22100,-50,100,"sd","09:39:34",347800
22100,-50,1000,"sd","09:39:34",347700
22100,-50,5000,"sd","09:39:34",346700
22100,-50,1000,"sd","09:39:34",341700
22100,-50,100,"sd","09:39:34",340700
22100,-50,200,"sd","09:39:34",340600
22100,-50,200,"sd","09:39:34",340400
22100,-50,400,"sd","09:39:34",340200
22150,0,4600,"sd","09:39:34",339800
22150,0,500,"sd","09:39:34",335200
22150,0,700,"sd","09:39:33",334700
22150,0,2300,"sd","09:39:33",334000
22150,0,500,"sd","09:39:33",331700
22150,0,2200,"sd","09:39:33",331200
22150,0,2000,"sd","09:39:32",329000
22150,0,1800,"sd","09:39:25",327000
22150,0,200,"sd","09:39:25",325200
22150,0,300,"bu","09:37:28",325000
22150,0,700,"bu","09:37:06",324700
22150,0,200,"bu","09:37:06",324000
22150,0,100,"bu","09:36:58",323800
22150,0,200,"sd","09:36:52",323700
22150,0,1700,"bu","09:36:33",323500
22150,0,100,"bu","09:36:18",321800
22150,0,200,"bu","09:36:17",321700
22150,0,500,"bu","09:36:16",321500
22150,0,1000,"sd","09:35:51",321000
22150,0,100,"bu","09:35:15",320000
22100,-50,600,"bu","09:35:13",319900
22100,-50,500,"sd","09:35:05",319300
22100,-50,100,"sd","09:35:05",318800
22100,-50,3000,"sd","09:35:05",318700
22100,-50,200,"sd","09:35:05",315700
22100,-50,100,"sd","09:35:05",315500
22100,-50,700,"sd","09:35:05",315400
22100,-50,20000,"sd","09:35:05",314700
22100,-50,19000,"sd","09:35:05",294700
22150,0,1000,"sd","09:35:05",275700
22150,0,1000,"sd","09:35:05",274700
22150,0,1000,"sd","09:35:05",273700
22150,0,2800,"sd","09:35:05",272700
22200,50,100,"bu","09:34:26",269900
22200,50,700,"bu","09:34:26",269800
22200,50,700,"bu","09:34:24",269100
22200,50,1000,"bu","09:34:14",268400
22200,50,4500,"bu","09:34:08",267400
22200,50,5500,"bu","09:34:08",262900
22150,0,200,"sd","09:34:03",257400
22150,0,400,"sd","09:34:03",257200
22200,50,100,"bu","09:34:01",256800
22150,0,2000,"sd","09:34:00",256700
22200,50,500,"bu","09:33:20",254700
22150,0,1500,"bu","09:33:14",254200
22150,0,100,"bu","09:33:14",252700
22150,0,500,"bu","09:33:14",252600
22150,0,500,"bu","09:33:14",252100
22150,0,100,"bu","09:33:13",251600
22150,0,100,"bu","09:32:57",251500
22100,-50,100,"sd","09:32:49",251400
22150,0,200,"bu","09:32:47",251300
22100,-50,100,"bu","09:32:24",251100
22100,-50,20800,"bu","09:32:24",251000
22050,-100,900,"sd","09:32:15",230200
22050,-100,1100,"sd","09:32:15",229300
22050,-100,3900,"sd","09:32:08",228200
22050,-100,5000,"sd","09:32:08",224300
22050,-100,200,"sd","09:32:08",219300
22050,-100,200,"sd","09:32:08",219100
22050,-100,600,"sd","09:32:08",218900
22050,-100,100,"sd","09:32:08",218300
22050,-100,200,"sd","09:31:42",218200
22100,-50,100,"sd","09:31:11",218000
22050,-100,3000,"sd","09:30:49",217900
22150,0,1000,"bu","09:30:48",214900
22050,-100,1000,"sd","09:30:36",213900
22050,-100,3900,"sd","09:30:36",212900
22050,-100,700,"sd","09:30:36",209000
22050,-100,100,"sd","09:30:36",208300
22050,-100,100,"sd","09:30:36",208200
22050,-100,600,"sd","09:30:36",208100
22100,-50,100,"sd","09:30:36",207500
22050,-100,200,"sd","09:30:36",207400
22100,-50,5000,"sd","09:30:36",207200
22050,-100,5000,"sd","09:30:36",202200
22050,-100,200,"sd","09:30:36",197200
22100,-50,5000,"sd","09:30:36",197000
22100,-50,100,"sd","09:30:36",192000
22050,-100,300,"sd","09:30:36",191900
22100,-50,100,"sd","09:30:36",191600
22050,-100,200,"sd","09:30:36",191500
22100,-50,1000,"sd","09:30:36",191300
22050,-100,5000,"sd","09:30:36",190300
22100,-50,2000,"sd","09:30:36",185300
22100,-50,5000,"sd","09:30:36",183300
22050,-100,200,"sd","09:30:36",178300
22100,-50,700,"sd","09:30:36",178100
22050,-100,200,"sd","09:30:36",177400
22100,-50,3300,"sd","09:30:36",177200
22150,0,100,"bu","09:30:19",173900
22150,0,3100,"bu","09:30:19",173800
22150,0,1000,"bu","09:30:08",170700
22150,0,200,"bu","09:29:58",169700
22150,0,1000,"bu","09:29:44",169500
22150,0,700,"sd","09:29:36",168500
22150,0,6300,"bu","09:29:11",167800
22150,0,700,"sd","09:28:57",161500
22150,0,1000,"bu","09:28:23",160800
22150,0,200,"sd","09:28:05",159800
22150,0,100,"sd","09:28:05",159600
22150,0,1000,"sd","09:28:05",159500
22150,0,5000,"sd","09:27:56",158500
22150,0,15000,"sd","09:27:56",153500
22200,50,300,"bu","09:27:47",138500
22200,50,1600,"bu","09:27:46",138200
22200,50,1000,"bu","09:27:46",136600
22200,50,400,"bu","09:27:46",135600
22150,0,1000,"sd","09:27:37",135200
22150,0,300,"sd","09:27:29",134200
22150,0,500,"sd","09:27:23",133900
22150,0,1000,"sd","09:27:09",133400
22150,0,100,"bu","09:27:09",132400
22150,0,100,"bu","09:27:09",132300
22150,0,2000,"bu","09:27:09",132200
22150,0,5000,"bu","09:27:02",130200
22100,-50,1300,"sd","09:26:49",125200
22100,-50,200,"bu","09:26:28",123900
22100,-50,200,"bu","09:26:28",123700
22100,-50,100,"bu","09:26:10",123500
22100,-50,100,"sd","09:25:54",123400
22100,-50,300,"sd","09:25:54",123300
22100,-50,1000,"sd","09:25:46",123000
22100,-50,200,"bu","09:25:18",122000
22100,-50,300,"bu","09:25:11",121800
22050,-100,500,"bu","09:25:02",121500
22050,-100,1000,"bu","09:24:47",121000
22050,-100,100,"bu","09:24:45",120000
22050,-100,500,"bu","09:24:31",119900
22050,-100,200,"bu","09:24:26",119400
22050,-100,2000,"bu","09:24:23",119200
22050,-100,500,"bu","09:24:17",117200
22050,-100,300,"bu","09:24:15",116700
22050,-100,1000,"bu","09:24:07",116400
22050,-100,3000,"sd","09:23:58",115400
22100,-50,100,"sd","09:23:58",112400
22050,-100,100,"sd","09:23:58",112300
22100,-50,10000,"sd","09:23:58",112200
22050,-100,700,"sd","09:23:58",102200
22100,-50,1000,"sd","09:23:58",101500
22050,-100,200,"sd","09:23:58",100500
22100,-50,1000,"sd","09:23:58",100300
22050,-100,7000,"sd","09:23:58",99300
22100,-50,500,"sd","09:23:58",92300
22050,-100,1000,"sd","09:23:58",91800
22100,-50,100,"sd","09:23:58",90800
22050,-100,100,"sd","09:23:58",90700
22100,-50,300,"sd","09:23:58",90600
22050,-100,500,"sd","09:23:58",90300
22100,-50,100,"sd","09:23:58",89800
22050,-100,3000,"sd","09:23:58",89700
22150,0,400,"sd","09:23:58",86700
22100,-50,100,"sd","09:23:58",86300
22150,0,100,"sd","09:23:58",86200
22100,-50,4000,"sd","09:23:58",86100
22150,0,400,"sd","09:23:58",82100
22100,-50,100,"sd","09:23:58",81700
22100,-50,100,"sd","09:23:58",81600
22200,50,600,"bu","09:23:23",81500
22200,50,100,"bu","09:23:10",80900
22200,50,200,"bu","09:22:52",80800
22150,0,300,"sd","09:22:46",80600
22150,0,400,"sd","09:22:46",80300
22150,0,600,"sd","09:21:39",79900
22150,0,400,"sd","09:21:39",79300
22150,0,500,"sd","09:21:05",78900
22150,0,300,"sd","09:21:05",78400
22150,0,100,"sd","09:20:59",78100
22150,0,600,"bu","09:20:39",78000
22150,0,300,"bu","09:20:39",77400
22150,0,100,"bu","09:20:27",77100
22150,0,2000,"bu","09:20:27",77000
22150,0,100,"bu","09:20:27",75000
22150,0,100,"bu","09:20:01",74900
22150,0,200,"bu","09:20:00",74800
22150,0,500,"bu","09:20:00",74600
22150,0,200,"bu","09:20:00",74100
22150,0,100,"bu","09:19:57",73900
22150,0,300,"bu","09:19:57",73800
22150,0,100,"bu","09:19:57",73500
22150,0,400,"bu","09:19:45",73400
22150,0,600,"bu","09:19:45",73000
22150,0,700,"bu","09:19:42",72400
22150,0,200,"bu","09:19:35",71700
22150,0,100,"bu","09:19:31",71500
22150,0,2000,"bu","09:19:28",71400
22150,0,200,"bu","09:18:57",69400
22150,0,4000,"bu","09:18:41",69200
22150,0,100,"bu","09:18:31",65200
22150,0,100,"bu","09:17:53",65100
22150,0,700,"bu","09:17:51",65000
22150,0,1500,"bu","09:17:42",64300
22150,0,200,"bu","09:16:23",62800
22150,0,800,"sd","09:16:19",62600
22150,0,1300,"sd","09:16:19",61800
22200,50,700,"bu","09:16:08",60500
22200,50,1300,"bu","09:16:08",59800
22200,50,500,"bu","09:16:07",58500
22150,0,3700,"sd","09:16:07",58000
22150,0,3000,"sd","09:16:07",54300
22150,0,500,"sd","09:16:07",51300
22150,0,600,"sd","09:16:07",50800
22150,0,100,"sd","09:16:07",50200
22150,0,1000,"sd","09:16:07",50100
22150,0,200,"sd","09:16:07",49100
22150,0,300,"sd","09:16:07",48900
22150,0,600,"sd","09:16:07",48600
22200,50,700,"bu","09:16:01",48000
22200,50,100,"sd","09:15:50",47300
22200,50,1000,"sd","09:15:50",47200
22200,50,2000,"sd","09:15:50",46200
22200,50,1200,"sd","09:15:50",44200
22200,50,3000,"sd","09:15:50",43000
22200,50,3600,"sd","09:15:50",40000
22200,50,2400,"sd","09:15:50",36400
22200,50,2000,"sd","09:15:50",34000
22200,50,3600,"sd","09:15:50",32000
22200,50,3600,"sd","09:15:50",28400
22200,50,24800,"sd","09:15:00",24800
