"price","change","match_qtty","side","time","total_vol"
9020,20,2000,"sd","14:28:37",8093700
9030,30,10000,"bu","14:28:24",8091700
9010,10,500,"sd","14:28:21",8081700
9030,30,1000,"bu","14:28:15",8081200
9020,20,400,"sd","14:28:12",8080200
9030,30,1000,"bu","14:28:02",8079800
9030,30,500,"bu","14:27:56",8078800
9010,10,100,"sd","14:27:50",8078300
9020,20,1000,"sd","14:27:50",8078200
9050,50,300,"bu","14:27:46",8077200
9030,30,400,"bu","14:27:38",8076900
9010,10,100,"sd","14:27:32",8076500
9030,30,3000,"bu","14:27:29",8076400
9020,20,1000,"sd","14:27:25",8073400
9030,30,600,"bu","14:27:16",8072400
9020,20,2200,"sd","14:27:06",8071800
9020,20,300,"sd","14:27:00",8069600
9030,30,10000,"bu","14:26:59",8069300
9030,30,300,"bu","14:26:51",8059300
9020,20,1600,"sd","14:26:33",8059000
9020,20,20000,"sd","14:26:22",8057400
9030,30,700,"bu","14:26:17",8037400
9020,20,1000,"sd","14:25:51",8036700
9020,20,3000,"sd","14:25:48",8035700
9020,20,3000,"sd","14:25:45",8032700
9020,20,400,"bu","14:25:23",8029700
9020,20,4400,"bu","14:25:17",8029300
9020,20,5000,"bu","14:25:11",8024900
9020,20,10000,"bu","14:25:08",8019900
9020,20,5000,"bu","14:24:54",8009900
9030,30,2000,"bu","14:24:50",8004900
9020,20,400,"bu","14:24:47",8002900
9020,20,22100,"bu","14:24:39",8002500
9020,20,100,"sd","14:24:31",7980400
9030,30,900,"bu","14:24:23",7980300
9010,10,600,"sd","14:24:03",7979400
9020,20,3000,"unknown","14:24:00",7978800
9010,10,700,"sd","14:23:49",7975800
9010,10,700,"sd","14:23:47",7975100
9020,20,10300,"bu","14:23:47",7974400
9010,10,500,"sd","14:23:44",7964100
9020,20,200,"bu","14:23:41",7963600
9020,20,100,"bu","14:23:41",7963400
9020,20,500,"bu","14:23:33",7963300
9010,10,1000,"sd","14:23:32",7962800
9020,20,1000,"bu","14:23:30",7961800
9010,10,2800,"sd","14:23:30",7960800
9000,0,400,"sd","14:23:27",7958000
9010,10,20000,"sd","14:23:19",7957600
9000,0,100,"sd","14:23:07",7937600
9010,10,1000,"bu","14:23:04",7937500
9020,20,2000,"bu","14:23:04",7936500
9000,0,400,"sd","14:22:56",7934500
9010,10,5400,"bu","14:22:56",7934100
9000,0,1100,"sd","14:22:47",7928700
9000,0,100,"sd","14:22:42",7927600
9000,0,2500,"sd","14:22:39",7927500
9000,0,1000,"sd","14:22:36",7925000
9000,0,300,"sd","14:22:31",7924000
9000,0,3100,"sd","14:22:23",7923700
9000,0,15800,"sd","14:22:17",7920600
9000,0,200,"sd","14:22:11",7904800
9000,0,500,"sd","14:22:09",7904600
9000,0,3000,"sd","14:21:59",7904100
9000,0,5000,"bu","14:21:37",7901100
9000,0,500,"bu","14:21:29",7896100
9000,0,200,"bu","14:21:23",7895600
9000,0,5000,"bu","14:21:21",7895400
9000,0,600,"bu","14:21:00",7890400
9000,0,1000,"bu","14:21:00",7889800
9000,0,400,"bu","14:20:57",7888800
9000,0,1000,"bu","14:20:57",7888400
9000,0,5000,"bu","14:20:51",7887400
9000,0,1500,"sd","14:20:40",7882400
9000,0,1000,"sd","14:20:40",7880900
9000,0,2000,"sd","14:20:29",7879900
9000,0,500,"sd","14:20:26",7877900
9000,0,20000,"sd","14:20:20",7877400
9000,0,2000,"sd","14:20:20",7857400
9000,0,16300,"sd","14:20:18",7855400
9000,0,2000,"sd","14:20:18",7839100
9000,0,3000,"sd","14:20:15",7837100
9000,0,1000,"bu","14:20:15",7834100
9000,0,100,"bu","14:20:15",7833100
9000,0,800,"bu","14:20:13",7833000
9000,0,1000,"bu","14:20:12",7832200
9000,0,1000,"bu","14:20:10",7831200
9000,0,5000,"bu","14:20:10",7830200
9000,0,500,"bu","14:20:10",7825200
9000,0,300,"bu","14:20:10",7824700
9000,0,700,"sd","14:20:02",7824400
9000,0,300,"sd","14:20:02",7823700
9000,0,500,"sd","14:20:02",7823400
9000,0,8500,"sd","14:20:02",7822900
9010,10,3000,"bu","14:19:59",7814400
9000,0,1000,"sd","14:19:33",7811400
9000,0,1000,"sd","14:19:24",7810400
9000,0,500,"bu","14:19:24",7809400
9000,0,100,"bu","14:19:20",7808900
9000,0,500,"bu","14:19:20",7808800
9000,0,1000,"bu","14:19:20",7808300
9000,0,400,"bu","14:19:20",7807300
9000,0,2100,"bu","14:19:17",7806900
9000,0,1000,"bu","14:19:17",7804800
9000,0,1000,"bu","14:19:17",7803800
9000,0,500,"bu","14:19:17",7802800
9000,0,400,"bu","14:19:17",7802300
9000,0,1100,"bu","14:19:14",7801900
9000,0,1000,"bu","14:19:14",7800800
9000,0,9000,"bu","14:19:14",7799800
9000,0,200,"bu","14:19:13",7790800
9000,0,500,"bu","14:19:13",7790600
9000,0,5500,"bu","14:19:10",7790100
9000,0,1000,"bu","14:19:10",7784600
9000,0,1100,"bu","14:19:10",7783600
9000,0,1000,"bu","14:19:07",7782500
9000,0,500,"bu","14:19:04",7781500
9000,0,2000,"bu","14:19:01",7781000
9000,0,300,"bu","14:18:56",7779000
9000,0,200,"bu","14:18:45",7778700
9000,0,20000,"bu","14:18:45",7778500
9000,0,100,"bu","14:18:45",7758500
9000,0,6300,"bu","14:18:45",7758400
9000,0,100,"bu","14:18:45",7752100
9000,0,1600,"bu","14:18:45",7752000
9000,0,100,"bu","14:18:45",7750400
9000,0,900,"bu","14:18:45",7750300
9000,0,2000,"bu","14:18:45",7749400
9000,0,100,"bu","14:18:45",7747400
9000,0,3000,"bu","14:18:45",7747300
9000,0,5300,"bu","14:18:45",7744300
9000,0,1200,"bu","14:18:45",7739000
9000,0,5400,"bu","14:18:45",7737800
9000,0,100,"bu","14:18:45",7732400
9000,0,600,"bu","14:18:43",7732300
9000,0,100,"bu","14:18:43",7731700
9000,0,500,"bu","14:18:43",7731600
9000,0,2400,"bu","14:18:43",7731100
9000,0,100,"bu","14:18:37",7728700
9000,0,1500,"bu","14:18:27",7728600
8990,-10,500,"sd","14:18:27",7727100
9000,0,1000,"bu","14:18:24",7726600
9000,0,200,"bu","14:18:23",7725600
9000,0,100,"bu","14:18:12",7725400
9000,0,400,"bu","14:18:12",7725300
9000,0,200,"bu","14:18:11",7724900
9000,0,500,"bu","14:18:06",7724700
8990,-10,100,"sd","14:18:03",7724200
9000,0,900,"bu","14:17:57",7724100
9000,0,500,"bu","14:17:57",7723200
9000,0,500,"bu","14:17:57",7722700
9000,0,3100,"bu","14:17:57",7722200
9000,0,5000,"bu","14:17:55",7719100
9000,0,500,"bu","14:17:23",7714100
9000,0,500,"bu","14:17:15",7713600
9000,0,300,"bu","14:17:15",7713100
8990,-10,2000,"sd","14:17:12",7712800
9000,0,300,"bu","14:17:04",7710800
9000,0,200,"bu","14:17:01",7710500
9000,0,100,"bu","14:17:01",7710300
9000,0,100,"bu","14:17:01",7710200
9000,0,500,"bu","14:17:01",7710100
9000,0,1100,"bu","14:17:01",7709600
9000,0,800,"bu","14:16:59",7708500
9000,0,8100,"bu","14:16:45",7707700
9000,0,11900,"bu","14:16:45",7699600
8990,-10,100,"sd","14:16:38",7687700
8990,-10,200,"sd","14:16:22",7687600
9000,0,100,"bu","14:16:16",7687400
8990,-10,4000,"sd","14:16:16",7687300
9000,0,500,"bu","14:16:10",7683300
9000,0,100,"bu","14:16:00",7682800
9000,0,300,"bu","14:15:52",7682700
9000,0,600,"bu","14:15:45",7682400
8990,-10,5000,"sd","14:15:25",7681800
9000,0,100,"bu","14:15:17",7676800
8990,-10,400,"bu","14:14:50",7676700
8990,-10,18400,"bu","14:14:50",7676300
8990,-10,200,"bu","14:14:50",7657900
8980,-20,2800,"sd","14:14:50",7657700
8980,-20,200,"sd","14:14:50",7654900
8990,-10,2000,"bu","14:14:43",7654700
8990,-10,1500,"bu","14:14:42",7652700
8990,-10,100,"bu","14:14:38",7651200
8990,-10,300,"sd","14:14:37",7651100
8990,-10,200,"sd","14:14:37",7650800
8990,-10,500,"sd","14:14:37",7650600
8990,-10,200,"sd","14:14:37",7650100
8990,-10,100,"sd","14:14:37",7649900
8990,-10,21500,"sd","14:14:37",7649800
8990,-10,5000,"sd","14:14:29",7628300
8990,-10,3500,"sd","14:14:26",7623300
8990,-10,15000,"sd","14:14:26",7619800
8990,-10,1000,"sd","14:14:17",7604800
8990,-10,1000,"sd","14:14:17",7603800
8990,-10,300,"bu","14:14:08",7602800
8990,-10,1000,"bu","14:14:08",7602500
8990,-10,1700,"bu","14:14:08",7601500
8990,-10,1000,"bu","14:14:07",7599800
8990,-10,100,"bu","14:13:58",7598800
8990,-10,500,"bu","14:13:55",7598700
8990,-10,100,"sd","14:13:42",7598200
8990,-10,200,"sd","14:13:42",7598100
8990,-10,1000,"sd","14:13:42",7597900
8990,-10,100,"sd","14:13:42",7596900
8990,-10,1800,"sd","14:13:42",7596800
8990,-10,1000,"sd","14:13:37",7595000
8990,-10,200,"sd","14:13:36",7594000
8990,-10,47000,"sd","14:13:34",7593800
8990,-10,3000,"sd","14:13:34",7546800
8990,-10,100,"sd","14:13:10",7543800
8980,-20,500,"sd","14:12:51",7543700
8990,-10,300,"unknown","14:12:51",7543200
8990,-10,200,"unknown","14:12:51",7542900
8990,-10,300,"sd","14:12:47",7542700
8990,-10,100,"sd","14:12:47",7542400
8990,-10,100,"sd","14:12:47",7542300
8990,-10,200,"sd","14:12:47",7542200
8990,-10,4300,"sd","14:12:47",7542000
9000,0,100,"bu","14:12:29",7537700
8990,-10,1000,"sd","14:12:24",7537600
8990,-10,43000,"sd","14:12:13",7536600
8990,-10,600,"sd","14:12:10",7493600
8990,-10,3000,"sd","14:12:07",7493000
8990,-10,500,"bu","14:12:02",7490000
8990,-10,100,"bu","14:12:02",7489500
8990,-10,200,"bu","14:12:02",7489400
8990,-10,200,"bu","14:12:02",7489200
8990,-10,500,"unknown","14:12:02",7489000
8990,-10,100,"sd","14:12:02",7488500
8990,-10,500,"sd","14:12:02",7488400
8990,-10,100,"sd","14:12:02",7487900
8990,-10,1000,"sd","14:12:02",7487800
8990,-10,5000,"sd","14:12:02",7486800
8990,-10,100,"sd","14:12:02",7481800
8990,-10,1000,"sd","14:12:02",7481700
8990,-10,1000,"sd","14:12:02",7480700
8990,-10,12700,"sd","14:12:02",7479700
8990,-10,1500,"sd","14:12:02",7467000
8990,-10,5000,"sd","14:12:02",7465500
8990,-10,500,"sd","14:12:00",7460500
8990,-10,2000,"sd","14:11:46",7460000
8990,-10,2000,"sd","14:11:41",7458000
9000,0,100,"bu","14:11:40",7456000
9000,0,200,"bu","14:11:35",7455900
9000,0,100,"bu","14:11:35",7455700
9000,0,200,"bu","14:11:35",7455600
9000,0,500,"bu","14:11:35",7455400
9000,0,100,"bu","14:11:35",7454900
9000,0,500,"bu","14:11:35",7454800
9000,0,3000,"bu","14:11:35",7454300
9000,0,1100,"bu","14:11:35",7451300
9000,0,100,"bu","14:11:35",7450200
9000,0,500,"bu","14:11:35",7450100
9000,0,5100,"bu","14:11:35",7449600
9000,0,100,"bu","14:11:35",7444500
9000,0,2000,"bu","14:11:35",7444400
9000,0,10500,"bu","14:11:35",7442400
9000,0,600,"bu","14:11:35",7431900
9000,0,2500,"bu","14:11:35",7431300
9000,0,5000,"sd","14:11:35",7428800
9000,0,100,"sd","14:11:35",7423800
9000,0,2000,"sd","14:11:35",7423700
9000,0,1000,"sd","14:11:35",7421700
9000,0,1000,"sd","14:11:31",7420700
9000,0,1400,"sd","14:11:25",7419700
9000,0,500,"sd","14:11:25",7418300
9000,0,500,"sd","14:11:25",7417800
9000,0,3600,"sd","14:11:25",7417300
9000,0,400,"sd","14:11:24",7413700
9000,0,900,"sd","14:11:24",7413300
9000,0,2000,"sd","14:11:24",7412400
9000,0,1000,"sd","14:11:24",7410400
9000,0,200,"sd","14:11:24",7409400
9000,0,1800,"sd","14:11:24",7409200
9000,0,800,"sd","14:11:24",7407400
9000,0,200,"sd","14:11:24",7406600
9000,0,500,"sd","14:11:24",7406400
9000,0,5000,"sd","14:11:24",7405900
9000,0,500,"sd","14:11:23",7400900
9000,0,300,"sd","14:11:23",7400400
9000,0,300,"sd","14:11:23",7400100
9000,0,100,"sd","14:11:23",7399800
9000,0,1000,"sd","14:11:23",7399700
9000,0,500,"sd","14:11:23",7398700
9000,0,500,"sd","14:11:23",7398200
9000,0,8000,"sd","14:11:23",7397700
9000,0,6400,"sd","14:11:23",7389700
9010,10,3900,"sd","14:11:23",7383300
9000,0,500,"sd","14:11:23",7379400
9000,0,1000,"sd","14:11:23",7378900
9010,10,1000,"bu","14:11:20",7377900
9010,10,100,"bu","14:11:20",7376900
9000,0,200,"sd","14:11:17",7376800
9000,0,100,"sd","14:11:17",7376600
9000,0,2000,"sd","14:11:17",7376500
9000,0,1000,"sd","14:11:17",7374500
9000,0,100,"sd","14:11:17",7373500
9000,0,100,"sd","14:11:17",7373400
9000,0,5800,"sd","14:11:17",7373300
9000,0,4000,"sd","14:11:17",7367500
9010,10,100,"bu","14:11:14",7363500
9000,0,3600,"sd","14:10:52",7363400
9010,10,1400,"sd","14:10:52",7359800
9010,10,600,"bu","14:10:47",7358400
9010,10,2000,"bu","14:10:47",7357800
9000,0,1000,"sd","14:10:36",7355800
9000,0,900,"sd","14:10:33",7354800
9010,10,2000,"bu","14:10:29",7353900
9010,10,5000,"bu","14:10:29",7351900
9010,10,2700,"bu","14:10:29",7346900
9010,10,10600,"bu","14:10:29",7344200
9010,10,1700,"bu","14:10:29",7333600
9010,10,3000,"bu","14:10:29",7331900
9010,10,100,"bu","14:10:26",7328900
9010,10,100,"bu","14:10:17",7328800
9000,0,1000,"sd","14:10:10",7328700
9010,10,500,"bu","14:10:04",7327700
9000,0,700,"sd","14:10:00",7327200
9000,0,2400,"sd","14:09:43",7326500
9000,0,5000,"sd","14:09:41",7324100
9000,0,400,"sd","14:08:57",7319100
9000,0,5000,"sd","14:08:45",7318700
9010,10,100,"bu","14:08:44",7313700
9000,0,5000,"sd","14:08:37",7313600
9000,0,2000,"sd","14:08:29",7308600
9000,0,300,"sd","14:08:28",7306600
9010,10,500,"bu","14:08:27",7306300
9010,10,2000,"bu","14:08:17",7305800
9010,10,3000,"bu","14:08:16",7303800
9010,10,2800,"bu","14:07:59",7300800
9010,10,10200,"bu","14:07:59",7298000
9020,20,400,"bu","14:07:57",7287800
9010,10,1500,"sd","14:07:49",7287400
9010,10,9200,"sd","14:07:46",7285900
9010,10,1000,"sd","14:07:23",7276700
9010,10,100,"bu","14:07:17",7275700
9010,10,500,"bu","14:07:17",7275600
9010,10,400,"bu","14:07:17",7275100
9010,10,24000,"bu","14:07:17",7274700
9010,10,4500,"bu","14:07:13",7250700
9010,10,400,"bu","14:07:01",7246200
9010,10,100,"bu","14:06:57",7245800
9010,10,5000,"bu","14:06:56",7245700
9010,10,100,"bu","14:06:50",7240700
9010,10,2000,"bu","14:06:42",7240600
9010,10,11200,"sd","14:06:37",7238600
9010,10,500,"sd","14:06:37",7227400
9010,10,1000,"sd","14:06:37",7226900
9010,10,200,"sd","14:06:37",7225900
9010,10,1000,"sd","14:06:37",7225700
9010,10,7000,"sd","14:06:34",7224700
9010,10,4000,"sd","14:06:33",7217700
9010,10,1000,"sd","14:06:23",7213700
9020,20,300,"bu","14:06:14",7212700
9020,20,10000,"bu","14:06:00",7212400
9020,20,1300,"bu","14:05:55",7202400
9020,20,7400,"bu","14:05:51",7201100
9020,20,2600,"bu","14:05:51",7193700
9010,10,500,"sd","14:05:39",7191100
9010,10,1300,"sd","14:05:33",7190600
9010,10,100,"sd","14:05:33",7189300
9020,20,2400,"bu","14:05:15",7189200
9000,0,6600,"sd","14:05:15",7186800
9010,10,200,"unknown","14:05:15",7180200
9010,10,2000,"unknown","14:05:15",7180000
9010,10,1500,"unknown","14:05:15",7178000
9010,10,14700,"unknown","14:05:15",7176500
9010,10,500,"bu","14:05:00",7161800
9010,10,1800,"bu","14:05:00",7161300
9010,10,33000,"bu","14:05:00",7159500
9010,10,3000,"bu","14:04:56",7126500
9010,10,1300,"bu","14:04:51",7123500
9010,10,2000,"bu","14:04:38",7122200
9010,10,6000,"bu","14:04:32",7120200
9010,10,100,"bu","14:04:30",7114200
9010,10,1000,"bu","14:04:26",7114100
9010,10,3200,"bu","14:04:19",7113100
9010,10,1000,"bu","14:04:19",7109900
9010,10,1000,"bu","14:04:19",7108900
9010,10,400,"bu","14:04:19",7107900
9010,10,4400,"bu","14:04:19",7107500
9010,10,300,"bu","14:04:17",7103100
9010,10,500,"bu","14:04:14",7102800
9010,10,2000,"bu","14:04:12",7102300
9010,10,3000,"bu","14:04:10",7100300
9010,10,1000,"bu","14:04:02",7097300
9000,0,2200,"sd","14:04:00",7096300
9010,10,900,"bu","14:04:00",7094100
9010,10,100,"bu","14:03:56",7093200
9010,10,20000,"bu","14:03:54",7093100
9010,10,500,"bu","14:03:52",7073100
9010,10,5000,"bu","14:03:44",7072600
9010,10,500,"bu","14:03:44",7067600
9010,10,5600,"bu","14:03:40",7067100
9010,10,100,"bu","14:03:39",7061500
9010,10,500,"bu","14:03:38",7061400
9000,0,4600,"sd","14:03:36",7060900
9010,10,1100,"bu","14:03:36",7056300
9010,10,1000,"bu","14:03:34",7055200
9010,10,2600,"bu","14:03:23",7054200
9010,10,900,"bu","14:03:23",7051600
9010,10,100,"bu","14:03:19",7050700
9010,10,200,"bu","14:03:19",7050600
9010,10,100,"bu","14:03:13",7050400
9010,10,1000,"bu","14:03:11",7050300
9010,10,2000,"bu","14:03:08",7049300
9010,10,1000,"bu","14:03:08",7047300
9010,10,600,"bu","14:03:06",7046300
9010,10,200,"bu","14:03:06",7045700
9010,10,200,"bu","14:03:06",7045500
9010,10,14000,"bu","14:03:05",7045300
9010,10,500,"bu","14:03:05",7031300
9010,10,5000,"bu","14:03:03",7030800
9010,10,2000,"bu","14:03:02",7025800
9010,10,1000,"bu","14:03:01",7023800
9010,10,10000,"bu","14:02:57",7022800
9010,10,200,"bu","14:02:55",7012800
9010,10,100,"bu","14:02:54",7012600
9010,10,700,"bu","14:02:51",7012500
9010,10,11000,"bu","14:02:49",7011800
9010,10,100,"bu","14:02:49",7000800
9010,10,3000,"bu","14:02:48",7000700
9010,10,1000,"bu","14:02:47",6997700
9010,10,1000,"bu","14:02:47",6996700
9010,10,200,"unknown","14:02:47",6995700
9010,10,6000,"bu","14:02:42",6995500
9010,10,2000,"bu","14:02:37",6989500
9010,10,300,"bu","14:02:35",6987500
9010,10,2000,"bu","14:02:34",6987200
9010,10,1000,"bu","14:02:31",6985200
9010,10,100,"bu","14:02:31",6984200
9010,10,2000,"bu","14:02:28",6984100
9000,0,900,"sd","14:02:27",6982100
9000,0,2000,"sd","14:02:20",6981200
9010,10,100,"bu","14:02:16",6979200
9010,10,1300,"bu","14:02:12",6979100
9010,10,100,"bu","14:02:09",6977800
9010,10,3000,"bu","14:02:08",6977700
9010,10,10000,"bu","14:02:05",6974700
9010,10,4000,"sd","14:02:02",6964700
9010,10,500,"sd","14:02:02",6960700
9010,10,1000,"sd","14:02:02",6960200
9010,10,15000,"sd","14:02:02",6959200
9010,10,1600,"sd","14:02:02",6944200
9020,20,100,"unknown","14:01:59",6942600
9020,20,200,"unknown","14:01:59",6942500
9020,20,500,"unknown","14:01:59",6942300
9020,20,1000,"unknown","14:01:59",6941800
9020,20,2000,"unknown","14:01:59",6940800
9020,20,5700,"unknown","14:01:59",6938800
9020,20,500,"bu","14:01:59",6933100
9010,10,3700,"sd","14:01:56",6932600
9010,10,100,"sd","14:01:56",6928900
9010,10,1400,"sd","14:01:56",6928800
9010,10,7100,"sd","14:01:56",6927400
9020,20,87000,"bu","14:01:55",6920300
9020,20,5000,"bu","14:01:49",6833300
9020,20,100,"bu","14:01:25",6828300
9020,20,1000,"bu","14:01:14",6828200
9020,20,100,"sd","14:01:05",6827200
9020,20,200,"sd","14:01:05",6827100
9020,20,900,"sd","14:01:05",6826900
9020,20,1000,"sd","14:00:53",6826000
9020,20,5000,"sd","14:00:51",6825000
9020,20,3100,"bu","14:00:48",6820000
9020,20,5000,"sd","14:00:29",6816900
9020,20,11900,"sd","14:00:29",6811900
9030,30,400,"bu","14:00:23",6800000
9030,30,1600,"bu","14:00:23",6799600
9030,30,800,"bu","14:00:19",6798000
9030,30,300,"bu","14:00:12",6797200
9030,30,300,"bu","13:59:48",6796900
9020,20,200,"bu","13:59:48",6796600
9020,20,7900,"bu","13:59:48",6796400
9020,20,1000,"bu","13:59:45",6788500
9010,10,300,"sd","13:59:43",6787500
9020,20,1000,"bu","13:59:33",6787200
9020,20,10000,"bu","13:59:31",6786200
9020,20,100,"bu","13:59:27",6776200
9010,10,100,"sd","13:59:22",6776100
9010,10,2500,"sd","13:59:18",6776000
9010,10,5000,"sd","13:59:18",6773500
9010,10,200,"sd","13:59:18",6768500
9010,10,100,"sd","13:59:13",6768300
9010,10,100,"sd","13:59:13",6768200
9010,10,3500,"sd","13:59:09",6768100
9010,10,31400,"bu","13:59:04",6764600
9000,0,6000,"sd","13:59:01",6733200
9010,10,400,"bu","13:58:59",6727200
9010,10,1000,"bu","13:58:59",6726800
9010,10,3800,"bu","13:58:59",6725800
9010,10,100,"bu","13:58:59",6722000
9010,10,500,"bu","13:58:59",6721900
9010,10,2800,"bu","13:58:52",6721400
9010,10,2000,"bu","13:58:52",6718600
9010,10,200,"bu","13:58:52",6716600
9010,10,5000,"bu","13:58:52",6716400
9010,10,5000,"bu","13:58:52",6711400
9010,10,100,"bu","13:58:52",6706400
9000,0,20000,"sd","13:58:43",6706300
9000,0,4000,"sd","13:58:39",6686300
9000,0,1000,"sd","13:58:37",6682300
9010,10,2800,"bu","13:58:32",6681300
9010,10,200,"bu","13:58:32",6678500
9000,0,100,"sd","13:58:26",6678300
9000,0,1000,"sd","13:58:22",6678200
9000,0,1000,"sd","13:58:20",6677200
9000,0,1000,"sd","13:58:17",6676200
9000,0,5000,"sd","13:58:04",6675200
9000,0,2200,"sd","13:58:01",6670200
9000,0,9300,"bu","13:58:00",6668000
9000,0,100,"bu","13:57:59",6658700
9000,0,500,"bu","13:57:59",6658600
9000,0,100,"bu","13:57:53",6658100
9000,0,3900,"bu","13:57:53",6658000
9000,0,100,"bu","13:57:41",6654100
9000,0,400,"bu","13:57:41",6654000
9000,0,1600,"bu","13:57:40",6653600
9000,0,2000,"bu","13:57:40",6652000
9000,0,1000,"bu","13:57:40",6650000
9000,0,100,"bu","13:57:40",6649000
9000,0,20000,"bu","13:57:40",6648900
9000,0,7000,"bu","13:57:40",6628900
9000,0,500,"bu","13:57:40",6621900
9000,0,2200,"bu","13:57:40",6621400
9000,0,1000,"bu","13:57:40",6619200
9000,0,100,"bu","13:57:40",6618200
9000,0,19000,"bu","13:57:40",6618100
9000,0,500,"bu","13:57:40",6599100
9000,0,1000,"bu","13:57:40",6598600
9000,0,5000,"bu","13:57:40",6597600
9000,0,1000,"bu","13:57:40",6592600
9000,0,500,"bu","13:57:40",6591600
9000,0,37000,"bu","13:57:40",6591100
9000,0,500,"bu","13:57:39",6554100
9000,0,500,"bu","13:57:34",6553600
8990,-10,100,"sd","13:57:25",6553100
8990,-10,900,"bu","13:57:16",6553000
8990,-10,200,"bu","13:57:14",6552100
8990,-10,500,"bu","13:57:14",6551900
8990,-10,2300,"bu","13:57:13",6551400
8990,-10,1000,"bu","13:57:09",6549100
8990,-10,1000,"bu","13:57:03",6548100
8990,-10,700,"bu","13:57:01",6547100
8990,-10,300,"bu","13:57:01",6546400
8990,-10,1000,"bu","13:57:01",6546100
8990,-10,500,"bu","13:57:00",6545100
8990,-10,500,"bu","13:57:00",6544600
8990,-10,100,"bu","13:57:00",6544100
8990,-10,200,"bu","13:56:54",6544000
8990,-10,900,"bu","13:56:44",6543800
8980,-20,500,"bu","13:56:29",6542900
8970,-30,500,"sd","13:56:28",6542400
8970,-30,100,"sd","13:56:16",6541900
8970,-30,200,"bu","13:56:11",6541800
8970,-30,100,"bu","13:56:08",6541600
8970,-30,700,"sd","13:56:07",6541500
8970,-30,800,"sd","13:56:06",6540800
8970,-30,200,"sd","13:56:06",6540000
8970,-30,5000,"sd","13:55:54",6539800
8970,-30,3000,"sd","13:55:52",6534800
8970,-30,1000,"sd","13:55:52",6531800
8970,-30,100,"sd","13:55:52",6530800
8970,-30,700,"sd","13:55:52",6530700
8970,-30,300,"bu","13:55:49",6530000
8970,-30,400,"bu","13:55:49",6529700
8970,-30,100,"bu","13:55:49",6529300
8960,-40,1500,"sd","13:55:45",6529200
8950,-50,900,"sd","13:55:36",6527700
8950,-50,100,"sd","13:55:36",6526800
8960,-40,500,"sd","13:55:36",6526700
8960,-40,2000,"bu","13:55:36",6526200
8960,-40,200,"bu","13:55:36",6524200
8960,-40,12000,"bu","13:55:36",6524000
8950,-50,100,"sd","13:55:36",6512000
8950,-50,100,"sd","13:55:36",6511900
8960,-40,3000,"bu","13:55:36",6511800
8960,-40,3000,"bu","13:55:29",6508800
8960,-40,100,"bu","13:55:29",6505800
8950,-50,2500,"sd","13:55:23",6505700
8960,-40,2000,"bu","13:55:22",6503200
8960,-40,100,"bu","13:55:22",6501200
8950,-50,800,"sd","13:55:15",6501100
8950,-50,5000,"sd","13:55:14",6500300
8960,-40,500,"bu","13:55:10",6495300
8960,-40,100,"bu","13:55:10",6494800
8960,-40,1000,"bu","13:55:05",6494700
8950,-50,200,"sd","13:55:04",6493700
8950,-50,1600,"sd","13:55:04",6493500
8960,-40,100,"bu","13:54:59",6491900
8960,-40,700,"bu","13:54:59",6491800
8960,-40,100,"bu","13:54:59",6491100
8940,-60,1100,"sd","13:54:56",6491000
8950,-50,100,"sd","13:54:56",6489900
8960,-40,2000,"bu","13:54:50",6489800
8940,-60,1000,"sd","13:54:50",6487800
8960,-40,1800,"bu","13:54:50",6486800
8950,-50,200,"unknown","13:54:50",6485000
8950,-50,100,"sd","13:54:45",6484800
8940,-60,6900,"sd","13:54:39",6484700
8950,-50,400,"sd","13:54:39",6477800
8950,-50,1700,"sd","13:54:39",6477400
8950,-50,500,"bu","13:54:36",6475700
8950,-50,300,"bu","13:54:36",6475200
8940,-60,400,"sd","13:54:35",6474900
8940,-60,2000,"bu","13:54:22",6474500
8940,-60,4000,"bu","13:54:22",6472500
8940,-60,100,"bu","13:54:22",6468500
8940,-60,100,"bu","13:54:22",6468400
8940,-60,500,"bu","13:54:22",6468300
8940,-60,9600,"bu","13:54:22",6467800
8940,-60,1000,"bu","13:54:21",6458200
8940,-60,100,"bu","13:54:16",6457200
8940,-60,500,"bu","13:54:11",6457100
8940,-60,2000,"bu","13:54:11",6456600
8930,-70,600,"sd","13:54:11",6454600
8930,-70,400,"sd","13:54:11",6454000
8940,-60,1000,"bu","13:54:08",6453600
8940,-60,100,"bu","13:54:08",6452600
8940,-60,200,"bu","13:54:02",6452500
8940,-60,800,"bu","13:53:57",6452300
8940,-60,10000,"bu","13:53:57",6451500
8930,-70,9600,"sd","13:53:53",6441500
8930,-70,400,"sd","13:53:53",6431900
8930,-70,100,"sd","13:53:49",6431500
8930,-70,100,"sd","13:53:49",6431400
8930,-70,200,"sd","13:53:49",6431300
8930,-70,1800,"sd","13:53:48",6431100
8930,-70,200,"sd","13:53:48",6429300
8930,-70,2000,"sd","13:53:47",6429100
8940,-60,200,"bu","13:53:45",6427100
8930,-70,800,"sd","13:53:42",6426900
8930,-70,100,"sd","13:53:42",6426100
8930,-70,1000,"sd","13:53:42",6426000
8930,-70,500,"sd","13:53:42",6425000
8930,-70,200,"sd","13:53:42",6424500
8930,-70,700,"sd","13:53:42",6424300
8930,-70,200,"sd","13:53:38",6423600
8940,-60,100,"bu","13:53:38",6423400
8940,-60,10000,"bu","13:53:32",6423300
8940,-60,100,"bu","13:53:19",6413300
8940,-60,9600,"bu","13:53:19",6413200
8940,-60,13500,"bu","13:53:19",6403600
8940,-60,1000,"bu","13:53:18",6390100
8940,-60,800,"bu","13:53:17",6389100
8940,-60,200,"bu","13:53:17",6388300
8940,-60,200,"bu","13:53:17",6388100
8930,-70,4100,"sd","13:53:17",6387900
8930,-70,200,"sd","13:53:17",6383800
8940,-60,500,"bu","13:53:12",6383600
8940,-60,100,"bu","13:53:01",6383100
8930,-70,100,"unknown","13:52:56",6383000
8950,-50,1100,"bu","13:52:56",6382900
8940,-60,1300,"unknown","13:52:56",6381800
8940,-60,3200,"unknown","13:52:56",6380500
8930,-70,4400,"unknown","13:52:56",6377300
8930,-70,300,"sd","13:52:56",6372900
8940,-60,500,"unknown","13:52:56",6372600
8930,-70,100,"sd","13:52:52",6372100
8940,-60,300,"bu","13:52:47",6372000
8920,-80,400,"sd","13:52:44",6371700
8930,-70,100,"sd","13:52:44",6371300
8950,-50,4900,"bu","13:52:43",6371200
8940,-60,100,"bu","13:52:43",6366300
8940,-60,500,"unknown","13:52:42",6366200
8940,-60,100,"unknown","13:52:42",6365700
8940,-60,200,"unknown","13:52:42",6365600
8940,-60,8200,"unknown","13:52:42",6365400
8950,-50,700,"bu","13:52:42",6357200
8940,-60,1000,"sd","13:52:42",6356500
8950,-50,100,"bu","13:52:39",6355500
8940,-60,1800,"sd","13:52:37",6355400
8940,-60,200,"sd","13:52:37",6353600
8950,-50,1000,"bu","13:52:37",6353400
8950,-50,1000,"bu","13:52:37",6352400
8950,-50,100,"bu","13:52:37",6351400
8950,-50,100,"bu","13:52:37",6351300
8950,-50,2000,"bu","13:52:37",6351200
8950,-50,700,"bu","13:52:37",6349200
8960,-40,500,"bu","13:52:37",6348500
8950,-50,3000,"sd","13:52:34",6348000
8950,-50,1700,"sd","13:52:34",6345000
8950,-50,300,"sd","13:52:34",6343300
8950,-50,1000,"sd","13:52:33",6343000
8950,-50,300,"sd","13:52:32",6342000
8950,-50,200,"sd","13:52:32",6341700
8950,-50,1800,"sd","13:52:28",6341500
8950,-50,100,"sd","13:52:28",6339700
8950,-50,100,"sd","13:52:28",6339600
8950,-50,1000,"sd","13:52:28",6339500
8960,-40,100,"bu","13:52:28",6338500
8950,-50,5000,"sd","13:52:27",6338400
8950,-50,2000,"sd","13:52:27",6333400
8950,-50,500,"sd","13:52:27",6331400
8950,-50,400,"sd","13:52:27",6330900
8950,-50,1000,"sd","13:52:27",6330500
8950,-50,2000,"sd","13:52:27",6329500
8950,-50,1000,"sd","13:52:27",6327500
8950,-50,2000,"sd","13:52:27",6326500
8960,-40,100,"bu","13:52:22",6324500
8960,-40,200,"bu","13:52:21",6324400
8960,-40,500,"bu","13:52:21",6324200
8960,-40,500,"bu","13:52:21",6323700
8960,-40,100,"bu","13:52:21",6323200
8960,-40,3000,"bu","13:52:21",6323100
8960,-40,100,"bu","13:52:21",6320100
8960,-40,100,"bu","13:52:21",6320000
8960,-40,300,"bu","13:52:21",6319900
8960,-40,100,"bu","13:52:21",6319600
8960,-40,100,"bu","13:52:21",6319500
8960,-40,100,"bu","13:52:21",6319400
8960,-40,1200,"bu","13:52:21",6319300
8960,-40,9500,"bu","13:52:21",6318100
8960,-40,2300,"bu","13:52:21",6308600
8960,-40,500,"bu","13:52:21",6306300
8960,-40,400,"bu","13:52:21",6305800
8960,-40,10000,"bu","13:52:21",6305400
8960,-40,800,"bu","13:52:21",6295400
8960,-40,200,"sd","13:52:16",6294600
8960,-40,3800,"sd","13:52:16",6294400
8960,-40,3000,"sd","13:52:15",6290600
8960,-40,2000,"sd","13:52:08",6287600
8960,-40,500,"sd","13:52:05",6285600
8970,-30,200,"bu","13:52:03",6285100
8960,-40,700,"sd","13:52:02",6284900
8970,-30,1000,"bu","13:51:57",6284200
8970,-30,100,"bu","13:51:54",6283200
8970,-30,100,"bu","13:51:54",6283100
8970,-30,100,"bu","13:51:54",6283000
8970,-30,1000,"bu","13:51:54",6282900
8970,-30,100,"sd","13:51:54",6281900
8970,-30,100,"sd","13:51:54",6281800
8970,-30,300,"sd","13:51:54",6281700
8970,-30,12000,"sd","13:51:47",6281400
8970,-30,1700,"sd","13:51:46",6269400
8970,-30,800,"sd","13:51:46",6267700
8980,-20,100,"bu","13:51:46",6266900
8970,-30,1000,"sd","13:51:46",6266800
8980,-20,500,"bu","13:51:40",6265800
8980,-20,500,"bu","13:51:37",6265300
8970,-30,1100,"sd","13:51:34",6264800
8970,-30,100,"sd","13:51:34",6263700
8970,-30,200,"sd","13:51:34",6263600
8980,-20,1100,"bu","13:51:34",6263400
8970,-30,100,"sd","13:51:34",6262300
8980,-20,500,"bu","13:51:31",6262200
8980,-20,100,"bu","13:51:31",6261700
8990,-10,100,"bu","13:51:22",6261600
8980,-20,1000,"sd","13:51:22",6261500
8980,-20,3800,"sd","13:51:22",6260500
8980,-20,200,"sd","13:51:22",6256700
8980,-20,1000,"sd","13:51:22",6256500
8980,-20,300,"sd","13:51:22",6255500
8980,-20,200,"sd","13:51:20",6255200
8980,-20,1000,"sd","13:51:17",6255000
8980,-20,1700,"sd","13:51:17",6254000
8990,-10,600,"bu","13:51:17",6252300
8990,-10,800,"bu","13:51:17",6251700
8990,-10,1200,"bu","13:51:14",6250900
8990,-10,500,"bu","13:51:06",6249700
8980,-20,1000,"sd","13:51:05",6249200
8990,-10,300,"bu","13:51:03",6248200
8990,-10,200,"bu","13:50:58",6247900
8980,-20,2500,"sd","13:50:56",6247700
8980,-20,1000,"sd","13:50:56",6245200
8980,-20,800,"sd","13:50:56",6244200
8980,-20,900,"sd","13:50:54",6243400
8980,-20,300,"sd","13:50:53",6242500
8980,-20,100,"sd","13:50:53",6242200
8980,-20,200,"sd","13:50:53",6242100
8980,-20,100,"sd","13:50:53",6241900
8980,-20,300,"sd","13:50:53",6241800
8990,-10,100,"bu","13:50:53",6241500
8990,-10,100,"bu","13:50:53",6241400
8980,-20,200,"sd","13:50:52",6241300
8980,-20,100,"sd","13:50:52",6241100
8990,-10,300,"sd","13:50:48",6241000
8990,-10,200,"sd","13:50:48",6240700
8990,-10,100,"sd","13:50:48",6240500
8990,-10,900,"sd","13:50:39",6240400
8990,-10,1000,"sd","13:50:39",6239500
8990,-10,1300,"sd","13:50:39",6238500
8990,-10,700,"sd","13:50:38",6237200
8990,-10,100,"sd","13:50:38",6236500
8990,-10,100,"sd","13:50:38",6236400
8990,-10,100,"sd","13:50:38",6236300
9000,0,100,"bu","13:50:38",6236200
9000,0,1000,"bu","13:50:38",6236100
8990,-10,900,"sd","13:50:33",6235100
8990,-10,100,"sd","13:50:33",6234200
9000,0,100,"bu","13:50:33",6234100
9000,0,200,"bu","13:50:26",6234000
9000,0,1000,"bu","13:50:23",6233800
9000,0,800,"bu","13:50:21",6232800
9000,0,5000,"bu","13:50:21",6232000
9000,0,1000,"bu","13:50:20",6227000
9000,0,100,"bu","13:50:18",6226000
9000,0,200,"sd","13:50:18",6225900
9000,0,200,"sd","13:50:18",6225700
9000,0,200,"sd","13:50:18",6225500
9000,0,100,"sd","13:50:18",6225300
9000,0,2000,"sd","13:50:17",6225200
9010,10,1300,"bu","13:50:17",6223200
9000,0,6800,"sd","13:50:17",6221900
9000,0,100,"sd","13:50:17",6215100
9000,0,2300,"sd","13:50:17",6215000
9010,10,100,"bu","13:50:13",6212700
9010,10,500,"bu","13:50:09",6212600
9000,0,1000,"sd","13:50:07",6212100
9010,10,5200,"bu","13:50:07",6211100
9000,0,2200,"sd","13:50:07",6205900
9000,0,4000,"sd","13:50:00",6203700
9000,0,1500,"sd","13:50:00",6199700
9000,0,5000,"sd","13:49:58",6198200
9010,10,100,"bu","13:49:57",6193200
9010,10,900,"bu","13:49:57",6193100
9000,0,2500,"sd","13:49:57",6192200
9000,0,1000,"bu","13:49:56",6189700
9000,0,500,"bu","13:49:56",6188700
9000,0,3900,"bu","13:49:56",6188200
9000,0,600,"bu","13:49:56",6184300
9000,0,1100,"bu","13:49:56",6183700
9000,0,100,"bu","13:49:55",6182600
9000,0,100,"bu","13:49:55",6182500
9000,0,300,"bu","13:49:55",6182400
9000,0,400,"bu","13:49:55",6182100
9000,0,300,"sd","13:49:55",6181700
9000,0,200,"sd","13:49:55",6181400
9000,0,100,"sd","13:49:55",6181200
9000,0,200,"sd","13:49:55",6181100
9000,0,500,"sd","13:49:54",6180900
9000,0,7100,"sd","13:49:51",6180400
9000,0,700,"sd","13:49:51",6173300
9000,0,300,"sd","13:49:51",6172600
9000,0,1000,"sd","13:49:51",6172300
9000,0,500,"sd","13:49:51",6171300
9000,0,400,"sd","13:49:51",6170800
9000,0,9700,"sd","13:49:51",6170400
9000,0,200,"sd","13:49:51",6160700
9000,0,300,"sd","13:49:49",6160500
9000,0,2000,"sd","13:49:49",6160200
9000,0,500,"sd","13:49:49",6158200
9000,0,1800,"sd","13:49:49",6157700
9000,0,1000,"sd","13:49:49",6155900
9000,0,300,"sd","13:49:49",6154900
9000,0,200,"sd","13:49:49",6154600
9000,0,100,"sd","13:49:49",6154400
9000,0,1500,"sd","13:49:49",6154300
9000,0,600,"sd","13:49:49",6152800
9000,0,200,"sd","13:49:49",6152200
9000,0,100,"sd","13:49:49",6152000
9000,0,1000,"sd","13:49:49",6151900
9000,0,900,"sd","13:49:49",6150900
9000,0,200,"sd","13:49:49",6150000
9000,0,3500,"sd","13:49:49",6149800
9000,0,300,"sd","13:49:49",6146300
9000,0,200,"sd","13:49:49",6146000
9000,0,200,"sd","13:49:49",6145800
9000,0,2000,"sd","13:49:49",6145600
9000,0,100,"sd","13:49:49",6143600
9000,0,100,"sd","13:49:49",6143500
9000,0,1000,"sd","13:49:49",6143400
9000,0,1200,"sd","13:49:49",6142400
9000,0,1000,"sd","13:49:49",6141200
9000,0,500,"sd","13:49:49",6140200
9000,0,11600,"sd","13:49:49",6139700
9000,0,5000,"sd","13:49:49",6128100
9000,0,1600,"sd","13:49:49",6123100
9000,0,1000,"sd","13:49:49",6121500
9000,0,400,"sd","13:49:47",6120500
9000,0,200,"sd","13:49:47",6120100
9000,0,300,"sd","13:49:47",6119900
9000,0,300,"sd","13:49:47",6119600
9000,0,2500,"sd","13:49:47",6119300
9000,0,4400,"sd","13:49:47",6116800
9000,0,600,"sd","13:49:46",6112400
9000,0,2000,"sd","13:49:46",6111800
9000,0,17400,"sd","13:49:46",6109800
9000,0,1600,"sd","13:49:43",6092400
9000,0,100,"sd","13:49:43",6090800
9000,0,1000,"sd","13:49:43",6090700
9000,0,300,"sd","13:49:43",6089700
9000,0,500,"sd","13:49:43",6089400
9000,0,100,"sd","13:49:43",6088900
9000,0,1400,"sd","13:49:43",6088800
9000,0,10000,"sd","13:49:43",6087400
9000,0,2500,"sd","13:49:39",6077400
9000,0,5000,"sd","13:49:19",6074900
9000,0,20000,"sd","13:49:19",6069900
9000,0,300,"sd","13:49:19",6049900
9000,0,100,"sd","13:49:19",6049600
9000,0,3000,"sd","13:49:19",6049500
9010,10,100,"unknown","13:49:19",6046500
9010,10,3200,"unknown","13:49:19",6046400
9000,0,2000,"sd","13:49:19",6043200
9000,0,100,"sd","13:49:19",6041200
9000,0,2200,"sd","13:49:19",6041100
9010,10,1000,"unknown","13:49:19",6038900
9010,10,1500,"unknown","13:49:19",6037900
9010,10,1100,"unknown","13:49:19",6036400
9000,0,20100,"sd","13:49:19",6035300
9000,0,1300,"sd","13:49:19",6015200
9010,10,4200,"unknown","13:49:19",6013900
9000,0,8000,"sd","13:49:19",6009700
9010,10,600,"unknown","13:49:19",6001700
9010,10,1000,"unknown","13:49:19",6001100
9010,10,10500,"unknown","13:49:19",6000100
9000,0,1300,"sd","13:49:19",5989600
9000,0,100,"sd","13:49:19",5988300
9000,0,400,"sd","13:49:19",5988200
9000,0,1500,"sd","13:49:19",5987800
9000,0,10000,"sd","13:49:19",5986300
9000,0,400,"sd","13:49:19",5976300
9000,0,1200,"sd","13:49:19",5975900
9000,0,500,"sd","13:49:19",5974700
9000,0,10500,"sd","13:49:19",5974200
9000,0,1500,"sd","13:49:19",5963700
9020,20,10400,"bu","13:49:19",5962200
9020,20,1100,"bu","13:49:19",5951800
9000,0,2900,"sd","13:49:19",5950700
9020,20,25000,"bu","13:49:19",5947800
9000,0,500,"sd","13:49:19",5922800
9000,0,2000,"sd","13:49:19",5922300
9000,0,1000,"sd","13:49:19",5920300
9000,0,20000,"sd","13:49:19",5919300
9000,0,200,"sd","13:49:19",5899300
9000,0,200,"sd","13:49:19",5899100
9000,0,5000,"sd","13:49:19",5898900
9000,0,4500,"sd","13:49:19",5893900
9000,0,3100,"sd","13:49:19",5889400
9020,20,1000,"bu","13:49:19",5886300
9000,0,3000,"sd","13:49:19",5885300
9000,0,2000,"sd","13:49:19",5882300
9000,0,500,"sd","13:49:19",5880300
9020,20,12900,"bu","13:49:19",5879800
9000,0,4200,"sd","13:49:19",5866900
9000,0,500,"sd","13:49:14",5862700
9020,20,100,"sd","13:49:14",5862200
9000,0,1000,"sd","13:49:14",5862100
9000,0,300,"sd","13:49:14",5861100
9000,0,10000,"sd","13:49:13",5860800
9000,0,5200,"sd","13:49:13",5850800
9000,0,200,"sd","13:49:13",5845600
9020,20,3400,"sd","13:49:13",5845400
9000,0,10000,"sd","13:49:13",5842000
9000,0,2000,"sd","13:49:13",5832000
9010,10,1000,"sd","13:49:13",5830000
9010,10,600,"sd","13:49:13",5829000
9000,0,100,"sd","13:49:13",5828400
9010,10,7400,"sd","13:49:13",5828300
9030,30,100,"bu","13:49:09",5820900
9030,30,3100,"bu","13:48:54",5820800
9030,30,1900,"bu","13:48:54",5817700
9030,30,2000,"bu","13:48:45",5815800
9030,30,100,"bu","13:48:44",5813800
9030,30,1000,"bu","13:48:40",5813700
9030,30,100,"sd","13:48:33",5812700
9030,30,10000,"sd","13:48:33",5812600
9030,30,5000,"sd","13:48:33",5802600
9030,30,2000,"sd","13:48:33",5797600
9030,30,2700,"sd","13:48:33",5795600
9030,30,2000,"sd","13:48:22",5792900
9030,30,3000,"sd","13:48:07",5790900
9030,30,3000,"sd","13:47:58",5787900
9040,40,200,"bu","13:47:49",5784900
9040,40,400,"bu","13:47:48",5784700
9030,30,200,"sd","13:47:47",5784300
9030,30,1000,"sd","13:47:47",5784100
9030,30,2000,"sd","13:47:47",5783100
9030,30,2000,"sd","13:47:47",5781100
9030,30,1000,"sd","13:47:47",5779100
9030,30,100,"sd","13:47:47",5778100
9030,30,900,"sd","13:47:47",5778000
9030,30,5000,"sd","13:47:47",5777100
9030,30,5000,"sd","13:47:47",5772100
9030,30,1900,"sd","13:47:47",5767100
9030,30,900,"sd","13:47:47",5765200
9030,30,4000,"sd","13:47:25",5764300
9040,40,200,"bu","13:47:21",5760300
9030,30,100,"sd","13:47:19",5760100
9040,40,200,"bu","13:47:18",5760000
9030,30,3000,"sd","13:47:18",5759800
9030,30,1000,"sd","13:47:18",5756800
9030,30,6000,"sd","13:47:18",5755800
9030,30,2000,"sd","13:46:43",5749800
9030,30,2000,"sd","13:46:41",5747800
9030,30,2000,"sd","13:46:29",5745800
9030,30,8000,"sd","13:46:22",5743800
9030,30,1000,"sd","13:46:22",5735800
9030,30,500,"sd","13:46:22",5734800
9030,30,1000,"sd","13:46:22",5734300
9030,30,1000,"sd","13:46:22",5733300
9030,30,2000,"sd","13:46:11",5732300
9030,30,100,"sd","13:46:04",5730300
9030,30,1900,"sd","13:46:04",5730200
9030,30,100,"sd","13:46:04",5728300
9040,40,1000,"bu","13:46:03",5728200
9040,40,100,"bu","13:46:03",5727200
9030,30,100,"sd","13:46:00",5727100
9030,30,1200,"sd","13:46:00",5727000
9030,30,100,"sd","13:46:00",5725800
9030,30,100,"sd","13:46:00",5725700
9030,30,500,"sd","13:46:00",5725600
9040,40,100,"bu","13:45:44",5725100
9040,40,100,"sd","13:45:20",5725000
9040,40,500,"sd","13:45:20",5724900
9040,40,1800,"sd","13:45:20",5724400
9040,40,1200,"sd","13:45:11",5722600
9040,40,500,"sd","13:45:11",5721400
9040,40,300,"sd","13:45:11",5720900
9040,40,800,"sd","13:44:44",5720600
9040,40,900,"sd","13:44:37",5719800
9040,40,100,"sd","13:44:37",5718900
9040,40,500,"sd","13:44:20",5718800
9040,40,400,"bu","13:44:11",5718300
9040,40,2500,"bu","13:43:56",5717900
9030,30,300,"sd","13:43:50",5715400
9040,40,100,"bu","13:43:49",5715100
9050,50,2700,"bu","13:43:30",5715000
9050,50,100,"bu","13:43:28",5712300
9050,50,8000,"bu","13:43:26",5712200
9030,30,10600,"sd","13:43:26",5704200
9030,30,500,"sd","13:43:26",5693600
9030,30,4800,"sd","13:43:26",5693100
9040,40,1000,"sd","13:43:18",5688300
9040,40,100,"sd","13:43:18",5687300
9040,40,20000,"sd","13:43:18",5687200
9040,40,5000,"sd","13:43:18",5667200
9040,40,2900,"sd","13:43:18",5662200
9040,40,200,"sd","13:43:18",5659300
9040,40,200,"sd","13:43:18",5659100
9040,40,10000,"sd","13:43:18",5658900
9040,40,6100,"sd","13:43:18",5648900
9050,50,100,"bu","13:43:07",5642800
9050,50,100,"bu","13:43:07",5642700
9050,50,1000,"bu","13:43:07",5642600
9050,50,800,"bu","13:43:07",5641600
9050,50,10000,"bu","13:43:07",5640800
9050,50,300,"sd","13:43:07",5630800
9050,50,500,"sd","13:43:07",5630500
9050,50,100,"sd","13:43:07",5630000
9050,50,500,"sd","13:43:07",5629900
9050,50,300,"sd","13:43:07",5629400
9050,50,3000,"sd","13:43:07",5629100
9050,50,1000,"sd","13:43:07",5626100
9050,50,400,"sd","13:43:07",5625100
9050,50,1000,"sd","13:43:07",5624700
9050,50,500,"sd","13:43:07",5623700
9050,50,100,"sd","13:43:07",5623200
9050,50,1000,"sd","13:43:07",5623100
9050,50,2000,"sd","13:43:07",5622100
9050,50,200,"sd","13:43:07",5620100
9050,50,4700,"sd","13:43:07",5619900
9050,50,300,"sd","13:42:53",5615200
9050,50,1000,"sd","13:42:37",5614900
9050,50,4000,"sd","13:42:30",5613900
9050,50,100,"sd","13:42:30",5609900
9050,50,1000,"sd","13:42:29",5609800
9050,50,300,"sd","13:42:29",5608800
9050,50,10000,"sd","13:42:14",5608500
9060,60,500,"bu","13:42:11",5598500
9060,60,100,"bu","13:42:11",5598000
9060,60,1000,"bu","13:42:00",5597900
9050,50,9700,"sd","13:41:59",5596900
9050,50,300,"sd","13:41:59",5587200
9060,60,1000,"bu","13:41:50",5586900
9060,60,200,"bu","13:41:36",5585900
9060,60,300,"sd","13:41:09",5585700
9060,60,3400,"sd","13:41:09",5585400
9060,60,900,"sd","13:41:04",5582000
9060,60,400,"bu","13:40:55",5581100
9060,60,300,"bu","13:40:55",5580700
9060,60,1000,"bu","13:40:52",5580400
9060,60,100,"bu","13:40:49",5579400
9060,60,200,"bu","13:40:38",5579300
9060,60,1000,"bu","13:40:33",5579100
9070,70,100,"bu","13:39:50",5578100
9050,50,2500,"sd","13:39:45",5578000
9050,50,5000,"sd","13:39:29",5575500
9050,50,2800,"bu","13:39:13",5570500
9050,50,500,"bu","13:39:13",5567700
9050,50,1700,"bu","13:39:10",5567200
9050,50,500,"bu","13:39:10",5565500
9050,50,200,"bu","13:39:10",5565000
9050,50,1000,"bu","13:39:10",5564800
9050,50,1000,"bu","13:39:10",5563800
9050,50,1300,"bu","13:39:10",5562800
9050,50,100,"bu","13:39:09",5561500
9050,50,44200,"bu","13:39:09",5561400
9050,50,5800,"bu","13:39:03",5517200
9050,50,10000,"bu","13:39:03",5511400
9050,50,100,"bu","13:39:03",5501400
9050,50,9100,"bu","13:39:03",5501300
9040,40,3900,"sd","13:39:01",5492200
9040,40,100,"sd","13:39:01",5488300
9040,40,300,"sd","13:39:01",5488200
9040,40,700,"sd","13:39:01",5487900
9050,50,5000,"bu","13:39:01",5487200
9050,50,10000,"bu","13:38:46",5482200
9050,50,25000,"bu","13:38:35",5472200
9040,40,4500,"sd","13:38:28",5447200
9040,40,1300,"sd","13:38:28",5442700
9040,40,3500,"sd","13:38:28",5441400
9040,40,6500,"sd","13:38:26",5437900
9050,50,900,"bu","13:38:17",5431400
9050,50,100,"bu","13:38:17",5430500
9050,50,200,"bu","13:38:07",5430400
9050,50,400,"bu","13:38:07",5430200
9050,50,400,"bu","13:38:07",5429800
9040,40,5000,"sd","13:38:05",5429400
9040,40,2100,"sd","13:37:58",5424400
9040,40,2000,"sd","13:37:50",5422300
9040,40,1000,"sd","13:37:40",5420300
9040,40,800,"sd","13:37:40",5419300
9040,40,300,"sd","13:37:40",5418500
9040,40,2000,"sd","13:37:40",5418200
9040,40,25200,"sd","13:37:40",5416200
9040,40,1000,"bu","13:37:30",5391000
9040,40,500,"bu","13:37:28",5390000
9040,40,10000,"bu","13:37:15",5389500
9040,40,5000,"bu","13:37:15",5379500
9040,40,200,"bu","13:37:15",5374500
9040,40,1000,"bu","13:37:15",5374300
9040,40,300,"bu","13:37:15",5373300
9040,40,3000,"bu","13:37:15",5373000
9040,40,100,"unknown","13:37:15",5370000
9040,40,1000,"sd","13:37:15",5369900
9040,40,2600,"sd","13:37:15",5368900
9040,40,200,"sd","13:37:15",5366300
9040,40,8300,"sd","13:37:15",5366100
9040,40,200,"sd","13:37:13",5357800
9050,50,100,"bu","13:37:13",5357600
9050,50,400,"bu","13:36:54",5357500
9040,40,100,"sd","13:36:43",5357100
9040,40,2500,"sd","13:36:25",5357000
9040,40,5000,"sd","13:36:20",5354500
9050,50,300,"bu","13:36:20",5349500
9040,40,1000,"sd","13:36:20",5349200
9050,50,100,"bu","13:36:09",5348200
9040,40,600,"sd","13:35:54",5348100
9050,50,300,"bu","13:35:48",5347500
9050,50,500,"bu","13:35:48",5347200
9040,40,500,"sd","13:35:45",5346700
9040,40,300,"sd","13:35:39",5346200
9040,40,200,"sd","13:35:19",5345900
9050,50,1200,"bu","13:35:15",5345700
9050,50,5000,"bu","13:35:14",5344500
9040,40,1000,"sd","13:35:10",5339500
9040,40,500,"sd","13:35:10",5338500
9040,40,800,"sd","13:35:02",5338000
9040,40,500,"sd","13:35:00",5337200
9040,40,400,"sd","13:35:00",5336700
9040,40,400,"bu","13:34:37",5336300
9040,40,100,"bu","13:34:37",5335900
9040,40,100,"sd","13:34:36",5335800
9050,50,1000,"bu","13:34:36",5335700
9040,40,100,"bu","13:34:35",5334700
9040,40,300,"bu","13:34:33",5334600
9040,40,1100,"bu","13:34:26",5334300
9040,40,300,"bu","13:34:26",5333200
9040,40,600,"bu","13:34:26",5332900
9040,40,1000,"bu","13:34:24",5332300
9040,40,11600,"bu","13:34:20",5331300
9040,40,600,"bu","13:34:20",5319700
9040,40,2000,"bu","13:34:20",5319100
9040,40,20000,"bu","13:34:20",5317100
9040,40,15800,"bu","13:34:20",5297100
9040,40,500,"bu","13:34:12",5281300
9040,40,1300,"bu","13:33:50",5280800
9030,30,200,"sd","13:33:40",5279500
9030,30,300,"sd","13:33:40",5279300
9040,40,300,"bu","13:33:37",5279000
9040,40,200,"bu","13:33:25",5278700
9030,30,100,"sd","13:33:20",5278500
9030,30,2000,"sd","13:33:20",5278400
9030,30,100,"sd","13:33:20",5276400
9030,30,200,"sd","13:33:20",5276300
9030,30,3000,"sd","13:33:20",5276100
9030,30,300,"sd","13:33:20",5273100
9030,30,500,"sd","13:33:20",5272800
9030,30,500,"sd","13:33:20",5272300
9030,30,100,"sd","13:33:20",5271800
9030,30,100,"sd","13:33:20",5271700
9030,30,300,"sd","13:33:20",5271600
9030,30,2800,"sd","13:33:20",5271300
9030,30,900,"sd","13:33:16",5268500
9040,40,1900,"bu","13:33:13",5267600
9040,40,100,"bu","13:33:13",5265700
9030,30,300,"sd","13:33:12",5265600
9030,30,800,"sd","13:33:10",5265300
9030,30,1200,"sd","13:33:03",5264500
9030,30,800,"sd","13:33:03",5263300
9040,40,100,"bu","13:33:01",5262500
9040,40,300,"bu","13:32:57",5262400
9030,30,200,"sd","13:32:53",5262100
9030,30,900,"sd","13:32:53",5261900
9030,30,1000,"sd","13:32:53",5261000
9030,30,1000,"sd","13:32:53",5260000
9040,40,1000,"unknown","13:32:53",5259000
9040,40,300,"unknown","13:32:53",5258000
9040,40,500,"unknown","13:32:53",5257700
9040,40,400,"sd","13:32:53",5257200
9040,40,5000,"sd","13:32:53",5256800
9040,40,200,"sd","13:32:53",5251800
9050,50,300,"bu","13:32:51",5251600
9040,40,300,"sd","13:32:49",5251300
9050,50,100,"bu","13:32:48",5251000
9050,50,50000,"bu","13:32:43",5250900
9040,40,500,"sd","13:32:26",5200900
9050,50,700,"bu","13:32:20",5200400
9050,50,5000,"bu","13:32:20",5199700
9050,50,9000,"bu","13:32:19",5194700
9050,50,100,"bu","13:32:19",5185700
9050,50,200,"bu","13:32:19",5185600
9050,50,5000,"bu","13:32:19",5185400
9050,50,1000,"bu","13:32:19",5180400
9050,50,200,"bu","13:32:19",5179400
9050,50,200,"unknown","13:32:19",5179200
9050,50,300,"sd","13:32:19",5179000
9050,50,200,"sd","13:32:19",5178700
9050,50,1300,"sd","13:32:19",5178500
9050,50,10000,"sd","13:32:19",5177200
9050,50,3000,"sd","13:32:19",5167200
9050,50,1000,"sd","13:32:19",5164200
9050,50,3100,"sd","13:32:19",5163200
9050,50,2000,"sd","13:32:17",5160100
9060,60,1800,"bu","13:32:13",5158100
9060,60,200,"bu","13:32:13",5156300
9050,50,100,"sd","13:32:10",5156100
9050,50,800,"sd","13:32:09",5156000
9050,50,4000,"sd","13:32:05",5155200
9050,50,1000,"sd","13:32:01",5151200
9050,50,200,"sd","13:32:01",5150200
9050,50,200,"sd","13:32:01",5150000
9050,50,2000,"sd","13:32:01",5149800
9050,50,500,"sd","13:32:01",5147800
9050,50,100,"sd","13:32:01",5147300
9050,50,1000,"sd","13:32:01",5147200
9050,50,500,"sd","13:32:01",5146200
9050,50,500,"sd","13:32:01",5145700
9050,50,1000,"sd","13:32:01",5145200
9050,50,300,"sd","13:32:01",5144200
9050,50,2700,"sd","13:32:01",5143900
9050,50,300,"sd","13:32:00",5141200
9050,50,800,"sd","13:32:00",5140900
9050,50,1200,"sd","13:31:59",5140100
9050,50,500,"sd","13:31:59",5138900
9050,50,8300,"sd","13:31:59",5138400
9050,50,900,"sd","13:31:58",5130100
9060,60,1700,"bu","13:31:56",5129200
9060,60,5000,"bu","13:31:56",5127500
9060,60,300,"bu","13:31:56",5122500
9060,60,1300,"bu","13:31:56",5122200
9060,60,1700,"bu","13:31:56",5120900
9050,50,400,"sd","13:31:54",5119200
9050,50,1500,"sd","13:31:52",5118800
9050,50,1500,"sd","13:31:49",5117300
9060,60,2300,"bu","13:31:43",5115800
9060,60,700,"bu","13:31:43",5113500
9050,50,100,"sd","13:31:34",5112800
9050,50,3300,"sd","13:31:33",5112700
9050,50,500,"sd","13:31:33",5109400
9050,50,500,"sd","13:31:33",5108900
9050,50,10000,"sd","13:31:33",5108400
9050,50,500,"sd","13:31:33",5098400
9050,50,100,"sd","13:31:33",5097900
9050,50,100,"sd","13:31:33",5097800
9050,50,100,"sd","13:31:32",5097700
9050,50,1500,"sd","13:31:19",5097600
9060,60,200,"bu","13:31:10",5096100
9060,60,100,"bu","13:30:59",5095900
9050,50,2300,"sd","13:30:58",5095800
9070,70,1400,"bu","13:30:41",5093500
9060,60,18600,"unknown","13:30:41",5092100
9060,60,200,"sd","13:30:38",5073500
9060,60,100,"sd","13:30:38",5073300
9060,60,1000,"sd","13:30:38",5073200
9060,60,200,"sd","13:30:38",5072200
9060,60,400,"sd","13:30:38",5072000
9060,60,26300,"sd","13:30:38",5071600
9060,60,1000,"sd","13:30:38",5045300
9060,60,1000,"sd","13:30:38",5044300
9060,60,1000,"sd","13:30:38",5043300
9060,60,100,"sd","13:30:38",5042300
9060,60,100,"sd","13:30:38",5042200
9060,60,19000,"sd","13:30:37",5042100
9060,60,1000,"sd","13:30:37",5023100
9070,70,50000,"bu","13:30:24",5022100
9070,70,200,"sd","13:30:19",4972100
9070,70,9400,"sd","13:30:19",4971900
9070,70,4000,"sd","13:30:17",4962500
9070,70,6600,"sd","13:30:02",4958500
9070,70,100,"sd","13:30:02",4951900
9070,70,1000,"sd","13:30:02",4951800
9070,70,10000,"sd","13:30:02",4950800
9070,70,2300,"sd","13:30:02",4940800
9070,70,700,"sd","13:29:58",4938500
9070,70,1700,"sd","13:29:58",4937800
9070,70,300,"sd","13:29:58",4936100
9070,70,2000,"sd","13:29:58",4935800
9070,70,2200,"sd","13:29:58",4933800
9070,70,300,"sd","13:29:58",4931600
9070,70,3000,"sd","13:29:58",4931300
9070,70,300,"sd","13:29:58",4928300
9070,70,500,"sd","13:29:58",4928000
9070,70,1000,"sd","13:29:58",4927500
9080,80,100,"bu","13:29:48",4926500
9080,80,1800,"bu","13:29:45",4926400
9080,80,4900,"sd","13:29:41",4924600
9080,80,1800,"sd","13:29:41",4919700
9080,80,2000,"sd","13:29:41",4917900
9080,80,500,"sd","13:29:41",4915900
9080,80,200,"sd","13:29:41",4915400
9080,80,500,"sd","13:29:41",4915200
9080,80,600,"sd","13:29:41",4914700
9080,80,200,"sd","13:29:41",4914100
9080,80,5800,"sd","13:29:41",4913900
9080,80,100,"sd","13:29:41",4908100
9080,80,1000,"sd","13:29:41",4908000
9080,80,20000,"sd","13:29:41",4907000
9080,80,400,"sd","13:29:41",4887000
9080,80,8900,"sd","13:29:41",4886600
9080,80,600,"sd","13:29:41",4877700
9080,80,2000,"sd","13:29:41",4877100
9080,80,1500,"sd","13:29:41",4875100
9080,80,1000,"sd","13:29:41",4873600
9080,80,2000,"sd","13:29:41",4872600
9080,80,100,"sd","13:29:41",4870600
9090,90,100,"bu","13:29:29",4870500
9080,80,100,"sd","13:29:26",4870400
9090,90,1800,"bu","13:29:23",4870300
9090,90,500,"bu","13:29:15",4868500
9090,90,2000,"bu","13:29:02",4868000
9090,90,600,"sd","13:28:56",4866000
9090,90,300,"sd","13:28:56",4865400
9090,90,200,"sd","13:28:56",4865100
9090,90,200,"sd","13:28:52",4864900
9090,90,10000,"sd","13:28:50",4864700
9090,90,10000,"sd","13:28:49",4854700
9090,90,600,"sd","13:28:49",4844700
9090,90,300,"sd","13:28:49",4844100
9090,90,500,"sd","13:28:49",4843800
9090,90,500,"sd","13:28:49",4843300
9090,90,7000,"sd","13:28:49",4842800
9090,90,1100,"sd","13:28:49",4835800
9090,90,300,"sd","13:28:47",4834700
9090,90,800,"sd","13:28:41",4834400
9090,90,2600,"sd","13:28:38",4833600
9090,90,200,"sd","13:28:31",4831000
9090,90,200,"sd","13:28:30",4830800
9090,90,10000,"sd","13:28:19",4830600
9090,90,500,"sd","13:28:08",4820600
9090,90,1000,"sd","13:28:07",4820100
9090,90,4700,"sd","13:27:59",4819100
9090,90,2500,"sd","13:27:58",4814400
9090,90,10000,"sd","13:27:52",4811900
9100,100,200,"bu","13:27:51",4801900
9090,90,1600,"sd","13:27:45",4801700
9090,90,500,"sd","13:27:22",4800100
9090,90,100,"sd","13:27:11",4799600
9090,90,19000,"sd","13:27:11",4799500
9090,90,6000,"sd","13:27:11",4780500
9090,90,700,"sd","13:26:45",4774500
9100,100,500,"bu","13:26:38",4773800
9100,100,1000,"bu","13:25:58",4773300
9080,80,600,"sd","13:25:37",4772300
9090,90,100,"sd","13:25:37",4771700
9120,120,4500,"sd","13:24:55",4771600
9120,120,500,"sd","13:24:53",4767100
9120,120,1000,"sd","13:24:47",4766600
9120,120,1000,"sd","13:24:44",4765600
9120,120,200,"sd","13:24:43",4764600
9120,120,500,"sd","13:24:41",4764400
9120,120,2000,"bu","13:24:40",4763900
9120,120,7000,"bu","13:24:40",4761900
9120,120,10000,"bu","13:24:40",4754900
9120,120,1000,"bu","13:24:40",4744900
9120,120,100,"bu","13:24:40",4743900
9120,120,5000,"bu","13:24:40",4743800
9120,120,500,"bu","13:24:40",4738800
9120,120,2700,"bu","13:24:40",4738300
9120,120,10000,"bu","13:24:40",4735600
9120,120,1000,"bu","13:24:40",4725600
9110,110,10000,"bu","13:24:40",4724600
9110,110,1000,"bu","13:24:40",4714600
9100,100,500,"bu","13:24:40",4713600
9100,100,3000,"bu","13:24:40",4713100
9100,100,3000,"bu","13:24:40",4710100
9100,100,1000,"bu","13:24:40",4707100
9100,100,1700,"bu","13:24:40",4706100
9090,90,1000,"bu","13:24:40",4704400
9090,90,1800,"bu","13:24:40",4703400
9080,80,1900,"sd","13:24:39",4701600
9080,80,15000,"sd","13:24:39",4699700
9080,80,3100,"sd","13:24:39",4684700
9080,80,1000,"sd","13:24:34",4681600
9090,90,1000,"bu","13:24:32",4680600
9080,80,5700,"sd","13:24:30",4679600
9090,90,1200,"bu","13:24:24",4673900
9090,90,2800,"bu","13:24:19",4672700
9090,90,1000,"sd","13:24:19",4669900
9090,90,300,"sd","13:24:19",4668900
9090,90,500,"sd","13:24:15",4668600
9090,90,1000,"sd","13:24:10",4668100
9090,90,8200,"sd","13:24:09",4667100
9090,90,1500,"sd","13:24:09",4658900
9090,90,500,"sd","13:24:09",4657400
9090,90,800,"sd","13:24:09",4656900
9090,90,500,"sd","13:24:09",4656100
9090,90,2000,"sd","13:24:09",4655600
9090,90,3400,"sd","13:24:09",4653600
9090,90,1400,"sd","13:24:07",4650200
9090,90,200,"sd","13:23:56",4648800
9090,90,9800,"sd","13:23:56",4648600
9090,90,200,"sd","13:23:48",4638800
9090,90,800,"sd","13:23:48",4638600
9100,100,200,"bu","13:23:48",4637800
9100,100,100,"sd","13:23:42",4637600
9100,100,500,"sd","13:23:42",4637500
9100,100,500,"sd","13:23:38",4637000
9100,100,500,"sd","13:23:38",4636500
9100,100,1000,"sd","13:23:36",4636000
9100,100,200,"sd","13:23:29",4635000
9100,100,500,"sd","13:23:28",4634800
9100,100,800,"sd","13:23:27",4634300
9100,100,1000,"sd","13:23:27",4633500
9100,100,2600,"sd","13:23:27",4632500
9100,100,500,"sd","13:23:21",4629900
9100,100,1000,"sd","13:23:02",4629400
9100,100,500,"sd","13:22:53",4628400
9100,100,2000,"sd","13:22:51",4627900
9100,100,31700,"bu","13:22:47",4625900
9090,90,20000,"sd","13:22:37",4594200
9100,100,100,"sd","13:22:35",4574200
9100,100,300,"sd","13:22:35",4574100
9100,100,100,"sd","13:22:35",4573800
9100,100,7500,"sd","13:22:35",4573700
9100,100,1000,"sd","13:22:35",4566200
9100,100,1000,"sd","13:22:35",4565200
9100,100,300,"sd","13:22:35",4564200
9100,100,1000,"sd","13:22:35",4563900
9100,100,5000,"sd","13:22:35",4562900
9100,100,5000,"sd","13:22:35",4557900
9100,100,2000,"sd","13:22:35",4552900
9100,100,100,"sd","13:22:35",4550900
9100,100,100,"sd","13:22:35",4550800
9100,100,1500,"sd","13:22:35",4550700
9110,110,1000,"sd","13:22:35",4549200
9110,110,300,"sd","13:22:35",4548200
9110,110,700,"sd","13:22:35",4547900
9110,110,200,"sd","13:22:35",4547200
9110,110,1100,"sd","13:22:35",4547000
9110,110,900,"sd","13:22:34",4545900
9120,120,1000,"bu","13:22:20",4545000
9120,120,1000,"bu","13:21:49",4544000
9110,110,100,"sd","13:21:48",4543000
9110,110,2000,"sd","13:21:41",4542900
9130,130,5000,"bu","13:21:20",4540900
9130,130,200,"bu","13:21:10",4535900
9120,120,100,"bu","13:21:10",4535700
9110,110,900,"sd","13:21:06",4535600
9120,120,100,"sd","13:21:06",4534700
9130,130,200,"bu","13:20:51",4534600
9130,130,500,"bu","13:20:42",4534400
9130,130,300,"sd","13:20:39",4533900
9130,130,700,"sd","13:20:34",4533600
9130,130,300,"sd","13:20:34",4532900
9140,140,600,"bu","13:20:19",4532600
9140,140,400,"sd","13:20:19",4532000
9140,140,200,"sd","13:20:19",4531600
9140,140,300,"sd","13:20:11",4531400
9140,140,100,"sd","13:20:11",4531100
9140,140,100,"sd","13:20:11",4531000
9150,150,400,"bu","13:20:04",4530900
9140,140,400,"bu","13:19:51",4530500
9140,140,1000,"bu","13:19:51",4530100
9140,140,1500,"bu","13:19:51",4529100
9140,140,1000,"bu","13:19:51",4527600
9140,140,1100,"bu","13:19:51",4526600
9140,140,900,"sd","13:19:38",4525500
9140,140,100,"sd","13:19:37",4524600
9140,140,1000,"sd","13:19:37",4524500
9150,150,300,"bu","13:19:34",4523500
9150,150,500,"bu","13:19:34",4523200
9150,150,2900,"bu","13:19:34",4522700
9150,150,1400,"bu","13:19:34",4519800
9150,150,4000,"bu","13:19:34",4518400
9150,150,700,"bu","13:19:34",4514400
9150,150,8700,"bu","13:19:34",4513700
9150,150,100,"bu","13:19:34",4505000
9150,150,3100,"bu","13:19:34",4504900
9150,150,500,"bu","13:19:34",4501800
9150,150,1000,"bu","13:19:34",4501300
9150,150,200,"bu","13:19:34",4500300
9150,150,1000,"bu","13:19:34",4500100
9150,150,100,"bu","13:19:34",4499100
9150,150,100,"bu","13:19:34",4499000
9150,150,2000,"bu","13:19:34",4498900
9150,150,10000,"bu","13:19:34",4496900
9150,150,400,"bu","13:19:34",4486900
9150,150,3000,"bu","13:19:34",4486500
9140,140,7000,"sd","13:19:29",4483500
9140,140,1000,"sd","13:19:23",4476500
9150,150,4000,"bu","13:19:14",4475500
9150,150,1000,"bu","13:19:14",4471500
9150,150,500,"bu","13:19:14",4470500
9150,150,200,"bu","13:19:14",4470000
9150,150,1300,"bu","13:19:14",4469800
9150,150,100,"bu","13:19:12",4468500
9150,150,200,"bu","13:19:12",4468400
9150,150,500,"bu","13:19:12",4468200
9150,150,500,"bu","13:19:12",4467700
9150,150,300,"bu","13:19:12",4467200
9150,150,300,"bu","13:19:12",4466900
9140,140,1700,"bu","13:19:12",4466600
9140,140,3300,"sd","13:19:04",4464900
9140,140,100,"sd","13:18:58",4461600
9140,140,1000,"sd","13:18:48",4461500
9140,140,100,"bu","13:18:48",4460500
9140,140,20000,"bu","13:18:48",4460400
9140,140,300,"bu","13:18:48",4440400
9140,140,1000,"bu","13:18:48",4440100
9140,140,200,"bu","13:18:48",4439100
9140,140,500,"bu","13:18:48",4438900
9140,140,500,"bu","13:18:48",4438400
9140,140,2500,"bu","13:18:48",4437900
9140,140,500,"bu","13:18:48",4435400
9140,140,2000,"bu","13:18:48",4434900
9140,140,5100,"bu","13:18:48",4432900
9130,130,900,"sd","13:18:45",4427800
9130,130,500,"bu","13:18:40",4426900
9130,130,500,"bu","13:18:40",4426400
9130,130,2000,"bu","13:18:40",4425900
9130,130,100,"bu","13:18:40",4423900
9130,130,200,"bu","13:18:40",4423800
9130,130,1700,"bu","13:18:40",4423600
9130,130,500,"bu","13:18:40",4421900
9130,130,300,"bu","13:18:31",4421400
9120,120,500,"sd","13:18:28",4421100
9130,130,1000,"bu","13:18:27",4420600
9130,130,3000,"bu","13:18:27",4419600
9130,130,1500,"bu","13:18:27",4416600
9120,120,1000,"sd","13:18:19",4415100
9120,120,1100,"sd","13:18:19",4414100
9120,120,3000,"sd","13:18:19",4413000
9120,120,1200,"sd","13:18:19",4410000
9120,120,100,"sd","13:18:19",4408800
9120,120,100,"sd","13:18:19",4408700
9120,120,500,"sd","13:18:19",4408600
9120,120,100,"sd","13:18:19",4408100
9120,120,12700,"sd","13:18:19",4408000
9120,120,200,"bu","13:18:19",4395300
9120,120,1000,"bu","13:18:19",4395100
9120,120,1000,"bu","13:18:19",4394100
9120,120,4900,"bu","13:18:19",4393100
9110,110,3000,"sd","13:18:18",4388200
9110,110,5000,"sd","13:18:18",4385200
9110,110,400,"sd","13:18:12",4380200
9110,110,5000,"sd","13:18:11",4379800
9110,110,500,"bu","13:18:08",4374800
9110,110,3000,"bu","13:18:08",4374300
9110,110,2000,"bu","13:18:08",4371300
9110,110,500,"bu","13:18:08",4369300
9110,110,500,"bu","13:18:08",4368800
9110,110,1000,"bu","13:18:08",4368300
9110,110,12800,"bu","13:18:08",4367300
9110,110,1800,"bu","13:18:08",4354500
9100,100,500,"sd","13:18:05",4352700
9100,100,1000,"sd","13:17:52",4352200
9100,100,500,"sd","13:17:50",4351200
9100,100,500,"sd","13:17:43",4350700
9100,100,100,"sd","13:17:39",4350200
9100,100,1900,"sd","13:17:35",4350100
9100,100,500,"sd","13:17:35",4348200
9100,100,5000,"sd","13:17:35",4347700
9100,100,10000,"sd","13:17:35",4342700
9100,100,1000,"sd","13:17:35",4332700
9100,100,7600,"sd","13:17:35",4331700
9100,100,2400,"sd","13:17:30",4324100
9100,100,2200,"sd","13:17:30",4321700
9100,100,400,"sd","13:17:30",4319500
9100,100,1500,"sd","13:17:21",4319100
9100,100,1000,"sd","13:17:15",4317600
9110,110,500,"bu","13:17:14",4316600
9100,100,2100,"sd","13:17:08",4316100
9100,100,1800,"sd","13:17:08",4314000
9100,100,300,"bu","13:16:43",4312200
9100,100,1700,"bu","13:16:41",4311900
9100,100,100,"bu","13:16:41",4310200
9100,100,1700,"bu","13:16:41",4310100
9100,100,2200,"bu","13:16:41",4308400
9100,100,11100,"bu","13:16:07",4306200
9100,100,1700,"bu","13:16:07",4295100
9100,100,700,"bu","13:16:07",4293400
9100,100,6500,"bu","13:16:07",4292700
9100,100,400,"bu","13:16:06",4286200
9100,100,1100,"bu","13:16:04",4285800
9100,100,13900,"bu","13:16:04",4284700
9100,100,10000,"bu","13:16:03",4270800
9100,100,16100,"bu","13:15:59",4260800
9100,100,100,"bu","13:15:59",4244700
9100,100,3800,"bu","13:15:59",4244600
9100,100,2700,"bu","13:15:57",4240800
9100,100,800,"bu","13:15:57",4238100
9100,100,9100,"bu","13:15:49",4237300
9100,100,2000,"bu","13:15:49",4228200
9100,100,5400,"bu","13:15:49",4226200
9090,90,1900,"sd","13:15:46",4220800
9100,100,10000,"bu","13:15:44",4218900
9100,100,1000,"bu","13:15:41",4208900
9090,90,1000,"sd","13:15:37",4207900
9100,100,1300,"bu","13:15:30",4206900
9090,90,400,"sd","13:15:14",4205600
9090,90,2200,"bu","13:15:03",4205200
9090,90,2000,"bu","13:15:03",4203000
9090,90,1700,"bu","13:15:03",4201000
9090,90,3600,"bu","13:15:00",4199300
9090,90,1000,"bu","13:15:00",4195700
9090,90,100,"bu","13:15:00",4194700
9090,90,5000,"bu","13:15:00",4194600
9090,90,6000,"bu","13:15:00",4189600
9090,90,4300,"bu","13:15:00",4183600
9090,90,200,"bu","13:14:57",4179300
9080,80,900,"sd","13:14:57",4179100
9090,90,100,"bu","13:14:56",4178200
9080,80,3300,"sd","13:14:49",4178100
9080,80,500,"sd","13:14:29",4174800
9090,90,10000,"bu","13:14:18",4174300
9090,90,100,"bu","13:14:15",4164300
9090,90,1000,"bu","13:14:14",4164200
9080,80,5000,"sd","13:14:00",4163200
9080,80,4500,"sd","13:13:59",4158200
9080,80,100,"sd","13:13:59",4153700
9080,80,1000,"sd","13:13:59",4153600
9080,80,800,"sd","13:13:59",4152600
9080,80,2000,"sd","13:13:59",4151800
9080,80,100,"sd","13:13:59",4149800
9080,80,100,"sd","13:13:59",4149700
9080,80,1200,"sd","13:13:59",4149600
9080,80,2700,"sd","13:13:59",4148400
9080,80,1500,"sd","13:13:48",4145700
9080,80,1000,"sd","13:13:48",4144200
9080,80,400,"sd","13:13:48",4143200
9080,80,600,"sd","13:13:20",4142800
9080,80,500,"sd","13:13:20",4142200
9080,80,2000,"sd","13:13:20",4141700
9080,80,400,"sd","13:13:20",4139700
9080,80,1000,"sd","13:13:20",4139300
9080,80,4900,"sd","13:13:20",4138300
9080,80,4000,"sd","13:13:20",4133400
9080,80,300,"sd","13:13:20",4129400
9090,90,500,"bu","13:13:09",4129100
9090,90,3800,"bu","13:13:03",4128600
9090,90,6200,"bu","13:13:03",4124800
9090,90,10000,"bu","13:12:55",4118600
9090,90,100,"bu","13:12:48",4108600
9090,90,100,"bu","13:12:40",4108500
9090,90,200,"sd","13:12:29",4108400
9090,90,1000,"sd","13:12:29",4108200
9090,90,1000,"sd","13:12:29",4107200
9090,90,5000,"sd","13:12:29",4106200
9090,90,100,"sd","13:12:29",4101200
9090,90,4100,"sd","13:12:29",4101100
9090,90,300,"sd","13:12:29",4097000
9090,90,100,"sd","13:12:29",4096700
9090,90,5800,"sd","13:12:29",4096600
9090,90,5500,"sd","13:12:19",4090800
9090,90,700,"sd","13:12:18",4085300
9090,90,100,"sd","13:12:07",4084600
9100,100,800,"bu","13:12:03",4084500
9100,100,100,"bu","13:11:59",4083700
9090,90,7900,"bu","13:11:45",4083600
9090,90,1000,"bu","13:11:40",4075700
9090,90,1000,"bu","13:11:38",4074700
9090,90,100,"bu","13:11:32",4073700
9090,90,100,"bu","13:11:30",4073600
9090,90,1000,"bu","13:11:12",4073500
9080,80,100,"sd","13:11:08",4072500
9090,90,8900,"bu","13:11:07",4072400
9100,100,1400,"bu","13:10:48",4063500
9100,100,500,"bu","13:10:48",4062100
9100,100,500,"bu","13:10:48",4061600
9100,100,100,"bu","13:10:48",4061100
9100,100,100,"bu","13:10:48",4061000
9100,100,1000,"bu","13:10:48",4060900
9100,100,3000,"bu","13:10:48",4059900
9100,100,1000,"bu","13:10:48",4056900
9100,100,1000,"bu","13:10:48",4055900
9100,100,500,"bu","13:10:48",4054900
9100,100,500,"bu","13:10:48",4054400
9100,100,3000,"bu","13:10:48",4053900
9100,100,5000,"bu","13:10:48",4050900
9100,100,2000,"bu","13:10:48",4045900
9100,100,100,"bu","13:10:48",4043900
9100,100,4000,"bu","13:10:48",4043800
9100,100,10000,"bu","13:10:48",4039800
9100,100,1300,"bu","13:10:48",4029800
9100,100,4000,"bu","13:10:48",4028500
9100,100,100,"bu","13:10:48",4024500
9100,100,10000,"bu","13:10:48",4024400
9100,100,4900,"bu","13:10:48",4014400
9100,100,500,"bu","13:10:45",4009500
9100,100,1000,"bu","13:10:29",4009000
9080,80,300,"sd","13:10:26",4008000
9080,80,100,"sd","13:10:17",4007700
9100,100,30000,"bu","13:10:02",4007600
9090,90,500,"sd","13:09:49",3977600
9080,80,200,"sd","13:09:21",3977100
9100,100,300,"bu","13:09:17",3976900
9100,100,17100,"bu","13:08:50",3976600
9090,90,100,"bu","13:08:50",3959500
9090,90,1000,"bu","13:08:50",3959400
9090,90,200,"bu","13:08:50",3958400
9090,90,1600,"bu","13:08:50",3958200
9070,70,4000,"sd","13:08:43",3956600
9080,80,1000,"sd","13:08:43",3952600
9090,90,900,"bu","13:08:33",3951600
9090,90,100,"bu","13:08:33",3950700
9090,90,500,"bu","13:08:33",3950600
9090,90,200,"bu","13:08:33",3950100
9090,90,9000,"bu","13:08:33",3949900
9090,90,17100,"bu","13:08:33",3940900
9080,80,200,"bu","13:08:33",3923800
9080,80,100,"bu","13:08:33",3923600
9080,80,100,"bu","13:08:33",3923500
9080,80,500,"bu","13:08:33",3923400
9080,80,2000,"bu","13:08:33",3922900
9080,80,1500,"bu","13:08:33",3920900
9080,80,2000,"bu","13:08:33",3919400
9080,80,1700,"bu","13:08:33",3917400
9080,80,100,"bu","13:08:33",3915700
9080,80,14000,"bu","13:08:33",3915600
9080,80,5000,"bu","13:08:30",3901600
9070,70,7700,"bu","13:08:17",3896600
9070,70,600,"bu","13:08:14",3888900
9070,70,1000,"sd","13:08:04",3888300
9070,70,100,"sd","13:08:04",3887300
9070,70,200,"sd","13:08:04",3887200
9070,70,100,"sd","13:08:04",3887000
9070,70,2000,"sd","13:08:04",3886900
9070,70,10000,"sd","13:08:04",3884900
9070,70,1000,"sd","13:08:04",3874900
9070,70,1000,"sd","13:08:04",3873900
9070,70,1000,"sd","13:08:04",3872900
9070,70,10100,"sd","13:08:04",3871900
9080,80,200,"bu","13:07:53",3861800
9080,80,1400,"bu","13:07:37",3861600
9080,80,500,"bu","13:07:32",3860200
9080,80,100,"bu","13:07:20",3859700
9080,80,1000,"bu","13:07:01",3859600
9080,80,800,"bu","13:07:00",3858600
9080,80,4000,"sd","13:06:22",3857800
9080,80,500,"sd","13:06:22",3853800
9080,80,2000,"sd","13:06:22",3853300
9080,80,200,"sd","13:06:22",3851300
9080,80,300,"sd","13:06:22",3851100
9080,80,200,"sd","13:06:07",3850800
9090,90,5200,"bu","13:05:58",3850600
9080,80,1500,"unknown","13:05:29",3845400
9070,70,9900,"sd","13:05:23",3843900
9070,70,300,"sd","13:05:23",3834000
9080,80,9800,"sd","13:05:23",3833700
9080,80,200,"bu","13:05:21",3823900
9070,70,3000,"sd","13:05:12",3823700
9080,80,1800,"sd","13:05:10",3820700
9080,80,2000,"bu","13:05:00",3818900
9080,80,1200,"bu","13:05:00",3816900
9070,70,500,"sd","13:04:46",3815700
9070,70,400,"sd","13:04:46",3815200
9070,70,4600,"sd","13:04:43",3814800
9070,70,11400,"sd","13:04:43",3810200
9080,80,3100,"bu","13:04:24",3798800
9070,70,1000,"sd","13:04:21",3795700
9070,70,1600,"sd","13:04:14",3794700
9070,70,1000,"sd","13:03:51",3793100
9070,70,2000,"sd","13:03:49",3792100
9070,70,300,"sd","13:03:49",3790100
9070,70,1700,"sd","13:03:49",3789800
9070,70,1500,"sd","13:03:37",3788100
9080,80,200,"sd","13:03:32",3786600
9080,80,200,"sd","13:03:29",3786400
9080,80,100,"sd","13:03:29",3786200
9080,80,2000,"bu","13:03:29",3786100
9080,80,100,"bu","13:03:29",3784100
9080,80,5400,"bu","13:03:29",3784000
9080,80,1000,"bu","13:03:29",3778600
9080,80,700,"bu","13:03:29",3777600
9080,80,500,"bu","13:03:29",3776900
9080,80,400,"bu","13:03:29",3776400
9080,80,3000,"bu","13:03:29",3776000
9080,80,200,"bu","13:03:29",3773000
9080,80,500,"bu","13:03:29",3772800
9080,80,700,"bu","13:03:29",3772300
9070,70,900,"sd","13:03:28",3771600
9070,70,100,"sd","13:03:26",3770700
9070,70,100,"sd","13:03:22",3770600
9070,70,400,"sd","13:03:17",3770500
9070,70,500,"sd","13:03:12",3770100
9070,70,100,"sd","13:03:11",3769600
9070,70,1500,"sd","13:03:06",3769500
9070,70,400,"sd","13:03:04",3768000
9070,70,2800,"sd","13:03:04",3767600
9070,70,500,"sd","13:03:04",3764800
9070,70,6700,"sd","13:03:04",3764300
9070,70,100,"sd","13:03:01",3757600
9070,70,100,"sd","13:02:58",3757500
9070,70,800,"sd","13:02:57",3757400
9070,70,1000,"bu","13:02:51",3756600
9070,70,1300,"bu","13:02:51",3755600
9070,70,100,"bu","13:02:51",3754300
9070,70,200,"bu","13:02:51",3754200
9070,70,100,"bu","13:02:43",3754000
9080,80,1000,"bu","13:02:25",3753900
9070,70,300,"bu","13:02:25",3752900
9070,70,2000,"bu","13:02:25",3752600
9070,70,1700,"bu","13:02:25",3750600
9070,70,100,"bu","13:02:21",3748900
9070,70,2000,"bu","13:02:10",3748800
9070,70,1000,"bu","13:02:08",3746800
9070,70,100,"sd","13:01:56",3745800
9070,70,600,"sd","13:01:56",3745700
9070,70,200,"sd","13:01:56",3745100
9070,70,4300,"sd","13:01:56",3744900
9070,70,1000,"sd","13:01:46",3740600
9070,70,500,"sd","13:01:42",3739600
9070,70,4200,"bu","13:01:31",3739100
9070,70,15800,"sd","13:01:17",3734900
9070,70,5000,"sd","13:00:59",3719100
9080,80,1000,"bu","13:00:53",3714100
9070,70,9200,"sd","13:00:44",3713100
9070,70,600,"sd","13:00:44",3703900
9080,80,100,"bu","13:00:29",3703300
9070,70,400,"sd","13:00:27",3703200
9060,60,500,"sd","13:00:27",3702800
9070,70,100,"sd","13:00:27",3702300
9080,80,100,"bu","13:00:24",3702200
9080,80,1400,"bu","13:00:19",3702100
9080,80,1600,"bu","13:00:19",3700700
9080,80,500,"bu","13:00:16",3699100
9060,60,500,"sd","13:00:14",3698600
9060,60,400,"sd","13:00:14",3698100
9060,60,100,"sd","13:00:14",3697700
9070,70,100,"sd","13:00:12",3697600
9070,70,1000,"sd","13:00:12",3697500
9080,80,400,"bu","13:00:11",3696500
9080,80,100,"bu","13:00:07",3696100
9080,80,400,"bu","13:00:06",3696000
9080,80,8800,"bu","13:00:06",3695600
9070,70,100,"bu","13:00:06",3686800
9070,70,4300,"bu","13:00:06",3686700
9070,70,200,"bu","13:00:04",3682400
9070,70,500,"sd","13:00:03",3682200
9070,70,1000,"sd","13:00:03",3681700
9070,70,500,"sd","13:00:03",3680700
9070,70,1000,"sd","13:00:03",3680200
9070,70,2500,"sd","13:00:03",3679200
9080,80,500,"bu","13:00:02",3676700
9070,70,500,"sd","13:00:00",3676200
9070,70,300,"sd","13:00:00",3675700
9070,70,200,"sd","13:00:00",3675400
9070,70,1000,"sd","13:00:00",3675200
9080,80,100,"bu","13:00:00",3674200
9080,80,100,"bu","11:29:32",3674100
9080,80,100,"sd","11:29:20",3674000
9080,80,6300,"sd","11:29:20",3673900
9080,80,100,"sd","11:29:20",3667600
9080,80,100,"sd","11:29:20",3667500
9080,80,14100,"sd","11:29:20",3667400
9080,80,5900,"sd","11:29:15",3653300
9080,80,14100,"sd","11:29:15",3647400
9080,80,10000,"sd","11:29:15",3633300
9080,80,5500,"sd","11:28:53",3623300
9080,80,1000,"sd","11:28:53",3617800
9080,80,500,"sd","11:28:53",3616800
9080,80,3000,"sd","11:28:53",3616300
9090,90,5000,"bu","11:28:34",3613300
9090,90,1000,"bu","11:28:24",3608300
9090,90,21700,"sd","11:28:23",3607300
9100,100,1000,"bu","11:28:22",3585600
9090,90,500,"sd","11:28:15",3584600
9090,90,1500,"sd","11:28:02",3584100
9090,90,1300,"sd","11:27:48",3582600
9090,90,500,"sd","11:27:48",3581300
9090,90,3000,"sd","11:27:48",3580800
9090,90,1000,"sd","11:27:48",3577800
9090,90,3200,"sd","11:27:48",3576800
9090,90,1500,"sd","11:27:36",3573600
9090,90,500,"sd","11:27:24",3572100
9090,90,3000,"sd","11:27:12",3571600
9090,90,1800,"sd","11:26:18",3568600
9090,90,100,"sd","11:26:18",3566800
9090,90,100,"sd","11:26:18",3566700
9100,100,200,"sd","11:26:11",3566600
9100,100,1200,"sd","11:26:11",3566400
9100,100,2500,"sd","11:26:11",3565200
9100,100,7000,"sd","11:26:11",3562700
9100,100,2000,"sd","11:26:11",3555700
9100,100,100,"sd","11:26:11",3553700
9100,100,100,"sd","11:26:11",3553600
9100,100,100,"sd","11:26:11",3553500
9100,100,500,"sd","11:26:11",3553400
9100,100,3000,"sd","11:26:11",3552900
9100,100,100,"sd","11:26:11",3549900
9100,100,1000,"sd","11:26:11",3549800
9100,100,500,"sd","11:26:11",3548800
9100,100,3000,"sd","11:26:11",3548300
9100,100,23900,"sd","11:26:11",3545300
9100,100,100,"sd","11:26:06",3521400
9100,100,100,"sd","11:26:06",3521300
9100,100,1000,"sd","11:26:06",3521200
9100,100,800,"sd","11:26:06",3520200
9110,110,6700,"bu","11:26:05",3519400
9110,110,3300,"bu","11:26:05",3512700
9100,100,500,"sd","11:25:46",3509400
9100,100,9900,"sd","11:25:37",3508900
9100,100,100,"sd","11:25:33",3499000
9100,100,7000,"sd","11:25:16",3498900
9110,110,800,"bu","11:24:35",3491900
9110,110,5900,"sd","11:23:59",3491100
9110,110,100,"bu","11:23:45",3485200
9110,110,300,"bu","11:23:45",3485100
9110,110,100,"bu","11:23:45",3484800
9110,110,7000,"bu","11:23:45",3484700
9110,110,3000,"bu","11:23:45",3477700
9110,110,500,"bu","11:23:45",3474700
9100,100,900,"sd","11:23:42",3474200
9110,110,100,"bu","11:23:39",3473300
9110,110,100,"bu","11:23:30",3473200
9110,110,600,"bu","11:22:48",3473100
9110,110,400,"bu","11:22:36",3472500
9100,100,600,"sd","11:22:34",3472100
9110,110,5800,"bu","11:22:31",3471500
9110,110,1000,"bu","11:22:26",3465700
9110,110,300,"bu","11:22:09",3464700
9110,110,1200,"sd","11:22:01",3464400
9110,110,700,"sd","11:21:45",3463200
9110,110,2000,"sd","11:21:45",3462500
9110,110,100,"sd","11:21:45",3460500
9110,110,900,"sd","11:21:45",3460400
9110,110,6300,"sd","11:21:45",3459500
9110,110,1000,"sd","11:21:42",3453200
9110,110,1000,"sd","11:21:26",3452200
9110,110,5000,"sd","11:20:38",3451200
9110,110,200,"sd","11:20:19",3446200
9110,110,500,"sd","11:20:00",3446000
9110,110,600,"sd","11:20:00",3445500
9110,110,1000,"sd","11:20:00",3444900
9110,110,300,"sd","11:19:59",3443900
9120,120,300,"bu","11:19:16",3443600
9120,120,9800,"bu","11:18:58",3443300
9120,120,10000,"bu","11:18:58",3433500
9120,120,200,"bu","11:18:58",3423500
9130,130,1300,"bu","11:18:14",3423300
9130,130,800,"bu","11:18:04",3422000
9130,130,1000,"bu","11:17:38",3421200
9130,130,100,"bu","11:17:03",3420200
9100,100,100,"sd","11:16:22",3420100
9100,100,10000,"sd","11:16:18",3420000
9100,100,500,"sd","11:15:57",3410000
9100,100,100,"bu","11:15:35",3409500
9100,100,500,"bu","11:15:35",3409400
9100,100,2000,"bu","11:15:35",3408900
9100,100,67000,"bu","11:15:35",3406900
9100,100,600,"bu","11:15:34",3339900
9100,100,400,"bu","11:15:18",3339300
9100,100,2000,"bu","11:15:16",3338900
9100,100,33400,"bu","11:15:05",3336900
9100,100,7000,"sd","11:14:38",3303500
9120,120,18000,"sd","11:14:38",3296500
9120,120,600,"bu","11:14:38",3278500
9120,120,1000,"bu","11:14:38",3277900
9100,100,1000,"bu","11:14:25",3276900
9100,100,2000,"bu","11:14:25",3275900
9100,100,900,"sd","11:14:11",3273900
9100,100,300,"sd","11:14:11",3273000
9100,100,700,"bu","11:13:50",3272700
9100,100,100,"bu","11:13:49",3272000
9100,100,200,"sd","11:13:42",3271900
9100,100,100,"sd","11:13:37",3271700
9100,100,500,"sd","11:13:37",3271600
9100,100,1000,"sd","11:13:37",3271100
9100,100,100,"sd","11:13:37",3270100
9100,100,300,"sd","11:13:37",3270000
9100,100,18000,"sd","11:13:37",3269700
9100,100,1000,"sd","11:13:37",3251700
9100,100,2000,"sd","11:13:37",3250700
9100,100,500,"sd","11:13:37",3248700
9100,100,6100,"sd","11:13:37",3248200
9100,100,300,"sd","11:13:37",3242100
9100,100,100,"sd","11:13:37",3241800
9100,100,2000,"sd","11:13:23",3241700
9110,110,400,"bu","11:13:21",3239700
9110,110,9600,"bu","11:13:21",3239300
9100,100,46200,"sd","11:13:12",3229700
9110,110,200,"sd","11:12:46",3183500
9120,120,100,"bu","11:12:44",3183300
9110,110,2800,"sd","11:12:34",3183200
9110,110,100,"sd","11:12:34",3180400
9110,110,100,"sd","11:12:34",3180300
9120,120,1300,"sd","11:11:52",3180200
9120,120,1000,"sd","11:11:35",3178900
9120,120,2700,"sd","11:11:24",3177900
9120,120,5000,"sd","11:11:24",3175200
9120,120,700,"sd","11:11:24",3170200
9120,120,100,"sd","11:11:24",3169500
9120,120,5000,"sd","11:11:24",3169400
9120,120,200,"sd","11:11:24",3164400
9120,120,300,"sd","11:11:24",3164200
9130,130,400,"bu","11:11:22",3163900
9130,130,4000,"sd","11:11:16",3163500
9140,140,200,"bu","11:10:58",3159500
9140,140,3900,"bu","11:10:45",3159300
9140,140,400,"bu","11:10:45",3155400
9140,140,1000,"bu","11:10:45",3155000
9140,140,2000,"bu","11:10:45",3154000
9140,140,2700,"bu","11:10:45",3152000
9120,120,1200,"sd","11:10:39",3149300
9120,120,700,"sd","11:10:39",3148100
9120,120,1000,"sd","11:10:39",3147400
9140,140,7300,"bu","11:10:29",3146400
9140,140,2700,"bu","11:10:29",3139100
9140,140,13400,"bu","11:10:26",3136400
9130,130,6600,"bu","11:10:26",3123000
9130,130,100,"sd","11:10:22",3116400
9130,130,200,"sd","11:10:22",3116300
9130,130,10000,"sd","11:10:22",3116100
9130,130,2000,"sd","11:10:22",3106100
9130,130,10000,"sd","11:10:22",3104100
9130,130,1000,"sd","11:10:22",3094100
9130,130,100,"sd","11:10:22",3093100
9140,140,100,"bu","11:10:17",3093000
9130,130,400,"sd","11:09:58",3092900
9130,130,400,"sd","11:09:58",3092500
9140,140,100,"bu","11:09:33",3092100
9140,140,1000,"bu","11:09:29",3092000
9140,140,2700,"bu","11:09:16",3091000
9140,140,300,"bu","11:09:16",3088300
9140,140,2000,"bu","11:09:16",3088000
9130,130,200,"sd","11:08:59",3086000
9140,140,1000,"sd","11:08:59",3085800
9140,140,700,"sd","11:08:59",3084800
9140,140,100,"sd","11:08:56",3084100
9140,140,200,"bu","11:08:41",3084000
9140,140,200,"sd","11:08:36",3083800
9140,140,800,"bu","11:08:27",3083600
9140,140,600,"bu","11:08:27",3082800
9140,140,400,"bu","11:08:27",3082200
9140,140,100,"sd","11:08:14",3081800
9140,140,100,"bu","11:07:59",3081700
9140,140,3100,"bu","11:07:59",3081600
9140,140,4100,"bu","11:07:59",3078500
9140,140,3000,"bu","11:07:56",3074400
9140,140,1100,"bu","11:07:51",3071400
9140,140,1800,"bu","11:07:32",3070300
9140,140,300,"bu","11:07:32",3068500
9140,140,1000,"bu","11:07:32",3068200
9140,140,500,"bu","11:07:32",3067200
9140,140,1400,"bu","11:07:32",3066700
9140,140,200,"bu","11:07:06",3065300
9130,130,2200,"sd","11:06:57",3065100
9140,140,100,"bu","11:06:37",3062900
9140,140,400,"bu","11:05:59",3062800
9140,140,800,"bu","11:05:37",3062400
9140,140,100,"bu","11:05:22",3061600
9130,130,400,"sd","11:05:21",3061500
9150,150,200,"bu","11:04:49",3061100
9150,150,100,"bu","11:04:38",3060900
9150,150,900,"bu","11:04:10",3060800
9150,150,100,"bu","11:04:10",3059900
9150,150,3000,"bu","11:04:08",3059800
9150,150,100,"bu","11:04:06",3056800
9150,150,200,"bu","11:04:00",3056700
9150,150,600,"bu","11:04:00",3056500
9150,150,400,"bu","11:04:00",3055900
9150,150,2000,"bu","11:04:00",3055500
9150,150,1000,"bu","11:04:00",3053500
9150,150,1800,"bu","11:04:00",3052500
9150,150,200,"bu","11:03:58",3050700
9150,150,3000,"bu","11:03:55",3050500
9150,150,7000,"bu","11:03:55",3047500
9130,130,300,"sd","11:03:52",3040500
9150,150,3000,"bu","11:03:51",3040200
9150,150,200,"bu","11:03:50",3037200
9150,150,1800,"bu","11:03:43",3037000
9150,150,200,"bu","11:03:43",3035200
9150,150,500,"bu","11:03:43",3035000
9150,150,1700,"bu","11:03:43",3034500
9150,150,10000,"bu","11:03:43",3032800
9150,150,800,"bu","11:03:43",3022800
9150,150,1000,"bu","11:03:29",3022000
9150,150,1200,"bu","11:03:15",3021000
9150,150,1000,"bu","11:03:15",3019800
9150,150,500,"bu","11:03:15",3018800
9150,150,21200,"bu","11:03:15",3018300
9150,150,5000,"bu","11:03:15",2997100
9150,150,500,"bu","11:03:15",2992100
9150,150,200,"bu","11:03:15",2991600
9150,150,5000,"bu","11:03:15",2991400
9150,150,6200,"bu","11:03:15",2986400
9150,150,2500,"bu","11:03:15",2980200
9150,150,2000,"bu","11:03:15",2977700
9150,150,1000,"bu","11:03:15",2975700
9150,150,200,"bu","11:03:15",2974700
9150,150,2000,"bu","11:03:15",2974500
9150,150,100,"bu","11:03:15",2972500
9150,150,5000,"bu","11:03:15",2972400
9150,150,1000,"bu","11:03:15",2967400
9150,150,100,"bu","11:03:15",2966400
9150,150,100,"bu","11:03:15",2966300
9150,150,100,"bu","11:03:15",2966200
9150,150,500,"bu","11:03:15",2966100
9150,150,500,"bu","11:03:15",2965600
9150,150,5000,"bu","11:03:15",2965100
9150,150,1000,"bu","11:03:15",2960100
9150,150,400,"bu","11:03:15",2959100
9150,150,5000,"bu","11:03:15",2958700
9150,150,400,"bu","11:03:15",2953700
9150,150,300,"bu","11:03:15",2953300
9150,150,1000,"bu","11:03:15",2953000
9150,150,10000,"bu","11:03:15",2952000
9150,150,3800,"bu","11:03:15",2942000
9150,150,1500,"bu","11:03:15",2938200
9150,150,2000,"bu","11:03:15",2936700
9150,150,1400,"bu","11:03:15",2934700
9150,150,1000,"bu","11:03:15",2933300
9140,140,2500,"bu","11:03:15",2932300
9150,150,100,"bu","11:03:15",2929800
9140,140,500,"bu","11:03:15",2929700
9150,150,400,"bu","11:03:15",2929200
9150,150,200,"bu","11:03:15",2928800
9150,150,100,"bu","11:03:15",2928600
9150,150,100,"bu","11:03:15",2928500
9150,150,1000,"bu","11:03:15",2928400
9150,150,5000,"bu","11:03:15",2927400
9150,150,1400,"bu","11:03:15",2922400
9150,150,500,"bu","11:02:54",2921000
9150,150,300,"bu","11:02:51",2920500
9150,150,100,"bu","11:02:51",2920200
9150,150,600,"bu","11:02:51",2920100
9150,150,1400,"bu","11:02:24",2919500
9150,150,1600,"bu","11:02:24",2918100
9140,140,100,"bu","11:02:07",2916500
9140,140,200,"bu","11:02:07",2916400
9140,140,5000,"bu","11:02:07",2916200
9140,140,100,"bu","11:02:07",2911200
9140,140,1000,"bu","11:02:07",2911100
9150,150,1400,"bu","11:02:07",2910100
9140,140,800,"bu","11:02:07",2908700
9150,150,4500,"bu","11:02:07",2907900
9130,130,400,"bu","11:02:07",2903400
9140,140,500,"bu","11:02:07",2903000
9130,130,100,"bu","11:02:07",2902500
9140,140,16000,"bu","11:02:07",2902400
9130,130,100,"bu","11:02:07",2886400
9140,140,500,"bu","11:02:07",2886300
9130,130,10000,"bu","11:02:07",2885800
9130,130,1100,"bu","11:02:07",2875800
9130,130,2300,"bu","11:02:07",2874700
9140,140,500,"bu","11:02:07",2872400
9130,130,500,"bu","11:02:07",2871900
9130,130,1000,"bu","11:02:07",2871400
9140,140,900,"bu","11:02:07",2870400
9130,130,500,"bu","11:02:07",2869500
9130,130,2000,"bu","11:02:07",2869000
9130,130,500,"bu","11:02:07",2867000
9120,120,1000,"bu","11:02:01",2866500
9120,120,2000,"bu","11:02:01",2865500
9120,120,500,"bu","11:02:01",2863500
9120,120,3000,"bu","11:02:01",2863000
9120,120,3000,"bu","11:02:01",2860000
9120,120,3900,"bu","11:02:01",2857000
9120,120,2000,"bu","11:02:01",2853100
9120,120,1000,"bu","11:02:01",2851100
9120,120,200,"bu","11:02:01",2850100
9120,120,4800,"bu","11:01:53",2849900
9120,120,4200,"bu","11:01:53",2845100
9120,120,300,"bu","11:01:12",2840900
9120,120,200,"bu","11:00:14",2840600
9120,120,1000,"bu","10:59:39",2840400
9120,120,100,"sd","10:58:33",2839400
9120,120,300,"sd","10:58:33",2839300
9120,120,23900,"sd","10:58:33",2839000
9120,120,1000,"sd","10:58:33",2815100
9120,120,200,"sd","10:57:58",2814100
9120,120,2000,"sd","10:57:08",2813900
9120,120,500,"sd","10:56:32",2811900
9120,120,1000,"bu","10:56:25",2811400
9120,120,1000,"bu","10:56:25",2810400
9120,120,15000,"bu","10:56:25",2809400
9120,120,1000,"bu","10:56:25",2794400
9120,120,2300,"bu","10:56:25",2793400
9120,120,100,"bu","10:56:25",2791100
9110,110,100,"bu","10:56:25",2791000
9110,110,1900,"bu","10:56:24",2790900
9110,110,1000,"bu","10:56:18",2789000
9110,110,300,"bu","10:56:12",2788000
9110,110,2000,"bu","10:55:58",2787700
9100,100,5000,"sd","10:55:27",2785700
9100,100,2000,"bu","10:55:12",2780700
9100,100,46800,"bu","10:55:12",2778700
9100,100,3200,"sd","10:54:41",2731900
9100,100,1800,"sd","10:54:39",2728700
9100,100,1500,"sd","10:54:39",2726900
9100,100,1000,"sd","10:54:39",2725400
9100,100,25700,"sd","10:54:39",2724400
9110,110,2800,"bu","10:54:16",2698700
9110,110,4000,"bu","10:54:16",2695900
9110,110,100,"bu","10:54:16",2691900
9100,100,1000,"sd","10:54:09",2691800
9100,100,500,"bu","10:53:40",2690800
9100,100,2800,"bu","10:53:40",2690300
9100,100,100,"bu","10:53:33",2687500
9100,100,1000,"bu","10:53:22",2687400
9100,100,4000,"bu","10:52:48",2686400
9100,100,3000,"bu","10:52:37",2682400
9100,100,100,"bu","10:52:13",2679400
9100,100,200,"bu","10:52:13",2679300
9100,100,600,"bu","10:52:13",2679100
9100,100,4000,"bu","10:52:13",2678500
9100,100,8000,"bu","10:52:13",2674500
9100,100,700,"bu","10:52:13",2666500
9100,100,2000,"bu","10:52:13",2665800
9100,100,20000,"bu","10:52:13",2663800
9100,100,3000,"bu","10:52:13",2643800
9100,100,4500,"bu","10:52:13",2640800
9090,90,1000,"bu","10:52:13",2636300
9100,100,7000,"bu","10:52:13",2635300
9100,100,100,"bu","10:52:13",2628300
9100,100,2000,"bu","10:52:13",2628200
9100,100,800,"bu","10:52:13",2626200
9090,90,400,"bu","10:52:09",2625400
9090,90,600,"sd","10:51:49",2625000
9090,90,200,"bu","10:51:47",2624400
9090,90,10000,"bu","10:51:47",2624200
9080,80,7700,"bu","10:51:47",2614200
9080,80,700,"sd","10:51:45",2606500
9080,80,1000,"sd","10:51:45",2605800
9080,80,600,"sd","10:51:45",2604800
9090,90,100,"bu","10:51:37",2604200
9090,90,100,"bu","10:51:22",2604100
9090,90,200,"bu","10:49:49",2604000
9090,90,200,"bu","10:49:35",2603800
9080,80,100,"bu","10:47:13",2603600
9080,80,19300,"bu","10:47:13",2603500
9080,80,700,"bu","10:47:06",2584200
9080,80,300,"bu","10:47:06",2583500
9060,60,400,"sd","10:46:17",2583200
9060,60,300,"sd","10:46:17",2582800
9060,60,500,"sd","10:46:17",2582500
9060,60,1800,"sd","10:46:17",2582000
9060,60,200,"sd","10:45:28",2580200
9060,60,800,"sd","10:45:28",2580000
9060,60,800,"sd","10:45:28",2579200
9060,60,1000,"sd","10:45:18",2578400
9060,60,100,"sd","10:44:02",2577400
9060,60,300,"sd","10:44:00",2577300
9060,60,100,"sd","10:44:00",2577000
9060,60,200,"sd","10:44:00",2576900
9060,60,400,"sd","10:44:00",2576700
9060,60,600,"sd","10:43:37",2576300
9050,50,1000,"sd","10:43:06",2575700
9050,50,1000,"bu","10:42:51",2574700
9050,50,14000,"bu","10:42:51",2573700
9050,50,6000,"bu","10:42:49",2559700
9050,50,4000,"bu","10:42:49",2553700
9050,50,4000,"bu","10:42:46",2549700
9050,50,600,"bu","10:42:37",2545700
9050,50,500,"bu","10:42:32",2545100
9040,40,2000,"bu","10:42:31",2544600
9040,40,2600,"bu","10:42:31",2542600
9040,40,5500,"bu","10:42:27",2540000
9040,40,1000,"bu","10:42:24",2534500
9040,40,1000,"bu","10:42:21",2533500
9040,40,100,"bu","10:42:12",2532500
9040,40,1000,"bu","10:42:04",2532400
9040,40,100,"bu","10:41:46",2531400
9040,40,100,"bu","10:41:45",2531300
9040,40,500,"bu","10:41:35",2531200
9040,40,5000,"bu","10:41:27",2530700
9040,40,1100,"bu","10:41:21",2525700
9040,40,1000,"sd","10:41:13",2524600
9040,40,500,"sd","10:41:13",2523600
9040,40,500,"sd","10:41:13",2523100
9040,40,500,"bu","10:40:54",2522600
9040,40,100,"bu","10:40:50",2522100
9040,40,400,"bu","10:40:44",2522000
9040,40,100,"bu","10:40:44",2521600
9040,40,1400,"bu","10:40:35",2521500
9040,40,600,"bu","10:40:35",2520100
9040,40,1000,"bu","10:40:28",2519500
9040,40,100,"bu","10:40:23",2518500
9040,40,1000,"bu","10:40:09",2518400
9040,40,1000,"sd","10:39:59",2517400
9040,40,6800,"sd","10:39:59",2516400
9050,50,500,"bu","10:39:51",2509600
9050,50,200,"bu","10:39:44",2509100
9050,50,300,"sd","10:39:41",2508900
9050,50,1000,"sd","10:39:41",2508600
9050,50,3000,"sd","10:39:41",2507600
9050,50,200,"sd","10:39:41",2504600
9050,50,2000,"sd","10:39:41",2504400
9050,50,3000,"sd","10:39:41",2502400
9050,50,200,"sd","10:39:41",2499400
9050,50,2000,"sd","10:39:41",2499200
9050,50,200,"sd","10:39:41",2497200
9050,50,2000,"sd","10:39:41",2497000
9050,50,5000,"sd","10:39:41",2495000
9050,50,600,"sd","10:39:41",2490000
9050,50,300,"sd","10:39:41",2489400
9050,50,400,"sd","10:39:41",2489100
9050,50,100,"sd","10:39:34",2488700
9050,50,100,"sd","10:39:34",2488600
9050,50,1000,"sd","10:39:17",2488500
9080,80,700,"bu","10:39:09",2487500
9080,80,800,"bu","10:39:09",2486800
9050,50,800,"sd","10:38:40",2486000
9050,50,1200,"sd","10:38:40",2485200
9050,50,300,"sd","10:38:40",2484000
9050,50,5700,"sd","10:38:40",2483700
9050,50,5000,"sd","10:38:40",2478000
9050,50,12100,"sd","10:38:40",2473000
9050,50,9300,"sd","10:38:35",2460900
9060,60,500,"bu","10:38:35",2451600
9060,60,3000,"sd","10:38:29",2451100
9060,60,500,"sd","10:38:29",2448100
9060,60,900,"sd","10:38:29",2447600
9060,60,4100,"sd","10:38:10",2446700
9060,60,5000,"sd","10:38:10",2442600
9060,60,200,"sd","10:38:10",2437600
9060,60,3000,"sd","10:38:10",2437400
9060,60,1000,"sd","10:38:10",2434400
9060,60,200,"sd","10:38:10",2433400
9070,70,5000,"sd","10:38:10",2433200
9070,70,500,"sd","10:38:10",2428200
9070,70,1000,"sd","10:38:10",2427700
9070,70,5000,"sd","10:38:10",2426700
9070,70,5000,"sd","10:38:10",2421700
9080,80,100,"sd","10:37:58",2416700
9080,80,300,"sd","10:37:58",2416600
9080,80,1000,"sd","10:37:58",2416300
9080,80,10000,"sd","10:37:58",2415300
9080,80,600,"sd","10:37:58",2405300
9080,80,200,"sd","10:37:58",2404700
9080,80,5000,"sd","10:37:58",2404500
9080,80,2000,"sd","10:37:58",2399500
9090,90,200,"bu","10:37:55",2397500
9080,80,600,"sd","10:37:49",2397300
9080,80,37400,"sd","10:37:39",2396700
9080,80,700,"sd","10:37:39",2359300
9080,80,1000,"sd","10:37:39",2358600
9080,80,500,"sd","10:37:39",2357600
9080,80,400,"sd","10:37:39",2357100
9090,90,100,"bu","10:37:26",2356700
9090,90,2000,"sd","10:36:49",2356600
9090,90,300,"sd","10:36:49",2354600
9090,90,1000,"sd","10:36:49",2354300
9090,90,1000,"sd","10:36:49",2353300
9090,90,500,"sd","10:36:49",2352300
9090,90,1200,"sd","10:36:49",2351800
9090,90,6300,"sd","10:36:49",2350600
9090,90,100,"sd","10:36:49",2344300
9090,90,100,"sd","10:36:49",2344200
9090,90,1000,"sd","10:36:49",2344100
9090,90,2000,"sd","10:36:49",2343100
9090,90,2000,"sd","10:36:49",2341100
9090,90,1000,"sd","10:36:49",2339100
9090,90,700,"sd","10:36:49",2338100
9090,90,1100,"sd","10:36:28",2337400
9090,90,500,"sd","10:36:23",2336300
9090,90,500,"sd","10:35:50",2335800
9100,100,200,"bu","10:35:26",2335300
9100,100,500,"sd","10:35:16",2335100
9100,100,500,"sd","10:35:16",2334600
9100,100,4300,"sd","10:35:16",2334100
9100,100,5000,"sd","10:35:07",2329800
9100,100,700,"bu","10:34:57",2324800
9100,100,2000,"sd","10:34:51",2324100
9100,100,3300,"sd","10:34:51",2322100
9100,100,1000,"sd","10:34:51",2318800
9100,100,100,"sd","10:34:51",2317800
9100,100,100,"sd","10:34:51",2317700
9100,100,500,"sd","10:34:51",2317600
9100,100,400,"sd","10:34:51",2317100
9100,100,500,"sd","10:34:51",2316700
9100,100,500,"sd","10:34:51",2316200
9100,100,900,"sd","10:34:51",2315700
9100,100,100,"sd","10:34:43",2314800
9100,100,19000,"sd","10:33:01",2314700
9100,100,1000,"sd","10:33:01",2295700
9100,100,600,"sd","10:33:01",2294700
9100,100,700,"sd","10:33:01",2294100
9100,100,2000,"sd","10:33:01",2293400
9100,100,1000,"sd","10:33:01",2291400
9100,100,100,"sd","10:33:01",2290400
9100,100,1000,"sd","10:33:01",2290300
9100,100,500,"sd","10:33:01",2289300
9100,100,1000,"sd","10:33:01",2288800
9100,100,200,"sd","10:33:01",2287800
9100,100,100,"sd","10:33:01",2287600
9100,100,100,"sd","10:33:01",2287500
9100,100,1200,"sd","10:33:01",2287400
9100,100,400,"sd","10:33:01",2286200
9100,100,10000,"sd","10:33:01",2285800
9100,100,1100,"sd","10:33:01",2275800
9110,110,400,"sd","10:33:01",2274700
9110,110,100,"sd","10:32:51",2274300
9110,110,700,"sd","10:32:44",2274200
9110,110,500,"sd","10:32:44",2273500
9110,110,200,"sd","10:32:44",2273000
9110,110,100,"sd","10:32:30",2272800
9110,110,100,"sd","10:32:28",2272700
9110,110,200,"bu","10:32:00",2272600
9110,110,400,"bu","10:32:00",2272400
9110,110,500,"sd","10:31:12",2272000
9110,110,1000,"sd","10:31:12",2271500
9110,110,300,"sd","10:31:12",2270500
9110,110,1000,"sd","10:31:12",2270200
9110,110,200,"sd","10:31:12",2269200
9110,110,600,"sd","10:31:12",2269000
9120,120,2200,"bu","10:31:03",2268400
9120,120,2800,"bu","10:31:03",2266200
9110,110,400,"sd","10:30:50",2263400
9110,110,100,"sd","10:30:50",2263000
9120,120,500,"bu","10:30:43",2262900
9120,120,500,"bu","10:30:37",2262400
9110,110,1400,"sd","10:30:16",2261900
9110,110,300,"sd","10:30:16",2260500
9110,110,300,"sd","10:30:16",2260200
9110,110,1000,"sd","10:29:53",2259900
9120,120,3500,"bu","10:29:52",2258900
9120,120,200,"bu","10:29:18",2255400
9120,120,300,"bu","10:29:06",2255200
9110,110,3000,"sd","10:28:45",2254900
9120,120,500,"sd","10:27:33",2251900
9120,120,1700,"sd","10:27:33",2251400
9120,120,300,"sd","10:27:27",2249700
9120,120,1000,"sd","10:27:27",2249400
9120,120,1000,"sd","10:27:27",2248400
9120,120,200,"sd","10:27:27",2247400
9120,120,1500,"sd","10:27:27",2247200
9120,120,2000,"sd","10:27:04",2245700
9120,120,1000,"sd","10:27:04",2243700
9130,130,700,"bu","10:26:59",2242700
9130,130,100,"bu","10:26:59",2242000
9130,130,200,"bu","10:26:59",2241900
9120,120,500,"sd","10:26:43",2241700
9120,120,500,"sd","10:26:43",2241200
9120,120,2000,"sd","10:26:21",2240700
9120,120,1000,"sd","10:26:21",2238700
9130,130,100,"bu","10:26:00",2237700
9130,130,1200,"bu","10:25:58",2237600
9130,130,1000,"bu","10:25:58",2236400
9130,130,2800,"bu","10:25:58",2235400
9130,130,500,"sd","10:25:32",2232600
9130,130,200,"sd","10:25:32",2232100
9130,130,1000,"sd","10:25:32",2231900
9130,130,200,"sd","10:25:28",2230900
9130,130,300,"sd","10:25:28",2230700
9130,130,700,"sd","10:25:08",2230400
9130,130,2300,"sd","10:25:08",2229700
9140,140,700,"bu","10:25:03",2227400
9140,140,200,"bu","10:25:03",2226700
9140,140,200,"bu","10:25:03",2226500
9130,130,3000,"sd","10:24:49",2226300
9130,130,400,"sd","10:24:44",2223300
9130,130,1000,"sd","10:24:32",2222900
9130,130,400,"sd","10:24:04",2221900
9130,130,100,"sd","10:24:04",2221500
9130,130,100,"sd","10:24:04",2221400
9130,130,1000,"sd","10:24:04",2221300
9130,130,1500,"bu","10:24:04",2220300
9130,130,200,"bu","10:23:47",2218800
9130,130,2300,"bu","10:23:39",2218600
9130,130,1300,"bu","10:23:39",2216300
9130,130,1400,"bu","10:23:39",2215000
9130,130,1000,"bu","10:23:03",2213600
9130,130,100,"sd","10:22:39",2212600
9130,130,300,"sd","10:22:39",2212500
9130,130,700,"bu","10:22:25",2212200
9130,130,300,"sd","10:22:21",2211500
9130,130,100,"bu","10:22:13",2211200
9130,130,4000,"bu","10:22:13",2211100
9130,130,5600,"bu","10:22:13",2207100
9130,130,5000,"bu","10:22:10",2201500
9130,130,20000,"bu","10:22:06",2196500
9130,130,1000,"bu","10:21:48",2176500
9130,130,1900,"bu","10:21:40",2175500
9130,130,300,"sd","10:21:39",2173600
9130,130,46200,"sd","10:21:39",2173300
9130,130,200,"sd","10:20:47",2127100
9130,130,500,"bu","10:20:38",2126900
9130,130,1000,"bu","10:20:38",2126400
9130,130,5000,"bu","10:20:38",2125400
9130,130,18000,"bu","10:20:38",2120400
9130,130,20000,"bu","10:20:38",2102400
9130,130,1000,"bu","10:20:38",2082400
9120,120,5000,"bu","10:20:38",2081400
9120,120,2000,"bu","10:20:38",2076400
9120,120,200,"bu","10:20:38",2074400
9120,120,900,"bu","10:20:38",2074200
9110,110,100,"sd","10:20:08",2073300
9120,120,100,"bu","10:19:53",2073200
9110,110,600,"sd","10:19:21",2073100
9110,110,1000,"sd","10:19:21",2072500
9110,110,5000,"sd","10:19:21",2071500
9110,110,400,"sd","10:19:21",2066500
9110,110,1500,"sd","10:19:21",2066100
9110,110,200,"sd","10:19:21",2064600
9110,110,500,"sd","10:19:21",2064400
9110,110,100,"sd","10:19:21",2063900
9110,110,700,"sd","10:19:21",2063800
9120,120,1000,"sd","10:19:21",2063100
9120,120,200,"sd","10:19:21",2062100
9120,120,500,"sd","10:19:21",2061900
9120,120,2000,"sd","10:19:14",2061400
9120,120,3000,"sd","10:18:36",2059400
9120,120,3000,"sd","10:17:59",2056400
9120,120,100,"sd","10:17:59",2053400
9120,120,300,"sd","10:17:59",2053300
9120,120,1100,"sd","10:17:59",2053000
9120,120,100,"bu","10:16:57",2051900
9120,120,1000,"sd","10:16:39",2051800
9120,120,500,"sd","10:16:39",2050800
9120,120,3000,"sd","10:16:39",2050300
9120,120,800,"sd","10:16:39",2047300
9130,130,200,"sd","10:16:24",2046500
9130,130,1000,"sd","10:15:53",2046300
9130,130,100,"sd","10:15:42",2045300
9130,130,700,"bu","10:15:39",2045200
9130,130,300,"bu","10:15:31",2044500
9130,130,100,"bu","10:15:31",2044200
9130,130,600,"bu","10:15:31",2044100
9120,120,1700,"sd","10:15:22",2043500
9130,130,200,"bu","10:15:02",2041800
9120,120,300,"sd","10:14:49",2041600
9130,130,700,"bu","10:14:33",2041300
9130,130,300,"bu","10:14:33",2040600
9130,130,1600,"bu","10:14:06",2040300
9130,130,100,"bu","10:13:54",2038700
9120,120,1200,"bu","10:13:24",2038600
9120,120,200,"bu","10:13:24",2037400
9110,110,100,"sd","10:13:22",2037200
9120,120,100,"bu","10:13:09",2037100
9120,120,100,"bu","10:13:09",2037000
9120,120,1800,"bu","10:13:09",2036900
9120,120,300,"bu","10:13:02",2035100
9110,110,2500,"sd","10:12:53",2034800
9120,120,100,"bu","10:12:49",2032300
9120,120,2800,"bu","10:12:34",2032200
9120,120,1200,"bu","10:12:34",2029400
9120,120,1000,"bu","10:12:34",2028200
9110,110,500,"sd","10:12:23",2027200
9110,110,6000,"sd","10:10:58",2026700
9110,110,1000,"bu","10:10:52",2020700
9110,110,1200,"bu","10:10:52",2019700
9110,110,800,"bu","10:10:49",2018500
9110,110,1000,"bu","10:10:49",2017700
9110,110,200,"bu","10:10:49",2016700
9100,100,2000,"sd","10:10:48",2016500
9100,100,6900,"sd","10:10:39",2014500
9100,100,100,"sd","10:10:39",2007600
9100,100,200,"sd","10:10:39",2007500
9100,100,16400,"sd","10:10:39",2007300
9100,100,300,"sd","10:10:39",1990900
9100,100,900,"sd","10:10:39",1990600
9100,100,1000,"sd","10:10:39",1989700
9100,100,4200,"sd","10:10:39",1988700
9100,100,500,"sd","10:10:28",1984500
9110,110,1000,"bu","10:10:21",1984000
9110,110,1000,"bu","10:10:06",1983000
9110,110,500,"bu","10:10:01",1982000
9110,110,200,"bu","10:09:25",1981500
9110,110,100,"bu","10:09:23",1981300
9110,110,400,"bu","10:09:23",1981200
9100,100,600,"sd","10:09:19",1980800
9100,100,200,"sd","10:09:19",1980200
9100,100,200,"sd","10:09:19",1980000
9110,110,100,"bu","10:09:02",1979800
9110,110,1500,"bu","10:08:24",1979700
9110,110,1000,"bu","10:08:24",1978200
9100,100,300,"sd","10:07:53",1977200
9100,100,3700,"sd","10:07:53",1976900
9100,100,500,"sd","10:07:50",1973200
9100,100,100,"sd","10:07:49",1972700
9100,100,3100,"sd","10:07:33",1972600
9100,100,1000,"sd","10:07:33",1969500
9100,100,2600,"sd","10:07:33",1968500
9110,110,1000,"sd","10:07:33",1965900
9110,110,500,"sd","10:07:33",1964900
9110,110,1800,"sd","10:07:33",1964400
9110,110,400,"sd","10:07:33",1962600
9110,110,1000,"sd","10:07:01",1962200
9110,110,400,"sd","10:06:52",1961200
9110,110,400,"bu","10:06:38",1960800
9110,110,600,"bu","10:06:38",1960400
9110,110,100,"bu","10:06:38",1959800
9110,110,300,"bu","10:06:38",1959700
9110,110,100,"bu","10:06:26",1959400
9110,110,1000,"bu","10:06:21",1959300
9110,110,200,"bu","10:06:19",1958300
9100,100,1000,"sd","10:06:17",1958100
9110,110,100,"bu","10:06:17",1957100
9110,110,100,"sd","10:05:56",1957000
9110,110,8300,"sd","10:05:33",1956900
9110,110,500,"sd","10:05:01",1948600
9120,120,300,"sd","10:05:01",1948100
9120,120,100,"sd","10:05:00",1947800
9120,120,500,"bu","10:05:00",1947700
9120,120,500,"bu","10:05:00",1947200
9110,110,200,"bu","10:04:30",1946700
9110,110,1000,"bu","10:04:30",1946500
9100,100,500,"sd","10:04:30",1945500
9100,100,2000,"sd","10:04:14",1945000
9100,100,1000,"unknown","10:04:05",1943000
9100,100,300,"bu","10:04:05",1942000
9100,100,1800,"bu","10:04:05",1941700
9100,100,3500,"bu","10:04:05",1939900
9100,100,5000,"bu","10:04:05",1936400
9100,100,200,"bu","10:04:05",1931400
9100,100,100,"bu","10:04:05",1931200
9100,100,200,"bu","10:04:05",1931100
9100,100,1800,"bu","10:04:05",1930900
9100,100,1000,"bu","10:03:52",1929100
9100,100,3000,"bu","10:03:39",1928100
9100,100,2000,"bu","10:03:24",1925100
9100,100,100,"bu","10:02:38",1923100
9100,100,2100,"bu","10:02:23",1923000
9100,100,1000,"bu","10:02:23",1920900
9100,100,200,"bu","10:02:23",1919900
9100,100,400,"bu","10:02:23",1919700
9100,100,2000,"bu","10:02:23",1919300
9100,100,900,"bu","10:02:23",1917300
9100,100,1000,"bu","10:02:23",1916400
9100,100,700,"bu","10:02:23",1915400
9100,100,1000,"bu","10:01:57",1914700
9100,100,2000,"bu","10:01:57",1913700
9090,90,200,"sd","10:01:52",1911700
9100,100,1300,"bu","10:01:21",1911500
9100,100,8700,"bu","10:01:21",1910200
9100,100,300,"bu","10:01:19",1901500
9100,100,500,"bu","10:00:56",1901200
9100,100,100,"bu","10:00:50",1900700
9100,100,400,"bu","10:00:41",1900600
9100,100,1600,"bu","10:00:41",1900200
9100,100,400,"bu","10:00:36",1898600
9100,100,100,"bu","10:00:36",1898200
9100,100,2400,"bu","10:00:36",1898100
9100,100,12100,"bu","10:00:36",1895700
9090,90,2000,"sd","10:00:30",1883600
9090,90,500,"sd","10:00:30",1881600
9090,90,100,"sd","10:00:11",1881100
9090,90,100,"bu","09:59:47",1881000
9090,90,3300,"bu","09:59:47",1880900
9090,90,3400,"bu","09:59:24",1877600
9090,90,10000,"sd","09:59:00",1874200
9090,90,1300,"sd","09:59:00",1864200
9090,90,1300,"sd","09:59:00",1862900
9090,90,100,"sd","09:59:00",1861600
9090,90,7000,"sd","09:59:00",1861500
9090,90,1700,"sd","09:59:00",1854500
9090,90,100,"sd","09:59:00",1852800
9090,90,100,"sd","09:59:00",1852700
9090,90,100,"sd","09:59:00",1852600
9090,90,2000,"sd","09:59:00",1852500
9090,90,5000,"sd","09:58:21",1850500
9090,90,1100,"sd","09:57:59",1845500
9100,100,100,"bu","09:57:56",1844400
9100,100,2200,"bu","09:57:50",1844300
9090,90,1000,"sd","09:57:32",1842100
9090,90,900,"sd","09:56:56",1841100
9090,90,1000,"sd","09:56:56",1840200
9090,90,1100,"sd","09:56:56",1839200
9090,90,3900,"sd","09:56:48",1838100
9090,90,700,"sd","09:56:48",1834200
9090,90,500,"sd","09:56:48",1833500
9100,100,100,"bu","09:56:38",1833000
9100,100,5000,"bu","09:56:34",1832900
9100,100,3000,"bu","09:56:23",1827900
9090,90,500,"sd","09:55:23",1824900
9080,80,1300,"sd","09:54:50",1824400
9090,90,500,"bu","09:54:48",1823100
9090,90,500,"bu","09:54:36",1822600
9080,80,5500,"sd","09:54:33",1822100
9080,80,2800,"bu","09:54:17",1816600
9080,80,1000,"bu","09:54:04",1813800
9080,80,4900,"bu","09:53:59",1812800
9080,80,10100,"bu","09:53:59",1807900
9080,80,200,"bu","09:53:55",1797800
9080,80,200,"bu","09:53:53",1797600
9080,80,200,"bu","09:53:37",1797400
9080,80,10000,"sd","09:53:34",1797200
9090,90,2000,"sd","09:53:34",1787200
9090,90,1000,"sd","09:53:34",1785200
9090,90,600,"sd","09:53:34",1784200
9100,100,300,"bu","09:53:31",1783600
9100,100,100,"bu","09:53:31",1783300
9100,100,2000,"bu","09:53:31",1783200
9100,100,100,"bu","09:53:31",1781200
9100,100,100,"bu","09:53:31",1781100
9100,100,500,"bu","09:53:31",1781000
9100,100,5000,"bu","09:53:31",1780500
9100,100,1300,"unknown","09:53:31",1775500
9100,100,3000,"sd","09:53:31",1774200
9100,100,10000,"sd","09:53:31",1771200
