"price","change","match_qtty","side","time","total_vol"
4600,400,100,"bu","14:45:01",899300
4600,400,1400,"bu","14:28:52",899200
4600,400,4000,"bu","14:28:35",897800
4600,400,100,"bu","14:22:16",893800
4600,400,2500,"bu","14:17:53",893700
4600,400,500,"bu","14:13:31",891200
4600,400,500,"bu","14:12:54",890700
4600,400,200,"bu","14:11:32",890200
4600,400,100,"bu","14:06:02",890000
4600,400,200,"bu","14:05:12",889900
4600,400,100,"bu","14:05:08",889700
4600,400,900,"bu","14:04:36",889600
4600,400,300,"bu","14:00:35",888700
4600,400,3600,"bu","14:00:28",888400
4600,400,300,"bu","14:00:07",884800
4600,400,100,"bu","13:57:04",884500
4600,400,100,"bu","13:56:11",884400
4600,400,2000,"bu","13:46:04",884300
4600,400,100,"bu","13:40:48",882300
4500,300,800,"sd","13:38:41",882200
4600,400,600,"bu","13:35:08",881400
4600,400,200,"bu","13:29:11",880800
4600,400,200,"bu","13:29:03",880600
4600,400,2000,"bu","13:28:51",880400
4600,400,400,"bu","13:28:38",878400
4600,400,3000,"bu","13:23:40",878000
4600,400,100,"bu","13:23:33",875000
4500,300,400,"unknown","13:23:06",874900
4500,300,100,"bu","13:23:00",874500
4500,300,100,"bu","13:22:46",874400
4500,300,800,"bu","13:22:27",874300
4600,400,100,"bu","13:22:26",873500
4500,300,1000,"sd","13:18:06",873400
4500,300,1200,"sd","13:13:02",872400
4500,300,300,"bu","13:10:40",871200
4600,400,7800,"bu","13:01:26",870900
4600,400,5000,"bu","13:00:53",863100
4500,300,5300,"unknown","13:00:04",858100
4500,300,800,"bu","11:16:50",852800
4500,300,1200,"unknown","11:12:54",852000
4500,300,2000,"unknown","11:07:31",850800
4500,300,2000,"sd","11:07:14",848800
4500,300,200,"sd","10:57:50",846800
4600,400,2700,"bu","10:54:32",846600
4500,300,148300,"bu","10:49:46",843900
4500,300,121700,"sd","10:49:40",695600
4500,300,800,"sd","10:48:09",573900
4500,300,1900,"sd","10:47:15",573100
4500,300,3000,"sd","10:44:11",571200
4500,300,2000,"sd","10:44:02",568200
4500,300,2700,"sd","10:40:47",566200
4500,300,2000,"sd","10:40:22",563500
4500,300,2700,"sd","10:39:58",561500
4500,300,1800,"sd","10:39:45",558800
4500,300,100,"sd","10:38:05",557000
4600,400,4000,"bu","10:38:01",556900
4600,400,300,"bu","10:37:32",552900
4500,300,4400,"bu","10:36:46",552600
4500,300,1300,"bu","10:36:36",548200
4500,300,1500,"bu","10:36:31",546900
4400,200,6500,"bu","10:35:16",545400
4400,200,1500,"bu","10:27:12",538900
4400,200,200,"bu","10:26:41",537400
4300,100,1200,"sd","10:20:52",537200
4300,100,1000,"bu","10:20:26",536000
4300,100,1000,"bu","10:18:55",535000
4200,0,150000,"unknown","10:18:36",534000
4200,0,180000,"bu","10:18:19",384000
4200,0,200000,"bu","10:18:04",204000
4300,100,1000,"bu","10:12:14",4000
4300,100,300,"bu","10:10:26",3000
4200,0,700,"bu","10:02:16",2700
4200,0,2000,"unknown","09:34:58",2000
