"price","change","match_qtty","side","time","total_vol"
12800,100,200,"bu","14:28:24",1871200
12800,100,300,"bu","14:27:53",1871000
12750,50,100,"sd","14:26:24",1870700
12750,50,100,"sd","14:25:34",1870600
12750,50,200,"sd","14:25:00",1870500
12800,100,500,"bu","14:24:57",1870300
12750,50,2000,"sd","14:24:31",1869800
12750,50,100,"sd","14:24:06",1867800
12750,50,100,"sd","14:24:01",1867700
12750,50,500,"sd","14:23:52",1867600
12750,50,500,"sd","14:23:52",1867100
12750,50,200,"sd","14:23:47",1866600
12750,50,100,"sd","14:23:36",1866400
12800,100,500,"bu","14:23:32",1866300
12750,50,1000,"sd","14:23:22",1865800
12750,50,100,"sd","14:23:07",1864800
12750,50,100,"sd","14:22:58",1864700
12750,50,300,"sd","14:22:53",1864600
12750,50,1000,"sd","14:22:47",1864300
12750,50,1000,"sd","14:22:44",1863300
12750,50,1200,"sd","14:22:39",1862300
12750,50,500,"sd","14:22:31",1861100
12750,50,500,"sd","14:22:28",1860600
12750,50,3100,"unknown","14:22:23",1860100
12750,50,4200,"unknown","14:22:20",1857000
12750,50,400,"unknown","14:22:17",1852800
12750,50,800,"sd","14:22:11",1852400
12750,50,1000,"sd","14:22:11",1851600
12750,50,800,"sd","14:22:06",1850600
12750,50,200,"sd","14:20:15",1849800
12750,50,500,"sd","14:20:15",1849600
12750,50,200,"sd","14:20:15",1849100
12750,50,500,"sd","14:20:15",1848900
12750,50,4000,"sd","14:20:13",1848400
12750,50,100,"sd","14:20:12",1844400
12750,50,2500,"sd","14:20:12",1844300
12750,50,500,"sd","14:18:57",1841800
12750,50,1000,"sd","14:18:57",1841300
12750,50,1000,"sd","14:18:49",1840300
12750,50,100,"sd","14:18:30",1839300
12750,50,1000,"sd","14:18:30",1839200
12750,50,3900,"sd","14:18:30",1838200
12750,50,1500,"sd","14:18:14",1834300
12750,50,4000,"sd","14:17:53",1832800
12750,50,500,"sd","14:17:29",1828800
12750,50,500,"sd","14:17:29",1828300
12800,100,500,"bu","14:16:19",1827800
12800,100,1000,"bu","14:15:00",1827300
12800,100,500,"bu","14:15:00",1826300
12800,100,500,"bu","14:14:29",1825800
12800,100,600,"bu","14:14:29",1825300
12800,100,1000,"bu","14:14:29",1824700
12800,100,900,"bu","14:14:29",1823700
12750,50,100,"sd","14:14:04",1822800
12750,50,400,"sd","14:14:00",1822700
12750,50,3000,"sd","14:13:49",1822300
12800,100,100,"bu","14:13:49",1819300
12750,50,800,"sd","14:12:18",1819200
12750,50,100,"sd","14:12:18",1818400
12750,50,100,"sd","14:12:18",1818300
12750,50,1900,"bu","14:12:02",1818200
12750,50,2100,"bu","14:12:02",1816300
12750,50,100,"bu","14:11:36",1814200
12750,50,100,"bu","14:11:06",1814100
12750,50,100,"bu","14:10:31",1814000
12750,50,2600,"sd","14:10:12",1813900
12750,50,4000,"sd","14:10:11",1811300
12750,50,300,"bu","14:10:06",1807300
12750,50,400,"bu","14:10:06",1807000
12750,50,2300,"bu","14:10:06",1806600
12750,50,1500,"bu","14:10:06",1804300
12750,50,2000,"bu","14:10:06",1802800
12750,50,1000,"bu","14:10:06",1800800
12750,50,500,"bu","14:10:06",1799800
12750,50,500,"bu","14:10:06",1799300
12750,50,1800,"bu","14:10:06",1798800
12750,50,1200,"bu","14:09:48",1797000
12750,50,200,"bu","14:09:48",1795800
12750,50,600,"bu","14:09:48",1795600
12750,50,2400,"bu","14:09:16",1795000
12750,50,600,"bu","14:09:16",1792600
12750,50,10000,"bu","14:08:27",1792000
12750,50,4000,"bu","14:08:27",1782000
12750,50,1000,"bu","14:08:27",1778000
12750,50,1000,"bu","14:08:27",1777000
12700,0,900,"sd","14:08:06",1776000
12700,0,400,"sd","14:07:38",1775100
12700,0,700,"bu","14:06:43",1774700
12700,0,200,"bu","14:06:43",1774000
12700,0,100,"bu","14:06:33",1773800
12700,0,2000,"bu","14:06:33",1773700
12700,0,900,"bu","14:06:33",1771700
12700,0,100,"sd","14:06:08",1770800
12700,0,900,"sd","14:06:08",1770700
12700,0,2500,"sd","14:06:07",1769800
12700,0,1000,"sd","14:06:01",1767300
12700,0,1600,"sd","14:05:59",1766300
12700,0,900,"sd","14:05:59",1764700
12700,0,1000,"sd","14:05:59",1763800
12700,0,100,"sd","14:05:59",1762800
12700,0,400,"sd","14:05:59",1762700
12700,0,100,"sd","14:05:47",1762300
12700,0,800,"sd","14:05:47",1762200
12700,0,100,"sd","14:05:47",1761400
12700,0,2000,"sd","14:05:47",1761300
12700,0,300,"sd","14:05:47",1759300
12700,0,100,"sd","14:05:47",1759000
12700,0,200,"sd","14:05:47",1758900
12700,0,900,"sd","14:05:47",1758700
12700,0,1100,"sd","14:05:15",1757800
12700,0,1000,"sd","14:05:15",1756700
12700,0,1000,"sd","14:05:15",1755700
12700,0,5000,"sd","14:05:15",1754700
12700,0,100,"sd","14:05:15",1749700
12700,0,300,"sd","14:05:15",1749600
12700,0,300,"sd","14:05:15",1749300
12700,0,1000,"sd","14:05:15",1749000
12700,0,100,"sd","14:05:15",1748000
12700,0,100,"sd","14:05:15",1747900
12700,0,900,"sd","14:04:17",1747800
12700,0,100,"sd","14:04:17",1746900
12700,0,100,"sd","14:04:17",1746800
12700,0,2900,"sd","14:04:17",1746700
12700,0,500,"sd","14:03:03",1743800
12700,0,600,"sd","14:02:36",1743300
12700,0,300,"bu","14:01:28",1742700
12700,0,100,"bu","14:01:28",1742400
12700,0,600,"bu","14:01:28",1742300
12700,0,100,"bu","14:01:26",1741700
12700,0,100,"bu","14:01:22",1741600
12700,0,500,"bu","14:01:20",1741500
12700,0,200,"bu","14:01:18",1741000
12700,0,800,"bu","14:01:18",1740800
12700,0,200,"bu","14:01:18",1740000
12700,0,100,"bu","14:01:18",1739800
12700,0,300,"bu","14:01:15",1739700
12700,0,600,"bu","14:01:14",1739400
12700,0,400,"bu","14:01:14",1738800
12700,0,2800,"bu","14:01:07",1738400
12700,0,100,"bu","14:00:51",1735600
12700,0,500,"bu","14:00:40",1735500
12700,0,500,"bu","14:00:35",1735000
12700,0,700,"bu","14:00:33",1734500
12700,0,2300,"bu","14:00:33",1733800
12700,0,800,"bu","14:00:31",1731500
12700,0,5000,"bu","14:00:23",1730700
12700,0,1000,"bu","14:00:23",1725700
12700,0,900,"bu","14:00:22",1724700
12700,0,400,"bu","14:00:22",1723800
12700,0,200,"bu","14:00:22",1723400
12700,0,200,"bu","14:00:22",1723200
12700,0,300,"bu","14:00:22",1723000
12650,-50,400,"sd","14:00:22",1722700
12700,0,200,"bu","14:00:22",1722300
12700,0,500,"bu","14:00:22",1722100
12700,0,300,"bu","14:00:22",1721600
12700,0,2200,"bu","14:00:12",1721300
12700,0,1000,"bu","14:00:12",1719100
12700,0,1800,"bu","14:00:12",1718100
12700,0,400,"bu","14:00:08",1716300
12700,0,900,"bu","14:00:01",1715900
12700,0,500,"bu","13:59:56",1715000
12700,0,4000,"bu","13:59:56",1714500
12700,0,1000,"bu","13:59:56",1710500
12700,0,1000,"bu","13:59:46",1709500
12650,-50,200,"sd","13:59:44",1708500
12700,0,500,"bu","13:59:43",1708300
12650,-50,200,"sd","13:59:16",1707800
12650,-50,500,"sd","13:58:53",1707600
12650,-50,500,"sd","13:58:52",1707100
12700,0,500,"bu","13:58:43",1706600
12650,-50,100,"sd","13:58:39",1706100
12650,-50,2000,"sd","13:58:32",1706000
12700,0,800,"bu","13:58:27",1704000
12700,0,100,"bu","13:58:24",1703200
12650,-50,2800,"sd","13:58:22",1703100
12700,0,1000,"bu","13:58:10",1700300
12650,-50,2000,"sd","13:57:11",1699300
12650,-50,300,"sd","13:57:05",1697300
12650,-50,12100,"sd","13:56:24",1697000
12650,-50,500,"sd","13:56:24",1684900
12650,-50,500,"sd","13:56:24",1684400
12650,-50,300,"sd","13:56:24",1683900
12650,-50,200,"sd","13:56:24",1683600
12650,-50,500,"sd","13:56:24",1683400
12650,-50,500,"sd","13:56:24",1682900
12650,-50,3000,"sd","13:56:24",1682400
12650,-50,1000,"sd","13:56:24",1679400
12650,-50,400,"sd","13:56:24",1678400
12650,-50,100,"sd","13:56:24",1678000
12650,-50,5000,"sd","13:56:24",1677900
12650,-50,1000,"sd","13:56:24",1672900
12650,-50,1000,"sd","13:56:24",1671900
12650,-50,100,"sd","13:56:24",1670900
12650,-50,2000,"sd","13:56:24",1670800
12650,-50,3000,"sd","13:56:24",1668800
12650,-50,400,"sd","13:56:24",1665800
12650,-50,200,"sd","13:56:24",1665400
12650,-50,1000,"sd","13:56:24",1665200
12650,-50,4000,"sd","13:56:24",1664200
12650,-50,1000,"sd","13:56:24",1660200
12650,-50,700,"sd","13:56:24",1659200
12650,-50,100,"sd","13:56:24",1658500
12650,-50,200,"sd","13:56:24",1658400
12650,-50,3000,"sd","13:56:24",1658200
12650,-50,3200,"sd","13:56:24",1655200
12650,-50,800,"sd","13:56:16",1652000
12700,0,500,"bu","13:56:07",1651200
12700,0,500,"bu","13:56:00",1650700
12700,0,100,"bu","13:55:40",1650200
12700,0,1500,"bu","13:54:45",1650100
12700,0,1000,"bu","13:54:45",1648600
12700,0,1300,"bu","13:54:45",1647600
12700,0,200,"bu","13:54:45",1646300
12700,0,1000,"bu","13:54:45",1646100
12700,0,4000,"bu","13:54:45",1645100
12700,0,200,"bu","13:54:45",1641100
12700,0,200,"bu","13:54:45",1640900
12700,0,200,"bu","13:54:45",1640700
12700,0,1000,"bu","13:54:45",1640500
12700,0,500,"bu","13:54:45",1639500
12700,0,1000,"bu","13:54:45",1639000
12700,0,700,"bu","13:54:45",1638000
12700,0,10300,"bu","13:54:45",1637300
12700,0,100,"bu","13:54:45",1627000
12700,0,500,"bu","13:54:45",1626900
12700,0,500,"bu","13:54:45",1626400
12700,0,1200,"bu","13:54:45",1625900
12700,0,300,"bu","13:54:45",1624700
12700,0,2500,"bu","13:54:45",1624400
12700,0,2000,"bu","13:54:45",1621900
12700,0,500,"bu","13:54:45",1619900
12700,0,600,"bu","13:54:45",1619400
12700,0,1000,"bu","13:54:45",1618800
12700,0,1500,"bu","13:54:45",1617800
12700,0,100,"bu","13:54:45",1616300
12700,0,1400,"bu","13:54:45",1616200
12700,0,100,"bu","13:54:45",1614800
12700,0,1500,"bu","13:54:45",1614700
12700,0,100,"bu","13:54:45",1613200
12700,0,500,"bu","13:54:45",1613100
12700,0,2700,"bu","13:54:45",1612600
12700,0,700,"bu","13:54:45",1609900
12700,0,3200,"bu","13:54:45",1609200
12700,0,100,"bu","13:54:45",1606000
12700,0,500,"bu","13:54:45",1605900
12700,0,1000,"bu","13:54:45",1605400
12700,0,2600,"bu","13:54:45",1604400
12700,0,100,"bu","13:54:45",1601800
12700,0,4100,"bu","13:54:45",1601700
12700,0,300,"bu","13:54:45",1597600
12700,0,1200,"bu","13:54:45",1597300
12700,0,2300,"bu","13:54:45",1596100
12700,0,1700,"bu","13:54:45",1593800
12700,0,1100,"bu","13:54:44",1592100
12700,0,500,"bu","13:54:44",1591000
12700,0,1500,"bu","13:54:44",1590500
12700,0,1500,"bu","13:54:44",1589000
12700,0,5000,"bu","13:54:44",1587500
12700,0,9500,"bu","13:54:44",1582500
12700,0,100,"bu","13:54:44",1573000
12700,0,1400,"bu","13:54:44",1572900
12700,0,100,"sd","13:54:43",1571500
12700,0,5000,"sd","13:54:43",1571400
12700,0,1000,"sd","13:54:43",1566400
12700,0,100,"sd","13:54:43",1565400
12700,0,100,"sd","13:54:43",1565300
12700,0,1500,"sd","13:54:43",1565200
12700,0,100,"sd","13:54:37",1563700
12700,0,2000,"sd","13:54:37",1563600
12700,0,100,"sd","13:54:37",1561600
12700,0,2000,"sd","13:54:37",1561500
12700,0,2500,"sd","13:54:37",1559500
12700,0,5300,"sd","13:54:37",1557000
12700,0,1200,"sd","13:54:35",1551700
12700,0,13500,"sd","13:54:25",1550500
12700,0,300,"sd","13:54:25",1537000
12700,0,100,"sd","13:54:25",1536700
12700,0,1000,"sd","13:54:25",1536600
12700,0,100,"sd","13:54:25",1535600
12700,0,200,"sd","13:54:25",1535500
12700,0,200,"sd","13:54:25",1535300
12700,0,1000,"sd","13:54:25",1535100
12700,0,100,"sd","13:54:25",1534100
12700,0,1000,"sd","13:54:25",1534000
12700,0,1000,"sd","13:54:25",1533000
12700,0,200,"sd","13:54:25",1532000
12700,0,1000,"sd","13:54:25",1531800
12700,0,200,"sd","13:54:25",1530800
12700,0,400,"sd","13:54:25",1530600
12700,0,3000,"sd","13:54:25",1530200
12700,0,300,"sd","13:54:25",1527200
12700,0,100,"sd","13:54:25",1526900
12700,0,400,"sd","13:54:25",1526800
12700,0,1000,"sd","13:54:25",1526400
12700,0,1000,"sd","13:54:25",1525400
12700,0,200,"sd","13:54:25",1524400
12700,0,100,"sd","13:54:25",1524200
12700,0,500,"sd","13:54:25",1524100
12700,0,3100,"sd","13:54:25",1523600
12700,0,500,"sd","13:54:21",1520500
12700,0,700,"sd","13:54:21",1520000
12700,0,700,"sd","13:54:12",1519300
12700,0,300,"sd","13:54:12",1518600
12700,0,500,"sd","13:54:08",1518300
12700,0,800,"sd","13:54:08",1517800
12700,0,100,"sd","13:54:08",1517000
12700,0,500,"sd","13:54:08",1516900
12700,0,500,"sd","13:54:08",1516400
12700,0,500,"sd","13:54:08",1515900
12700,0,2000,"sd","13:54:08",1515400
12700,0,20000,"sd","13:54:08",1513400
12700,0,1000,"sd","13:54:08",1493400
12700,0,700,"sd","13:54:08",1492400
12700,0,100,"sd","13:54:08",1491700
12700,0,400,"sd","13:54:08",1491600
12700,0,100,"sd","13:54:08",1491200
12700,0,300,"sd","13:54:08",1491100
12700,0,600,"sd","13:54:08",1490800
12700,0,1100,"sd","13:54:08",1490200
12700,0,200,"sd","13:54:07",1489100
12700,0,100,"sd","13:54:07",1488900
12700,0,2400,"sd","13:54:07",1488800
12700,0,100,"sd","13:54:06",1486400
12700,0,400,"sd","13:53:52",1486300
12700,0,100,"sd","13:53:52",1485900
12700,0,900,"sd","13:53:43",1485800
12700,0,5100,"sd","13:53:43",1484900
12700,0,1000,"sd","13:53:38",1479800
12700,0,200,"sd","13:53:32",1478800
12700,0,100,"sd","13:53:32",1478600
12700,0,500,"sd","13:53:32",1478500
12700,0,200,"sd","13:53:32",1478000
12700,0,1000,"sd","13:53:17",1477800
12700,0,100,"sd","13:52:42",1476800
12700,0,500,"sd","13:52:33",1476700
12700,0,200,"sd","13:52:27",1476200
12700,0,800,"sd","13:52:27",1476000
12700,0,500,"sd","13:52:16",1475200
12700,0,500,"sd","13:52:16",1474700
12700,0,100,"sd","13:51:57",1474200
12700,0,2000,"sd","13:51:57",1474100
12700,0,400,"sd","13:51:57",1472100
12700,0,600,"sd","13:51:57",1471700
12700,0,200,"sd","13:51:57",1471100
12700,0,1000,"sd","13:51:57",1470900
12700,0,200,"sd","13:51:57",1469900
12700,0,500,"sd","13:51:57",1469700
12700,0,9000,"sd","13:51:57",1469200
12700,0,1000,"sd","13:51:57",1460200
12700,0,5000,"sd","13:51:57",1459200
12700,0,5000,"sd","13:51:57",1454200
12700,0,100,"sd","13:51:47",1449200
12700,0,100,"sd","13:51:12",1449100
12700,0,900,"sd","13:51:12",1449000
12700,0,200,"sd","13:50:57",1448100
12700,0,1000,"sd","13:50:53",1447900
12750,50,100,"bu","13:50:53",1446900
12750,50,200,"bu","13:50:21",1446800
12700,0,100,"sd","13:49:36",1446600
12700,0,1000,"sd","13:49:33",1446500
12750,50,1000,"bu","13:48:59",1445500
12750,50,100,"bu","13:48:43",1444500
12750,50,200,"bu","13:48:13",1444400
12750,50,4600,"bu","13:47:59",1444200
12750,50,100,"bu","13:47:55",1439600
12750,50,900,"bu","13:47:36",1439500
12750,50,1000,"bu","13:47:36",1438600
12750,50,100,"bu","13:47:36",1437600
12750,50,500,"bu","13:47:36",1437500
12750,50,2000,"bu","13:47:32",1437000
12750,50,1900,"bu","13:47:31",1435000
12750,50,5600,"bu","13:47:06",1433100
12750,50,4000,"bu","13:47:06",1427500
12750,50,400,"bu","13:47:06",1423500
12700,0,1000,"sd","13:46:47",1423100
12700,0,5800,"sd","13:46:44",1422100
12700,0,1000,"sd","13:46:44",1416300
12700,0,600,"sd","13:46:44",1415300
12700,0,10000,"sd","13:46:44",1414700
12700,0,3000,"sd","13:46:44",1404700
12700,0,100,"sd","13:46:44",1401700
12700,0,1000,"sd","13:46:44",1401600
12700,0,500,"sd","13:46:44",1400600
12700,0,100,"sd","13:46:44",1400100
12700,0,7900,"sd","13:46:44",1400000
12750,50,400,"bu","13:46:40",1392100
12750,50,200,"bu","13:46:35",1391700
12750,50,100,"bu","13:46:35",1391500
12750,50,100,"bu","13:46:35",1391400
12750,50,100,"bu","13:46:35",1391300
12700,0,1000,"sd","13:45:24",1391200
12700,0,500,"sd","13:45:15",1390200
12750,50,100,"bu","13:44:40",1389700
12700,0,1000,"sd","13:44:39",1389600
12750,50,100,"sd","13:44:38",1388600
12750,50,900,"sd","13:44:33",1388500
12750,50,100,"sd","13:44:33",1387600
12750,50,1000,"sd","13:44:28",1387500
12750,50,700,"sd","13:44:18",1386500
12750,50,200,"sd","13:44:04",1385800
12700,0,1700,"sd","13:43:24",1385600
12750,50,6100,"sd","13:43:24",1383900
12750,50,200,"sd","13:43:23",1377800
12750,50,800,"sd","13:43:23",1377600
12750,50,500,"sd","13:43:20",1376800
12750,50,100,"sd","13:43:20",1376300
12750,50,200,"sd","13:43:19",1376200
12750,50,100,"sd","13:43:03",1376000
12750,50,300,"bu","13:43:03",1375900
12750,50,200,"bu","13:43:01",1375600
12750,50,600,"bu","13:42:58",1375400
12750,50,300,"bu","13:42:57",1374800
12750,50,100,"bu","13:42:55",1374500
12750,50,100,"bu","13:42:53",1374400
12750,50,900,"bu","13:42:50",1374300
12750,50,100,"bu","13:42:50",1373400
12750,50,400,"bu","13:42:50",1373300
12700,0,100,"sd","13:42:48",1372900
12750,50,400,"bu","13:42:45",1372800
12750,50,1000,"bu","13:42:45",1372400
12750,50,1000,"bu","13:42:45",1371400
12750,50,500,"bu","13:42:45",1370400
12750,50,2800,"bu","13:42:45",1369900
12750,50,500,"bu","13:42:45",1367100
12750,50,1500,"bu","13:42:45",1366600
12750,50,100,"bu","13:42:45",1365100
12750,50,1100,"bu","13:42:45",1365000
12750,50,100,"bu","13:42:45",1363900
12750,50,100,"bu","13:42:45",1363800
12750,50,7000,"bu","13:42:38",1363700
12750,50,100,"bu","13:42:35",1356700
12750,50,5000,"bu","13:42:23",1356600
12750,50,1000,"bu","13:42:06",1351600
12750,50,500,"bu","13:41:52",1350600
12750,50,1000,"bu","13:41:39",1350100
12750,50,2000,"bu","13:41:34",1349100
12750,50,1000,"bu","13:41:34",1347100
12750,50,500,"bu","13:41:09",1346100
12700,0,3000,"sd","13:41:02",1345600
12750,50,3000,"bu","13:40:58",1342600
12750,50,2300,"bu","13:40:53",1339600
12750,50,300,"bu","13:40:35",1337300
12750,50,300,"bu","13:40:29",1337000
12750,50,1000,"bu","13:40:27",1336700
12750,50,1500,"bu","13:40:27",1335700
12750,50,100,"bu","13:40:11",1334200
12750,50,900,"bu","13:40:03",1334100
12750,50,1000,"bu","13:39:58",1333200
12750,50,500,"bu","13:39:58",1332200
12750,50,300,"bu","13:39:58",1331700
12750,50,700,"bu","13:39:54",1331400
12750,50,300,"bu","13:39:54",1330700
12750,50,200,"bu","13:39:39",1330400
12750,50,6200,"bu","13:39:23",1330200
12750,50,500,"bu","13:38:11",1324000
12750,50,100,"bu","13:37:26",1323500
12700,0,500,"sd","13:37:16",1323400
12700,0,5000,"sd","13:37:02",1322900
12750,50,500,"bu","13:36:55",1317900
12700,0,1200,"sd","13:36:36",1317400
12700,0,1000,"sd","13:36:26",1316200
12700,0,1300,"sd","13:36:17",1315200
12700,0,6000,"sd","13:36:02",1313900
12700,0,2000,"sd","13:34:55",1307900
12750,50,1000,"bu","13:34:52",1305900
12750,50,100,"bu","13:34:49",1304900
12750,50,300,"bu","13:34:18",1304800
12700,0,5000,"sd","13:33:38",1304500
12700,0,100,"sd","13:33:02",1299500
12700,0,10000,"sd","13:32:53",1299400
12700,0,1000,"sd","13:32:00",1289400
12700,0,1000,"sd","13:31:53",1288400
12750,50,15000,"bu","13:31:47",1287400
12700,0,700,"sd","13:31:21",1272400
12700,0,200,"sd","13:31:21",1271700
12700,0,1000,"sd","13:31:21",1271500
12700,0,100,"sd","13:31:21",1270500
12700,0,3000,"sd","13:31:21",1270400
12700,0,1000,"sd","13:31:21",1267400
12700,0,1000,"sd","13:31:21",1266400
12750,50,300,"bu","13:30:51",1265400
12700,0,700,"sd","13:30:51",1265100
12700,0,200,"sd","13:30:51",1264400
12700,0,2000,"sd","13:29:50",1264200
12750,50,300,"bu","13:29:21",1262200
12700,0,800,"sd","13:29:14",1261900
12700,0,2000,"sd","13:29:14",1261100
12700,0,100,"sd","13:29:14",1259100
12700,0,100,"sd","13:29:00",1259000
12700,0,200,"sd","13:29:00",1258900
12700,0,200,"sd","13:29:00",1258700
12700,0,100,"sd","13:29:00",1258500
12700,0,1600,"sd","13:29:00",1258400
12700,0,1100,"sd","13:28:46",1256800
12700,0,300,"sd","13:28:41",1255700
12700,0,500,"sd","13:28:41",1255400
12700,0,400,"sd","13:28:41",1254900
12700,0,800,"sd","13:28:41",1254500
12750,50,200,"bu","13:27:59",1253700
12750,50,100,"bu","13:27:44",1253500
12750,50,1000,"bu","13:27:27",1253400
12750,50,200,"bu","13:27:05",1252400
12750,50,1000,"bu","13:26:47",1252200
12750,50,100,"bu","13:26:33",1251200
12750,50,1000,"bu","13:26:18",1251100
12750,50,1600,"bu","13:26:17",1250100
12750,50,200,"bu","13:26:17",1248500
12750,50,1000,"bu","13:26:17",1248300
12750,50,100,"bu","13:26:17",1247300
12750,50,1000,"bu","13:26:17",1247200
12750,50,600,"bu","13:26:17",1246200
12750,50,400,"bu","13:26:17",1245600
12750,50,100,"bu","13:26:17",1245200
12750,50,200,"bu","13:26:15",1245100
12750,50,400,"bu","13:26:15",1244900
12750,50,200,"bu","13:26:13",1244500
12750,50,300,"bu","13:25:58",1244300
12750,50,500,"bu","13:25:56",1244000
12750,50,200,"bu","13:25:48",1243500
12750,50,100,"bu","13:25:40",1243300
12750,50,500,"bu","13:25:37",1243200
12750,50,200,"bu","13:25:37",1242700
12750,50,100,"bu","13:25:37",1242500
12750,50,2000,"bu","13:25:37",1242400
12750,50,1000,"bu","13:25:37",1240400
12750,50,4000,"bu","13:25:37",1239400
12750,50,6700,"bu","13:25:37",1235400
12750,50,13300,"bu","13:25:37",1228700
12750,50,1700,"bu","13:25:29",1215400
12700,0,1200,"sd","13:25:28",1213700
12700,0,100,"sd","13:25:28",1212500
12700,0,2800,"sd","13:25:28",1212400
12700,0,19700,"sd","13:25:18",1209600
12700,0,200,"sd","13:25:03",1189900
12750,50,100,"bu","13:24:40",1189700
12750,50,100,"bu","13:24:28",1189600
12700,0,200,"sd","13:24:22",1189500
12750,50,100,"bu","13:23:58",1189300
12750,50,200,"bu","13:23:44",1189200
12750,50,100,"bu","13:23:40",1189000
12750,50,100,"bu","13:23:15",1188900
12700,0,100,"sd","13:23:06",1188800
12750,50,900,"bu","13:22:51",1188700
12750,50,1000,"bu","13:22:51",1187800
12750,50,100,"bu","13:22:51",1186800
12750,50,100,"bu","13:22:19",1186700
12750,50,100,"bu","13:21:48",1186600
12700,0,300,"sd","13:21:46",1186500
12750,50,1000,"bu","13:21:34",1186200
12750,50,200,"sd","13:21:29",1185200
12750,50,1800,"sd","13:21:11",1185000
12750,50,1200,"sd","13:21:11",1183200
12750,50,600,"sd","13:21:06",1182000
12750,50,500,"sd","13:21:06",1181400
12750,50,100,"sd","13:21:06",1180900
12750,50,2800,"bu","13:20:38",1180800
12750,50,100,"bu","13:20:27",1178000
12750,50,2000,"bu","13:20:24",1177900
12750,50,2000,"bu","13:20:23",1175900
12750,50,1000,"bu","13:20:18",1173900
12750,50,2000,"sd","13:20:08",1172900
12750,50,100,"sd","13:20:08",1170900
12750,50,200,"sd","13:20:08",1170800
12750,50,200,"sd","13:20:08",1170600
12750,50,2000,"sd","13:20:08",1170400
12750,50,200,"sd","13:20:08",1168400
12750,50,1000,"sd","13:20:08",1168200
12750,50,600,"sd","13:20:08",1167200
12750,50,1000,"sd","13:20:08",1166600
12750,50,5000,"sd","13:20:08",1165600
12750,50,3000,"sd","13:20:08",1160600
12750,50,8400,"sd","13:20:08",1157600
12750,50,100,"sd","13:19:49",1149200
12750,50,2000,"sd","13:19:02",1149100
12750,50,400,"sd","13:18:35",1147100
12750,50,10000,"sd","13:18:08",1146700
12750,50,300,"sd","13:18:06",1136700
12750,50,1800,"sd","13:18:06",1136400
12750,50,100,"bu","13:18:04",1134600
12750,50,2900,"bu","13:18:04",1134500
12750,50,2900,"bu","13:18:03",1131600
12750,50,300,"bu","13:18:03",1128700
12750,50,1800,"bu","13:18:03",1128400
12750,50,5000,"bu","13:17:59",1126600
12750,50,100,"bu","13:17:48",1121600
12750,50,200,"bu","13:17:43",1121500
12700,0,2000,"sd","13:17:41",1121300
12750,50,1700,"bu","13:17:37",1119300
12750,50,1000,"bu","13:17:37",1117600
12750,50,1400,"bu","13:17:37",1116600
12750,50,100,"bu","13:17:35",1115200
12700,0,5000,"sd","13:17:24",1115100
12750,50,900,"bu","13:17:20",1110100
12750,50,600,"bu","13:17:20",1109200
12750,50,2000,"bu","13:16:52",1108600
12750,50,200,"bu","13:16:49",1106600
12750,50,2000,"bu","13:16:26",1106400
12750,50,100,"bu","13:16:23",1104400
12750,50,100,"bu","13:16:13",1104300
12700,0,600,"sd","13:15:59",1104200
12750,50,700,"sd","13:15:59",1103600
12750,50,200,"sd","13:15:59",1102900
12750,50,100,"sd","13:15:15",1102700
12750,50,1400,"sd","13:15:15",1102600
12750,50,600,"sd","13:14:48",1101200
12750,50,200,"sd","13:14:48",1100600
12750,50,2800,"sd","13:14:48",1100400
12750,50,1500,"sd","13:14:48",1097600
12750,50,1000,"sd","13:14:48",1096100
12750,50,100,"sd","13:14:48",1095100
12750,50,3800,"sd","13:14:48",1095000
12750,50,200,"sd","13:14:14",1091200
12750,50,2000,"sd","13:14:14",1091000
12750,50,1500,"sd","13:14:14",1089000
12750,50,1000,"sd","13:13:47",1087500
12750,50,5500,"sd","13:13:44",1086500
12750,50,200,"sd","13:12:34",1081000
12750,50,1000,"sd","13:12:32",1080800
12800,100,300,"bu","13:12:32",1079800
12750,50,100,"sd","13:12:21",1079500
12750,50,200,"sd","13:12:16",1079400
12800,100,1000,"bu","13:12:06",1079200
12750,50,10500,"sd","13:11:55",1078200
12750,50,300,"sd","13:11:55",1067700
12750,50,100,"sd","13:11:55",1067400
12750,50,500,"sd","13:11:55",1067300
12750,50,10000,"sd","13:11:55",1066800
12750,50,5000,"sd","13:11:55",1056800
12750,50,1000,"sd","13:11:55",1051800
12750,50,900,"sd","13:11:55",1050800
12750,50,500,"sd","13:11:55",1049900
12750,50,1200,"sd","13:11:55",1049400
12750,50,300,"sd","13:10:49",1048200
12750,50,1500,"sd","13:10:24",1047900
12750,50,3500,"sd","13:10:24",1046400
12800,100,100,"bu","13:10:15",1042900
12750,50,1000,"sd","13:09:10",1042800
12750,50,7500,"bu","13:09:04",1041800
12750,50,500,"bu","13:08:53",1034300
12750,50,100,"bu","13:08:52",1033800
12750,50,600,"bu","13:08:50",1033700
12750,50,1000,"bu","13:08:50",1033100
12750,50,400,"bu","13:08:50",1032100
12750,50,1500,"bu","13:08:42",1031700
12750,50,500,"bu","13:08:39",1030200
12750,50,500,"bu","13:08:19",1029700
12750,50,500,"bu","13:08:06",1029200
12700,0,5000,"sd","13:08:02",1028700
12750,50,600,"bu","13:07:57",1023700
12750,50,400,"bu","13:07:57",1023100
12700,0,3000,"sd","13:07:54",1022700
12750,50,600,"bu","13:07:53",1019700
12750,50,1000,"bu","13:07:53",1019100
12750,50,400,"bu","13:07:53",1018100
12750,50,700,"bu","13:07:53",1017700
12750,50,300,"bu","13:07:53",1017000
12700,0,8000,"sd","13:07:16",1016700
12700,0,3100,"sd","13:06:43",1008700
12700,0,500,"sd","13:06:43",1005600
12700,0,1000,"sd","13:06:43",1005100
12700,0,5000,"sd","13:06:43",1004100
12700,0,400,"sd","13:06:43",999100
12700,0,100,"sd","13:06:39",998700
12750,50,2500,"sd","13:05:58",998600
12750,50,2500,"sd","13:05:55",996100
12750,50,300,"sd","13:05:55",993600
12750,50,500,"sd","13:05:55",993300
12750,50,300,"sd","13:05:55",992800
12750,50,200,"sd","13:05:51",992500
12750,50,700,"sd","13:05:51",992300
12750,50,100,"sd","13:05:51",991600
12750,50,400,"sd","13:05:49",991500
12750,50,300,"sd","13:05:49",991100
12750,50,200,"sd","13:05:45",990800
12750,50,500,"sd","13:05:36",990600
12750,50,200,"sd","13:05:36",990100
12750,50,100,"sd","13:05:36",989900
12750,50,8000,"sd","13:05:36",989800
12750,50,2000,"sd","13:05:36",981800
12750,50,500,"sd","13:05:36",979800
12750,50,1500,"sd","13:05:35",979300
12750,50,200,"sd","13:05:35",977800
12750,50,1000,"sd","13:05:35",977600
12750,50,500,"sd","13:05:35",976600
12750,50,100,"sd","13:05:35",976100
12750,50,300,"sd","13:05:35",976000
12750,50,1000,"sd","13:05:35",975700
12750,50,1000,"sd","13:05:35",974700
12750,50,1500,"sd","13:05:35",973700
12750,50,100,"sd","13:05:35",972200
12750,50,500,"sd","13:05:35",972100
12750,50,1500,"sd","13:05:26",971600
12750,50,300,"sd","13:05:17",970100
12750,50,100,"sd","13:05:06",969800
12750,50,200,"sd","13:04:38",969700
12750,50,300,"sd","13:04:38",969500
12750,50,500,"sd","13:04:38",969200
12800,100,1100,"bu","13:04:12",968700
12750,50,1500,"sd","13:03:47",967600
12750,50,100,"sd","13:03:47",966100
12750,50,200,"sd","13:03:47",966000
12750,50,400,"sd","13:03:47",965800
12750,50,100,"sd","13:03:45",965400
12750,50,100,"sd","13:03:23",965300
12750,50,200,"sd","13:03:23",965200
12750,50,200,"sd","13:03:23",965000
12800,100,100,"bu","13:02:18",964800
12800,100,200,"bu","13:01:50",964700
12800,100,2000,"bu","13:01:20",964500
12750,50,100,"sd","13:01:03",962500
12750,50,4900,"sd","13:00:47",962400
12750,50,10000,"sd","13:00:47",957500
12750,50,200,"sd","13:00:47",947500
12750,50,500,"sd","13:00:47",947300
12750,50,200,"sd","13:00:47",946800
12750,50,100,"sd","13:00:47",946600
12750,50,100,"sd","13:00:47",946500
12750,50,100,"sd","13:00:47",946400
12750,50,5000,"sd","13:00:47",946300
12750,50,500,"sd","13:00:47",941300
12750,50,3400,"sd","13:00:47",940800
12800,100,1000,"sd","13:00:34",937400
12800,100,1000,"sd","13:00:34",936400
12800,100,400,"sd","13:00:34",935400
12800,100,200,"sd","13:00:34",935000
12800,100,100,"sd","13:00:34",934800
12800,100,800,"sd","13:00:34",934700
12800,100,200,"sd","13:00:34",933900
12800,100,100,"sd","13:00:34",933700
12800,100,200,"sd","13:00:34",933600
12800,100,6000,"sd","13:00:34",933400
12800,100,500,"sd","13:00:34",927400
12800,100,100,"sd","13:00:34",926900
12800,100,500,"sd","13:00:34",926800
12800,100,2500,"sd","13:00:34",926300
12800,100,300,"sd","13:00:34",923800
12800,100,200,"sd","13:00:34",923500
12800,100,800,"sd","13:00:34",923300
12800,100,200,"sd","13:00:34",922500
12800,100,1600,"sd","13:00:34",922300
12800,100,700,"sd","13:00:34",920700
12800,100,200,"sd","13:00:33",920000
12800,100,100,"sd","13:00:30",919800
12800,100,500,"sd","13:00:25",919700
12850,150,300,"bu","13:00:21",919200
12800,100,2700,"sd","13:00:17",918900
12850,150,300,"bu","13:00:17",916200
12850,150,100,"bu","13:00:17",915900
12850,150,200,"bu","13:00:11",915800
12800,100,500,"sd","13:00:09",915600
12850,150,200,"bu","13:00:07",915100
12800,100,2200,"sd","13:00:07",914900
12800,100,1000,"sd","13:00:07",912700
12800,100,300,"sd","13:00:07",911700
12800,100,100,"sd","13:00:07",911400
12800,100,300,"sd","13:00:07",911300
12800,100,100,"sd","13:00:07",911000
12800,100,100,"sd","13:00:07",910900
12800,100,700,"sd","13:00:07",910800
12800,100,1300,"sd","13:00:07",910100
12800,100,300,"sd","13:00:07",908800
12800,100,2000,"sd","13:00:07",908500
12800,100,100,"sd","13:00:07",906500
12800,100,300,"sd","13:00:07",906400
12800,100,300,"sd","13:00:07",906100
12800,100,500,"sd","13:00:07",905800
12800,100,1400,"sd","13:00:07",905300
12800,100,600,"sd","13:00:07",903900
12800,100,100,"sd","13:00:07",903300
12800,100,1000,"sd","13:00:07",903200
12800,100,500,"sd","13:00:07",902200
12800,100,100,"sd","13:00:07",901700
12800,100,1500,"sd","13:00:07",901600
12800,100,4300,"sd","13:00:07",900100
12800,100,200,"sd","13:00:07",895800
12800,100,500,"sd","13:00:07",895600
12800,100,100,"sd","13:00:07",895100
12800,100,500,"sd","13:00:07",895000
12800,100,600,"sd","13:00:07",894500
12800,100,400,"sd","13:00:07",893900
12800,100,100,"sd","13:00:07",893500
12800,100,500,"sd","13:00:07",893400
12800,100,300,"sd","13:00:07",892900
12800,100,1500,"sd","13:00:07",892600
12800,100,500,"sd","13:00:07",891100
12800,100,600,"sd","13:00:07",890600
12800,100,1100,"sd","13:00:07",890000
12800,100,100,"sd","13:00:06",888900
12850,150,1500,"bu","13:00:06",888800
12850,150,200,"bu","13:00:05",887300
12850,150,300,"bu","13:00:02",887100
12850,150,2000,"bu","13:00:01",886800
12800,100,200,"sd","13:00:01",884800
12800,100,300,"sd","13:00:01",884600
12800,100,200,"sd","13:00:01",884300
12800,100,9300,"sd","13:00:01",884100
12800,100,500,"sd","13:00:01",874800
12800,100,600,"sd","13:00:01",874300
12800,100,500,"sd","13:00:01",873700
12800,100,500,"sd","13:00:01",873200
12800,100,800,"sd","13:00:01",872700
12800,100,100,"sd","13:00:01",871900
12800,100,100,"sd","13:00:01",871800
12800,100,200,"sd","13:00:01",871700
12800,100,500,"sd","13:00:01",871500
12850,150,500,"bu","13:00:00",871000
12850,150,5000,"bu","13:00:00",870500
12850,150,1000,"bu","13:00:00",865500
12850,150,6000,"bu","13:00:00",864500
12850,150,200,"bu","13:00:00",858500
12850,150,1000,"bu","13:00:00",858300
12850,150,300,"bu","13:00:00",857300
12850,150,2000,"bu","11:28:35",857000
12850,150,100,"bu","11:27:57",855000
12850,150,1000,"bu","11:27:05",854900
12850,150,200,"bu","11:26:32",853900
12850,150,100,"bu","11:26:04",853700
12800,100,200,"sd","11:24:39",853600
12800,100,100,"sd","11:24:39",853400
12800,100,700,"sd","11:24:39",853300
12850,150,200,"bu","11:24:22",852600
12800,100,100,"sd","11:24:14",852400
12800,100,100,"sd","11:24:14",852300
12800,100,400,"sd","11:24:14",852200
12800,100,100,"sd","11:24:14",851800
12800,100,100,"sd","11:24:14",851700
12800,100,200,"sd","11:24:14",851600
12850,150,100,"bu","11:24:13",851400
12800,100,1000,"sd","11:24:02",851300
12800,100,3200,"sd","11:20:24",850300
12800,100,1000,"sd","11:20:24",847100
12800,100,100,"sd","11:20:24",846100
12800,100,200,"sd","11:20:24",846000
12800,100,100,"sd","11:20:24",845800
12800,100,100,"sd","11:20:24",845700
12800,100,300,"sd","11:20:24",845600
12800,100,500,"sd","11:20:24",845300
12800,100,5000,"sd","11:20:24",844800
12900,200,4200,"bu","11:19:56",839800
12850,150,200,"bu","11:19:56",835600
12800,100,6200,"sd","11:18:02",835400
12850,150,1000,"sd","11:18:02",829200
12850,150,2000,"sd","11:18:02",828200
12850,150,200,"sd","11:18:02",826200
12850,150,900,"sd","11:18:02",826000
12850,150,100,"sd","11:18:02",825100
12850,150,200,"sd","11:18:02",825000
12850,150,100,"sd","11:18:02",824800
12850,150,1000,"sd","11:18:02",824700
12850,150,2000,"sd","11:18:02",823700
12850,150,2100,"sd","11:18:02",821700
12850,150,700,"sd","11:18:02",819600
12850,150,2000,"sd","11:18:02",818900
12850,150,200,"sd","11:18:02",816900
12850,150,100,"sd","11:18:02",816700
12850,150,6000,"sd","11:18:02",816600
12850,150,3000,"sd","11:18:02",810600
12850,150,500,"sd","11:18:02",807600
12850,150,1700,"sd","11:18:02",807100
12850,150,1400,"sd","11:17:44",805400
12900,200,600,"bu","11:17:38",804000
12900,200,200,"bu","11:17:27",803400
12900,200,700,"bu","11:17:00",803200
12900,200,200,"bu","11:16:59",802500
12900,200,100,"bu","11:15:54",802300
12900,200,100,"bu","11:15:11",802200
12900,200,1000,"bu","11:15:04",802100
12900,200,600,"bu","11:14:47",801100
12900,200,300,"bu","11:13:11",800500
12900,200,100,"bu","11:12:57",800200
12900,200,900,"bu","11:12:57",800100
12900,200,700,"bu","11:12:39",799200
12900,200,100,"bu","11:12:39",798500
12850,150,1900,"sd","11:10:16",798400
12850,150,1400,"sd","11:10:16",796500
12850,150,1700,"sd","11:10:16",795100
12900,200,200,"bu","11:10:06",793400
12900,200,100,"bu","11:09:09",793200
12850,150,2400,"sd","11:08:49",793100
12850,150,600,"sd","11:08:25",790700
12850,150,400,"sd","11:08:25",790100
12850,150,300,"sd","11:08:25",789700
12850,150,1100,"sd","11:08:25",789400
12850,150,100,"sd","11:08:05",788300
12850,150,800,"sd","11:08:02",788200
12850,150,500,"sd","11:08:02",787400
12850,150,200,"sd","11:08:02",786900
12850,150,1500,"sd","11:08:02",786700
12850,150,2800,"sd","11:07:26",785200
12850,150,700,"sd","11:07:03",782400
12850,150,300,"sd","11:07:03",781700
12850,150,700,"sd","11:06:02",781400
12850,150,500,"sd","11:06:02",780700
12850,150,300,"sd","11:06:02",780200
12850,150,200,"sd","11:06:02",779900
12850,150,100,"sd","11:06:02",779700
12850,150,400,"sd","11:06:02",779600
12850,150,200,"sd","11:06:02",779200
12850,150,100,"sd","11:06:02",779000
12850,150,800,"sd","11:06:02",778900
12850,150,300,"sd","11:06:01",778100
12850,150,500,"sd","11:06:01",777800
12850,150,100,"sd","11:06:01",777300
12850,150,300,"sd","11:06:01",777200
12850,150,200,"sd","11:05:03",776900
12850,150,300,"sd","11:05:03",776700
12900,200,100,"bu","11:04:47",776400
12900,200,300,"bu","11:04:47",776300
12900,200,100,"bu","11:04:47",776000
12850,150,300,"sd","11:04:29",775900
12850,150,200,"bu","11:01:10",775600
12850,150,500,"bu","11:00:49",775400
12850,150,500,"bu","11:00:49",774900
12850,150,500,"bu","11:00:49",774400
12850,150,200,"bu","11:00:49",773900
12850,150,500,"bu","11:00:49",773700
12850,150,800,"bu","11:00:49",773200
12850,150,400,"bu","11:00:38",772400
12850,150,800,"bu","11:00:36",772000
12850,150,4200,"bu","11:00:36",771200
12850,150,800,"bu","11:00:24",767000
12850,150,800,"bu","11:00:24",766200
12850,150,900,"bu","11:00:24",765400
12850,150,600,"bu","11:00:19",764500
12850,150,1900,"bu","11:00:19",763900
12850,150,5800,"bu","11:00:18",762000
12850,150,2300,"bu","11:00:14",756200
12850,150,2700,"bu","11:00:14",753900
12850,150,1100,"bu","10:59:54",751200
12850,150,600,"bu","10:59:47",750100
12850,150,200,"bu","10:59:08",749500
12850,150,1000,"bu","10:56:43",749300
12800,100,1000,"sd","10:56:41",748300
12800,100,2000,"sd","10:56:40",747300
12800,100,10000,"sd","10:56:37",745300
12800,100,400,"sd","10:56:18",735300
12850,150,2000,"bu","10:55:34",734900
12850,150,500,"bu","10:55:01",732900
12850,150,1000,"bu","10:54:31",732400
12850,150,100,"bu","10:54:02",731400
12850,150,100,"bu","10:54:02",731300
12850,150,900,"bu","10:54:02",731200
12850,150,18400,"bu","10:54:02",730300
12850,150,2000,"bu","10:54:02",711900
12850,150,500,"bu","10:52:12",709900
12850,150,1000,"bu","10:51:31",709400
12850,150,1100,"bu","10:51:28",708400
12850,150,3000,"bu","10:50:35",707300
12850,150,3700,"bu","10:49:12",704300
12850,150,14400,"bu","10:46:04",700600
12850,150,2900,"bu","10:45:39",686200
12850,150,500,"bu","10:45:39",683300
12850,150,2500,"bu","10:45:39",682800
12850,150,1000,"bu","10:45:39",680300
12850,150,5000,"bu","10:45:39",679300
12850,150,5000,"bu","10:45:39",674300
12850,150,1000,"bu","10:45:39",669300
12850,150,100,"bu","10:45:39",668300
12800,100,200,"sd","10:45:04",668200
12850,150,500,"bu","10:44:23",668000
12850,150,1000,"bu","10:44:10",667500
12850,150,200,"bu","10:41:34",666500
12850,150,200,"bu","10:41:20",666300
12850,150,100,"bu","10:41:20",666100
12850,150,300,"bu","10:41:20",666000
12850,150,100,"bu","10:39:45",665700
12800,100,5200,"sd","10:39:07",665600
12800,100,400,"sd","10:39:07",660400
12800,100,500,"sd","10:39:07",660000
12800,100,200,"sd","10:39:07",659500
12800,100,500,"sd","10:39:07",659300
12800,100,200,"sd","10:39:07",658800
12800,100,100,"sd","10:39:07",658600
12800,100,400,"sd","10:39:07",658500
12800,100,300,"sd","10:38:31",658100
12800,100,500,"sd","10:38:31",657800
12800,100,500,"sd","10:38:31",657300
12800,100,200,"sd","10:38:31",656800
12800,100,200,"sd","10:38:31",656600
12800,100,1000,"sd","10:38:31",656400
12800,100,4000,"sd","10:38:31",655400
12800,100,3000,"sd","10:38:31",651400
12800,100,500,"sd","10:38:31",648400
12800,100,4600,"sd","10:38:31",647900
12850,150,400,"bu","10:38:25",643300
12800,100,3700,"sd","10:38:20",642900
12800,100,300,"sd","10:36:57",639200
12800,100,1000,"sd","10:36:57",638900
12800,100,700,"sd","10:36:57",637900
12800,100,1700,"sd","10:36:57",637200
12800,100,100,"sd","10:36:57",635500
12800,100,100,"sd","10:36:57",635400
12800,100,800,"sd","10:36:57",635300
12800,100,200,"sd","10:36:57",634500
12800,100,100,"sd","10:36:57",634300
12850,150,500,"bu","10:36:08",634200
12850,150,200,"bu","10:35:18",633700
12850,150,1000,"bu","10:34:40",633500
12800,100,100,"sd","10:34:14",632500
12850,150,100,"bu","10:34:02",632400
12850,150,1400,"sd","10:33:31",632300
12850,150,2000,"sd","10:33:30",630900
12850,150,400,"sd","10:33:24",628900
12850,150,200,"sd","10:33:21",628500
12850,150,200,"sd","10:33:21",628300
12850,150,1000,"sd","10:33:21",628100
12850,150,200,"sd","10:33:21",627100
12850,150,1000,"sd","10:33:21",626900
12850,150,5000,"sd","10:33:21",625900
12850,150,100,"sd","10:33:21",620900
12850,150,1600,"sd","10:33:21",620800
12850,150,300,"sd","10:33:21",619200
12850,150,300,"sd","10:33:21",618900
12850,150,8000,"sd","10:33:21",618600
12850,150,500,"sd","10:33:21",610600
12850,150,1000,"sd","10:33:21",610100
12850,150,200,"sd","10:33:21",609100
12850,150,100,"sd","10:33:21",608900
12850,150,200,"sd","10:33:21",608800
12850,150,300,"sd","10:33:21",608600
12850,150,4800,"sd","10:33:21",608300
12850,150,100,"sd","10:32:00",603500
12900,200,100,"bu","10:31:20",603400
12900,200,100,"bu","10:30:47",603300
12850,150,300,"sd","10:30:40",603200
12900,200,100,"bu","10:30:24",602900
12900,200,600,"bu","10:29:50",602800
12900,200,100,"bu","10:28:21",602200
12900,200,300,"bu","10:28:18",602100
12900,200,1000,"bu","10:27:53",601800
12900,200,3200,"bu","10:27:40",600800
12900,200,400,"bu","10:27:06",597600
12900,200,100,"bu","10:27:04",597200
12900,200,100,"bu","10:26:42",597100
12900,200,2000,"bu","10:25:04",597000
12900,200,100,"bu","10:24:15",595000
12900,200,500,"bu","10:24:08",594900
12900,200,100,"bu","10:23:44",594400
12900,200,200,"bu","10:23:39",594300
12900,200,6900,"bu","10:23:17",594100
12900,200,300,"bu","10:22:57",587200
12900,200,100,"bu","10:22:34",586900
12900,200,14700,"bu","10:21:40",586800
12900,200,10000,"bu","10:21:21",572100
12900,200,100,"bu","10:21:12",562100
12850,150,900,"sd","10:21:10",562000
12900,200,2500,"bu","10:21:05",561100
12900,200,500,"bu","10:21:04",558600
12900,200,100,"bu","10:20:49",558100
12850,150,1300,"sd","10:20:23",558000
12850,150,2500,"sd","10:20:23",556700
12850,150,300,"sd","10:20:23",554200
12850,150,900,"sd","10:20:23",553900
12850,150,100,"sd","10:19:46",553000
12850,150,500,"sd","10:19:39",552900
12850,150,200,"sd","10:18:55",552400
12850,150,300,"sd","10:17:53",552200
12850,150,200,"sd","10:17:53",551900
12850,150,300,"sd","10:17:53",551700
12850,150,200,"sd","10:17:53",551400
12900,200,5000,"bu","10:17:04",551200
12900,200,1900,"bu","10:16:46",546200
12850,150,100,"bu","10:16:46",544300
12850,150,8000,"bu","10:16:46",544200
12850,150,500,"bu","10:16:32",536200
12850,150,100,"bu","10:16:32",535700
12850,150,1000,"bu","10:16:32",535600
12850,150,100,"bu","10:16:32",534600
12850,150,300,"bu","10:16:32",534500
12850,150,200,"bu","10:16:11",534200
12850,150,900,"bu","10:16:11",534000
12850,150,1100,"bu","10:16:06",533100
12850,150,1300,"bu","10:16:06",532000
12850,150,2000,"bu","10:16:00",530700
12850,150,300,"bu","10:15:35",528700
12850,150,1400,"bu","10:15:26",528400
12850,150,300,"bu","10:15:26",527000
12850,150,100,"bu","10:15:26",526700
12850,150,1000,"bu","10:15:26",526600
12850,150,7200,"bu","10:15:26",525600
12850,150,100,"bu","10:15:22",518400
12850,150,100,"bu","10:15:12",518300
12800,100,400,"sd","10:14:51",518200
12850,150,100,"bu","10:14:36",517800
12850,150,1400,"bu","10:14:29",517700
12800,100,100,"sd","10:14:20",516300
12800,100,100,"sd","10:14:01",516200
12800,100,100,"sd","10:13:14",516100
12850,150,200,"bu","10:13:01",516000
12800,100,5000,"sd","10:12:55",515800
12850,150,200,"bu","10:12:18",510800
12850,150,10000,"bu","10:11:22",510600
12850,150,1200,"bu","10:10:56",500600
12850,150,3000,"bu","10:10:50",499400
12850,150,10000,"bu","10:10:18",496400
12850,150,1500,"bu","10:09:58",486400
12850,150,2000,"bu","10:09:51",484900
12850,150,200,"bu","10:09:25",482900
12850,150,100,"bu","10:09:21",482700
12850,150,1000,"sd","10:09:15",482600
12850,150,700,"sd","10:09:15",481600
12850,150,400,"bu","10:08:46",480900
12850,150,100,"bu","10:08:40",480500
12850,150,1600,"bu","10:08:40",480400
12850,150,400,"bu","10:08:40",478800
12850,150,600,"bu","10:08:35",478400
12850,150,100,"bu","10:08:35",477800
12850,150,500,"bu","10:08:35",477700
12850,150,800,"bu","10:08:35",477200
12850,150,200,"bu","10:08:26",476400
12850,150,1000,"bu","10:08:26",476200
12850,150,800,"bu","10:08:26",475200
12850,150,1000,"bu","10:08:18",474400
12850,150,500,"bu","10:08:11",473400
12850,150,2000,"bu","10:08:08",472900
12850,150,700,"bu","10:07:37",470900
12850,150,300,"bu","10:07:37",470200
12850,150,1000,"bu","10:07:17",469900
12850,150,100,"bu","10:06:58",468900
12850,150,1000,"bu","10:06:30",468800
12850,150,1500,"sd","10:06:26",467800
12850,150,1100,"sd","10:06:26",466300
12850,150,200,"bu","10:06:15",465200
12850,150,1000,"sd","10:06:08",465000
12850,150,200,"sd","10:05:52",464000
12850,150,500,"sd","10:05:52",463800
12850,150,2000,"sd","10:05:52",463300
12850,150,200,"sd","10:05:52",461300
12850,150,5000,"sd","10:05:52",461100
12850,150,100,"sd","10:05:52",456100
12850,150,400,"sd","10:05:52",456000
12850,150,300,"sd","10:05:52",455600
12850,150,500,"sd","10:05:52",455300
12850,150,300,"sd","10:05:52",454800
12850,150,1000,"sd","10:05:52",454500
12850,150,200,"sd","10:05:52",453500
12850,150,1400,"sd","10:05:52",453300
12850,150,100,"sd","10:05:52",451900
12850,150,1000,"sd","10:05:52",451800
12850,150,200,"sd","10:05:52",450800
12850,150,500,"sd","10:05:52",450600
12850,150,1000,"sd","10:05:52",450100
12850,150,7100,"sd","10:05:52",449100
12850,150,200,"sd","10:05:52",442000
12850,150,5000,"sd","10:05:52",441800
12850,150,1000,"sd","10:05:52",436800
12850,150,900,"sd","10:05:52",435800
12850,150,900,"sd","10:05:52",434900
12850,150,300,"sd","10:04:07",434000
12850,150,2000,"sd","10:03:56",433700
12850,150,100,"sd","10:03:54",431700
12850,150,100,"sd","10:03:48",431600
12900,200,200,"bu","10:03:44",431500
12850,150,1000,"sd","10:03:34",431300
12900,200,200,"bu","10:03:20",430300
12900,200,8700,"bu","10:03:04",430100
12900,200,500,"bu","10:03:04",421400
12900,200,800,"bu","10:03:04",420900
12900,200,200,"bu","10:03:03",420100
12900,200,100,"bu","10:02:31",419900
12900,200,200,"bu","10:02:17",419800
12900,200,200,"bu","10:02:17",419600
12850,150,600,"sd","10:02:05",419400
12850,150,1400,"sd","10:02:05",418800
12900,200,200,"bu","10:01:59",417400
12900,200,100,"bu","10:01:51",417200
12900,200,200,"bu","10:00:55",417100
12900,200,300,"bu","10:00:55",416900
12900,200,100,"bu","10:00:34",416600
12900,200,600,"bu","10:00:21",416500
12900,200,200,"bu","10:00:21",415900
12900,200,300,"bu","10:00:21",415700
12900,200,300,"bu","10:00:21",415400
12900,200,500,"bu","10:00:21",415100
12900,200,1000,"bu","10:00:21",414600
12900,200,3000,"bu","10:00:21",413600
12900,200,200,"bu","10:00:21",410600
12900,200,200,"bu","10:00:21",410400
12900,200,400,"bu","10:00:21",410200
12900,200,3300,"bu","10:00:21",409800
12900,200,200,"bu","10:00:10",406500
12900,200,400,"bu","09:59:56",406300
12900,200,1000,"bu","09:59:56",405700
12900,200,200,"bu","09:59:56",405900
12850,150,2500,"bu","09:59:55",404700
12850,150,1000,"bu","09:59:54",402200
12850,150,500,"bu","09:59:53",401200
12850,150,500,"bu","09:59:52",400700
12850,150,500,"bu","09:59:52",400200
12850,150,200,"bu","09:59:52",399700
12850,150,200,"bu","09:59:52",399500
12850,150,2400,"bu","09:59:52",399300
12850,150,2000,"bu","09:59:50",396900
12850,150,5600,"bu","09:59:46",394900
12850,150,1000,"bu","09:59:46",389300
12850,150,1000,"bu","09:59:46",388300
12850,150,100,"bu","09:59:46",387300
12850,150,5300,"bu","09:59:46",387200
12850,150,2500,"bu","09:59:42",381900
12850,150,500,"bu","09:59:42",379400
12850,150,1000,"bu","09:59:41",378900
12850,150,400,"bu","09:59:31",377900
12850,150,300,"bu","09:59:27",377500
12850,150,500,"bu","09:59:27",377200
12850,150,100,"bu","09:59:17",376700
12850,150,500,"bu","09:59:10",376600
12850,150,2000,"bu","09:59:03",376100
12850,150,500,"bu","09:58:56",374100
12800,100,400,"sd","09:58:42",373600
12850,150,400,"bu","09:58:41",373200
12800,100,100,"bu","09:58:28",372800
12800,100,800,"bu","09:58:28",372700
12800,100,100,"bu","09:58:28",371900
12800,100,300,"bu","09:58:28",371800
12800,100,500,"bu","09:58:28",371500
12800,100,800,"bu","09:58:28",371000
12800,100,300,"bu","09:58:28",370200
12800,100,1000,"bu","09:58:28",369900
12800,100,2000,"bu","09:58:28",368900
12800,100,7200,"bu","09:58:28",366900
12800,100,2500,"bu","09:58:22",359700
12800,100,10300,"bu","09:58:21",357200
12800,100,1000,"bu","09:58:21",346900
12800,100,28700,"bu","09:58:21",345900
12800,100,1800,"bu","09:58:19",317200
12800,100,300,"bu","09:58:19",315400
12800,100,2900,"bu","09:58:19",315100
12800,100,1000,"bu","09:58:12",312200
12800,100,500,"bu","09:58:11",311200
12800,100,100,"bu","09:57:37",310700
12800,100,2300,"bu","09:57:18",310600
12800,100,200,"bu","09:57:18",308300
12800,100,1000,"bu","09:57:18",308100
12800,100,100,"bu","09:57:18",307100
12800,100,1400,"bu","09:57:18",307000
12800,100,100,"bu","09:56:52",305600
12800,100,1000,"bu","09:56:52",305500
12800,100,1900,"bu","09:56:52",304500
12800,100,1100,"bu","09:56:49",302600
12800,100,1900,"bu","09:56:49",301500
12800,100,100,"bu","09:56:49",299600
12800,100,500,"bu","09:56:42",299500
12800,100,500,"bu","09:56:42",299000
12800,100,1000,"bu","09:56:42",298500
12800,100,100,"bu","09:56:29",297500
12800,100,100,"bu","09:56:23",297400
12800,100,3800,"bu","09:56:19",297300
12800,100,1200,"bu","09:56:19",293500
12800,100,2800,"bu","09:56:17",292300
12750,50,300,"bu","09:55:55",289500
12750,50,1000,"bu","09:55:55",289200
12750,50,300,"bu","09:55:55",288200
12750,50,200,"bu","09:55:50",287900
12750,50,100,"bu","09:55:48",287700
12750,50,3400,"bu","09:55:38",287600
12750,50,5000,"bu","09:55:38",284200
12750,50,1100,"bu","09:55:38",279200
12750,50,100,"bu","09:55:38",278100
12750,50,200,"bu","09:55:38",278000
12750,50,200,"bu","09:55:38",277800
12750,50,200,"bu","09:54:44",277600
12750,50,100,"bu","09:54:44",277400
12750,50,1400,"bu","09:54:44",277300
12700,0,200,"sd","09:54:43",275900
12700,0,500,"sd","09:54:17",275700
12700,0,1200,"sd","09:53:47",275200
12700,0,100,"sd","09:53:47",274000
12700,0,200,"sd","09:53:47",273900
12700,0,600,"sd","09:53:47",273700
12700,0,2000,"sd","09:53:47",273100
12700,0,900,"sd","09:53:47",271100
12700,0,4100,"bu","09:53:06",270200
12700,0,900,"bu","09:52:54",266100
12700,0,100,"bu","09:52:54",265200
12700,0,4300,"bu","09:52:46",265100
12700,0,100,"bu","09:52:32",260800
12700,0,500,"bu","09:52:30",260700
12700,0,1500,"bu","09:52:30",260200
12700,0,500,"bu","09:52:25",258700
12700,0,400,"bu","09:52:21",258200
12700,0,500,"bu","09:52:18",257800
12700,0,2000,"bu","09:52:14",257300
12700,0,500,"bu","09:52:12",255300
12700,0,5000,"bu","09:52:11",254800
12700,0,1000,"bu","09:52:06",249800
12700,0,400,"bu","09:51:53",248800
12700,0,2000,"sd","09:51:47",248400
12700,0,2000,"sd","09:51:47",246400
12700,0,1000,"sd","09:51:47",244400
12700,0,200,"sd","09:51:47",243400
12700,0,300,"sd","09:51:47",243200
12700,0,700,"sd","09:51:47",242900
12700,0,2000,"sd","09:51:47",242200
12700,0,300,"sd","09:51:47",240200
12700,0,400,"sd","09:51:47",239900
12700,0,500,"sd","09:51:47",239500
12700,0,2000,"sd","09:51:47",239000
12750,50,1600,"bu","09:51:35",237000
12750,50,900,"bu","09:51:35",235400
12750,50,100,"bu","09:50:32",234500
12700,0,3000,"bu","09:50:07",234400
12700,0,5900,"bu","09:49:59",231400
12700,0,1000,"bu","09:49:36",225500
12700,0,100,"bu","09:49:30",224500
12700,0,2000,"bu","09:49:17",224400
12700,0,200,"bu","09:49:17",222400
12700,0,500,"bu","09:49:17",222200
12700,0,1700,"bu","09:49:17",221700
12700,0,1000,"sd","09:49:17",220000
12700,0,300,"sd","09:49:17",219000
12700,0,500,"bu","09:48:40",218700
12700,0,200,"bu","09:48:40",218200
12700,0,300,"bu","09:48:40",218000
12700,0,100,"bu","09:48:40",217700
12700,0,1000,"bu","09:48:40",217600
12700,0,4000,"bu","09:48:40",216600
12700,0,1000,"bu","09:48:40",212600
12700,0,1000,"bu","09:48:40",211600
12700,0,1000,"bu","09:48:40",210600
12700,0,1500,"bu","09:48:40",209600
12700,0,1000,"bu","09:48:40",208100
12700,0,1700,"bu","09:48:40",207100
12700,0,300,"bu","09:48:08",205400
12650,-50,2000,"sd","09:47:58",205100
12650,-50,100,"sd","09:47:58",203100
12650,-50,500,"sd","09:47:58",203000
12650,-50,200,"sd","09:47:58",202500
12650,-50,2000,"sd","09:47:58",202300
12650,-50,200,"sd","09:47:58",200300
12700,0,11500,"bu","09:47:45",200100
12700,0,600,"bu","09:47:45",188600
12700,0,400,"bu","09:47:39",188000
12700,0,1000,"bu","09:47:39",187600
12700,0,700,"bu","09:47:39",186600
12700,0,1500,"bu","09:47:39",185900
12700,0,5400,"bu","09:47:39",184400
12650,-50,100,"sd","09:47:35",179000
12650,-50,400,"sd","09:47:35",178900
12650,-50,100,"sd","09:46:27",178500
12700,0,1000,"bu","09:46:06",178400
12650,-50,500,"sd","09:44:03",177400
12650,-50,100,"sd","09:44:03",176900
12650,-50,200,"sd","09:44:03",176800
12650,-50,500,"sd","09:44:03",176600
12650,-50,500,"sd","09:44:03",176100
12650,-50,700,"sd","09:44:03",175600
12650,-50,100,"sd","09:43:44",174900
12700,0,200,"bu","09:43:24",174800
12700,0,900,"bu","09:43:02",174600
12700,0,500,"bu","09:42:45",173700
12700,0,2000,"bu","09:42:33",173200
12700,0,100,"bu","09:42:21",171200
12700,0,300,"bu","09:42:20",171100
12700,0,200,"bu","09:42:20",170800
12700,0,9800,"bu","09:42:09",170600
12700,0,1000,"bu","09:42:09",160800
12700,0,1000,"bu","09:42:09",159800
12700,0,2200,"bu","09:42:09",158800
12700,0,500,"bu","09:42:05",156600
12700,0,300,"bu","09:41:26",156100
12700,0,100,"bu","09:41:26",155800
12700,0,100,"bu","09:40:43",155700
12650,-50,200,"sd","09:40:22",155600
12650,-50,1100,"sd","09:40:22",155400
12650,-50,1000,"sd","09:40:22",154300
12650,-50,200,"sd","09:40:22",153300
12650,-50,200,"sd","09:40:22",153100
12650,-50,1000,"sd","09:40:22",152900
12650,-50,900,"sd","09:40:22",151900
12700,0,700,"bu","09:40:16",151000
12700,0,1600,"bu","09:40:06",150300
12700,0,1000,"bu","09:39:40",148700
12700,0,1500,"bu","09:39:03",147700
12700,0,200,"bu","09:39:03",146200
12700,0,300,"bu","09:39:03",146000
12650,-50,2100,"sd","09:38:24",145700
12650,-50,200,"sd","09:38:24",143600
12650,-50,200,"sd","09:38:24",143400
12650,-50,100,"sd","09:38:24",143200
12650,-50,2000,"sd","09:38:24",143100
12650,-50,400,"sd","09:38:24",141100
12700,0,500,"bu","09:38:23",140700
12650,-50,1000,"sd","09:35:19",140200
12700,0,200,"bu","09:35:17",139200
12700,0,200,"bu","09:35:10",139000
12700,0,100,"bu","09:34:05",138800
12700,0,700,"bu","09:33:54",138700
12700,0,200,"sd","09:33:26",138000
12700,0,200,"sd","09:33:26",137800
12700,0,100,"sd","09:33:26",137600
12700,0,500,"sd","09:33:26",137500
12700,0,300,"bu","09:33:03",137000
12700,0,1000,"bu","09:32:58",136700
12700,0,700,"bu","09:32:58",135700
12700,0,9700,"bu","09:32:58",135000
12700,0,1000,"bu","09:32:58",125300
12700,0,200,"bu","09:32:58",124300
12700,0,100,"bu","09:32:58",124100
12700,0,200,"bu","09:32:58",124000
12700,0,2000,"bu","09:32:58",123800
12700,0,1000,"bu","09:32:58",121800
12700,0,34100,"bu","09:32:58",120800
12700,0,100,"bu","09:32:49",86700
12700,0,1000,"bu","09:31:52",86600
12700,0,100,"bu","09:31:50",85600
12700,0,16000,"bu","09:31:28",85500
12700,0,200,"bu","09:31:23",69500
12700,0,5000,"bu","09:31:11",69300
12700,0,500,"bu","09:30:22",64300
12650,-50,800,"sd","09:30:12",63800
12650,-50,200,"sd","09:29:09",63000
12650,-50,600,"sd","09:29:02",62800
12650,-50,300,"sd","09:29:02",62200
12650,-50,1000,"sd","09:29:02",61900
12650,-50,1000,"sd","09:29:02",60900
12650,-50,2100,"sd","09:29:02",59900
12650,-50,500,"sd","09:28:52",57800
12650,-50,100,"sd","09:28:36",57300
12700,0,100,"bu","09:28:16",57200
12650,-50,100,"sd","09:27:43",57100
12650,-50,200,"bu","09:27:23",57000
12650,-50,100,"bu","09:27:20",56800
12650,-50,200,"bu","09:27:15",56700
12650,-50,1000,"sd","09:26:56",56500
12650,-50,100,"sd","09:26:56",55500
12650,-50,400,"sd","09:26:56",55400
12700,0,7000,"bu","09:26:34",55000
12700,0,200,"bu","09:26:24",48000
12650,-50,1000,"sd","09:26:22",47800
12700,0,2000,"bu","09:25:44",46800
12650,-50,600,"sd","09:25:44",44800
12650,-50,100,"sd","09:25:44",44200
12650,-50,500,"sd","09:25:44",44100
12650,-50,600,"sd","09:25:44",43600
12700,0,200,"bu","09:25:36",43000
12650,-50,400,"sd","09:25:34",42800
12650,-50,100,"sd","09:25:34",42400
12700,0,100,"bu","09:25:30",42300
12700,0,2000,"sd","09:24:50",42200
12700,0,2800,"sd","09:24:50",40200
12700,0,3000,"sd","09:24:50",37400
12700,0,300,"sd","09:24:50",34400
12700,0,2900,"sd","09:24:50",34100
12700,0,200,"sd","09:24:50",31200
12700,0,5000,"sd","09:24:50",31000
12700,0,900,"sd","09:24:50",26000
12700,0,300,"sd","09:24:50",25100
12700,0,600,"sd","09:24:50",24800
12700,0,500,"sd","09:24:50",24200
12700,0,100,"sd","09:24:50",23700
12700,0,500,"sd","09:24:50",23600
12700,0,2500,"sd","09:24:50",23100
12700,0,1000,"sd","09:24:50",20600
12700,0,800,"sd","09:24:50",19600
12700,0,400,"sd","09:24:22",18800
12700,0,3800,"sd","09:22:48",18400
12700,0,200,"sd","09:22:48",14600
12700,0,300,"sd","09:22:35",14400
12700,0,500,"sd","09:22:35",14100
12700,0,500,"sd","09:22:35",13600
12700,0,200,"sd","09:22:35",13100
12700,0,300,"sd","09:21:42",12900
12700,0,500,"sd","09:21:03",12600
12700,0,500,"sd","09:21:03",12100
12700,0,500,"sd","09:21:03",11600
12700,0,500,"sd","09:21:03",11100
12700,0,200,"sd","09:21:03",10600
12700,0,100,"sd","09:21:03",10400
12700,0,300,"sd","09:21:03",10300
12700,0,400,"sd","09:21:03",10000
12700,0,300,"sd","09:20:15",9600
12700,0,500,"sd","09:19:17",9300
12700,0,200,"sd","09:19:17",8800
12700,0,1300,"sd","09:19:17",8600
12700,0,200,"sd","09:19:15",7300
12700,0,900,"sd","09:17:35",7100
12700,0,6200,"sd","09:15:01",6200
