"price","change","match_qtty","side","time","total_vol"
26000,0,16000,"unknown","14:44:59",187300
26100,100,100,"bu","14:28:24",171300
26000,0,1000,"bu","14:28:24",171200
25800,-200,1500,"sd","14:25:31",170200
26000,0,500,"sd","14:25:29",168700
26000,0,1500,"sd","14:25:29",168200
26000,0,100,"sd","14:25:20",166700
26000,0,1200,"sd","14:25:19",166600
26000,0,2200,"sd","14:24:48",165400
26000,0,300,"sd","14:24:48",163200
26000,0,100,"sd","14:24:42",162900
26000,0,100,"sd","14:24:32",162800
26000,0,1000,"bu","14:24:24",162700
26000,0,1900,"bu","14:24:24",161700
26000,0,5000,"bu","14:24:24",159800
25900,-100,1600,"bu","14:24:24",154800
26000,0,600,"sd","14:21:56",153200
26000,0,4400,"sd","14:20:08",152600
26000,0,600,"sd","14:20:08",148200
26000,0,4000,"sd","14:19:17",147600
26000,0,400,"sd","14:15:14",143600
26000,0,500,"sd","14:15:14",143200
26000,0,100,"sd","14:15:14",142700
26200,200,1700,"bu","14:11:27",142600
26200,200,300,"bu","14:11:27",140900
26050,50,100,"bu","14:09:23",140600
26050,50,200,"sd","14:06:37",140500
26100,100,200,"sd","14:06:00",140300
26100,100,100,"bu","14:05:27",140100
26100,100,300,"sd","14:02:02",140000
26200,200,1500,"sd","13:58:48",139700
26200,200,500,"bu","13:58:32",138200
26200,200,100,"bu","13:56:30",137700
26100,100,400,"bu","13:55:34",137600
26000,0,3000,"sd","13:54:56",137200
26000,0,400,"sd","13:54:40",134200
26000,0,1000,"sd","13:52:47",133800
26000,0,500,"sd","13:52:14",132800
26000,0,200,"sd","13:48:47",132300
26000,0,4000,"sd","13:47:03",132100
26000,0,800,"bu","13:45:59",128100
26000,0,200,"sd","13:45:54",127300
26250,250,100,"bu","13:44:50",127100
26000,0,100,"sd","13:44:44",127000
26000,0,1700,"sd","13:44:20",126900
26000,0,3000,"sd","13:44:19",125200
26300,300,100,"bu","13:43:50",122200
26050,50,200,"bu","13:43:50",122100
26000,0,100,"bu","13:43:50",121900
26000,0,1000,"bu","13:43:29",121800
26000,0,1000,"bu","13:43:29",120800
26000,0,2800,"bu","13:43:21",119800
25900,-100,1000,"bu","13:43:21",117000
25750,-250,200,"bu","13:43:21",116000
25700,-300,400,"bu","13:43:21",115800
25650,-350,300,"bu","13:43:21",115400
25650,-350,200,"bu","13:43:21",115100
25600,-400,100,"bu","13:43:21",114900
25600,-400,300,"sd","13:41:21",114800
25600,-400,2500,"bu","13:40:13",114500
25600,-400,200,"bu","13:40:13",112000
25550,-450,2000,"sd","13:40:05",111800
25550,-450,1000,"sd","13:39:57",109800
25550,-450,4000,"sd","13:37:05",108800
25600,-400,200,"bu","13:35:27",104800
25600,-400,300,"bu","13:35:27",104600
25600,-400,500,"bu","13:35:27",104300
25550,-450,500,"bu","13:30:17",103800
25550,-450,200,"bu","13:30:17",103300
25300,-700,100,"sd","13:30:16",103100
25350,-650,5000,"sd","13:30:16",103000
25350,-650,100,"sd","13:30:16",98000
25500,-500,4800,"sd","13:30:16",97900
25500,-500,200,"bu","13:30:13",93100
25300,-700,2600,"sd","13:26:21",92900
25300,-700,200,"sd","13:26:21",90300
25300,-700,1600,"sd","13:25:19",90100
25300,-700,8200,"sd","13:24:41",88500
25300,-700,1100,"sd","13:24:41",80300
25400,-600,600,"sd","13:24:41",79200
25400,-600,2000,"sd","13:23:28",78600
25400,-600,1000,"sd","13:22:42",76600
25400,-600,200,"bu","13:18:28",75600
25400,-600,4300,"bu","13:18:28",75400
25400,-600,900,"bu","13:18:28",71100
25400,-600,1000,"bu","13:18:28",70200
25300,-700,200,"sd","13:18:23",69200
25300,-700,700,"sd","13:18:13",69000
25400,-600,700,"sd","13:18:04",68300
25400,-600,200,"bu","13:14:08",67600
25400,-600,9100,"bu","13:14:08",67400
25400,-600,200,"bu","13:11:26",58300
25350,-650,5000,"sd","13:09:51",58100
25400,-600,200,"sd","13:09:45",53100
25400,-600,200,"sd","13:09:45",52900
25400,-600,100,"sd","13:09:45",52700
25400,-600,200,"sd","13:09:45",52600
25600,-400,100,"bu","13:00:11",52400
25600,-400,100,"bu","13:00:10",52300
25600,-400,300,"sd","11:25:59",52200
25600,-400,100,"sd","11:24:57",51900
25600,-400,100,"sd","11:19:37",51800
25600,-400,100,"sd","11:19:37",51700
25600,-400,100,"sd","11:15:53",51600
25650,-350,100,"bu","11:00:30",51500
25650,-350,2400,"bu","10:59:59",51400
25650,-350,1600,"sd","10:58:49",49000
25650,-350,1000,"sd","10:53:12",47400
25600,-400,2000,"sd","10:46:17",46400
25600,-400,100,"sd","10:46:17",44400
25650,-350,100,"unknown","10:46:17",44300
25750,-250,11000,"bu","10:45:50",44200
25750,-250,1000,"sd","10:44:59",33200
25800,-200,100,"sd","10:44:59",32200
25800,-200,100,"sd","10:44:59",32100
25800,-200,100,"sd","10:44:59",32000
25800,-200,600,"sd","10:34:15",31900
25800,-200,1000,"sd","10:33:23",31300
25800,-200,2000,"sd","10:33:08",30300
25800,-200,1000,"sd","10:33:01",28300
25800,-200,1000,"sd","10:32:47",27300
25800,-200,700,"sd","10:32:41",26300
25800,-200,300,"sd","10:32:41",25600
25800,-200,200,"sd","10:31:24",25300
25800,-200,2000,"sd","10:29:16",25100
25850,-150,100,"sd","10:22:22",23100
25850,-150,200,"sd","10:15:44",23000
25850,-150,300,"sd","10:15:44",22800
25850,-150,2400,"bu","09:41:12",22500
25850,-150,600,"bu","09:41:08",20100
25850,-150,400,"bu","09:41:08",19500
25800,-200,100,"sd","09:33:30",19100
25800,-200,500,"sd","09:32:53",19000
25800,-200,300,"bu","09:29:44",18500
25800,-200,200,"bu","09:29:44",18200
25800,-200,200,"bu","09:27:10",18000
25800,-200,1400,"sd","09:26:54",17800
25850,-150,600,"bu","09:26:54",16400
25800,-200,100,"sd","09:26:30",15800
25850,-150,100,"sd","09:26:21",15700
25850,-150,100,"sd","09:26:10",15600
25850,-150,100,"sd","09:24:35",15500
25850,-150,100,"sd","09:24:35",15400
25850,-150,300,"sd","09:24:35",15300
25850,-150,500,"sd","09:23:33",15000
25850,-150,3000,"sd","09:23:12",14500
25850,-150,1000,"sd","09:22:38",11500
25850,-150,1900,"sd","09:22:22",10500
25850,-150,3000,"sd","09:21:35",8600
25850,-150,300,"sd","09:21:18",5600
25850,-150,200,"sd","09:21:18",5300
25850,-150,200,"sd","09:18:14",5100
25850,-150,600,"sd","09:16:34",4900
25900,-100,100,"sd","09:15:38",4300
25900,-100,100,"sd","09:15:38",4200
26000,0,4100,"bu","09:15:00",4100
