"price","change","match_qtty","side","time","total_vol"
44000,-1300,25000,"sd","14:44:59",318600
43350,-1950,300,"sd","14:29:33",293600
43350,-1950,100,"sd","14:29:33",293300
43950,-1350,100,"bu","14:26:57",293200
43300,-2000,400,"sd","14:25:16",293100
43300,-2000,500,"sd","14:24:18",292700
43400,-1900,100,"sd","14:23:57",292200
43400,-1900,200,"sd","14:23:55",292100
43400,-1900,200,"sd","14:23:53",291900
43400,-1900,100,"sd","14:23:51",291700
43950,-1350,100,"bu","14:23:49",291600
43500,-1800,500,"unknown","14:23:47",291500
43500,-1800,200,"unknown","14:23:44",291000
43500,-1800,100,"unknown","14:23:40",290800
43500,-1800,100,"unknown","14:23:36",290700
43550,-1750,200,"unknown","14:23:32",290600
43550,-1750,200,"unknown","14:23:28",290400
43550,-1750,300,"sd","14:23:02",290200
43550,-1750,4500,"sd","14:22:51",289900
43550,-1750,500,"sd","14:22:47",285400
43550,-1750,3800,"sd","14:22:45",284900
43550,-1750,500,"sd","14:22:27",281100
43550,-1750,200,"sd","14:21:25",280600
44000,-1300,200,"sd","14:18:55",280400
44000,-1300,200,"sd","14:18:55",280200
44000,-1300,700,"sd","14:18:48",280000
44000,-1300,100,"sd","14:18:48",279300
44000,-1300,100,"sd","14:18:48",279200
44100,-1200,600,"sd","14:18:48",279100
44100,-1200,100,"sd","14:17:48",278500
44100,-1200,100,"sd","14:16:36",278400
44100,-1200,600,"bu","14:15:52",278300
44100,-1200,1000,"bu","14:15:52",277700
44100,-1200,100,"bu","14:15:52",276700
44100,-1200,2800,"bu","14:15:52",276600
44100,-1200,100,"bu","14:14:57",273800
44100,-1200,2000,"bu","14:13:55",273700
44100,-1200,1700,"bu","14:12:57",271700
44100,-1200,1300,"bu","14:12:57",270000
44100,-1200,100,"bu","14:10:34",268700
44100,-1200,100,"bu","14:09:16",268600
44000,-1300,5000,"sd","14:04:38",268500
44100,-1200,1500,"sd","14:04:04",263500
44200,-1100,300,"sd","14:01:38",262000
44250,-1050,200,"sd","14:01:38",261700
44300,-1000,100,"bu","14:01:21",261500
44300,-1000,200,"bu","14:01:09",261400
44300,-1000,1000,"sd","14:01:04",261200
44300,-1000,800,"bu","14:00:40",260200
44300,-1000,200,"sd","13:59:24",259400
44300,-1000,1400,"bu","13:59:01",259200
44250,-1050,300,"sd","13:57:33",257800
44250,-1050,500,"bu","13:57:12",257500
44250,-1050,500,"bu","13:57:12",257000
44250,-1050,500,"bu","13:57:12",256500
44100,-1200,800,"bu","13:56:22",256000
44100,-1200,400,"bu","13:56:22",255200
44100,-1200,200,"bu","13:55:52",254800
44100,-1200,300,"bu","13:55:49",254600
44100,-1200,200,"bu","13:54:24",254300
44100,-1200,400,"bu","13:53:56",254100
44000,-1300,100,"bu","13:53:12",253700
44000,-1300,100,"bu","13:51:02",253600
44000,-1300,500,"sd","13:50:17",253500
44000,-1300,1300,"sd","13:50:17",253000
44000,-1300,400,"sd","13:49:50",251700
44000,-1300,200,"sd","13:49:50",251300
44100,-1200,100,"bu","13:49:06",251100
44000,-1300,300,"sd","13:48:44",251000
44000,-1300,100,"sd","13:48:44",250700
44000,-1300,100,"sd","13:48:44",250600
44100,-1200,500,"bu","13:48:25",250500
44000,-1300,100,"sd","13:48:10",250000
44100,-1200,400,"bu","13:47:35",249900
44000,-1300,200,"sd","13:43:58",249500
44000,-1300,800,"bu","13:43:33",249300
44000,-1300,1400,"bu","13:42:17",248500
44000,-1300,100,"bu","13:42:17",247100
44000,-1300,700,"sd","13:42:17",247000
44100,-1200,100,"bu","13:41:05",246300
44000,-1300,200,"sd","13:40:22",246200
44000,-1300,100,"sd","13:38:36",246000
44000,-1300,100,"sd","13:37:39",245900
43900,-1400,300,"bu","13:34:48",245800
43900,-1400,100,"bu","13:34:17",245500
43950,-1350,100,"bu","13:31:56",245400
44000,-1300,100,"bu","13:29:24",245300
44000,-1300,200,"bu","13:29:24",245200
43300,-2000,300,"sd","13:28:33",245000
43300,-2000,200,"sd","13:28:33",244700
43300,-2000,300,"sd","13:28:33",244500
43700,-1600,800,"sd","13:28:33",244200
43700,-1600,1300,"bu","13:28:18",243400
43600,-1700,400,"bu","13:28:18",242100
43300,-2000,200,"bu","13:27:38",241700
43300,-2000,100,"bu","13:27:21",241500
43300,-2000,200,"bu","13:27:18",241400
43300,-2000,100,"bu","13:27:18",241200
43200,-2100,500,"unknown","13:26:56",241100
43200,-2100,1000,"bu","13:26:47",240600
43100,-2200,200,"sd","13:26:35",239600
43150,-2150,100,"sd","13:26:35",239400
43300,-2000,200,"bu","13:26:34",239300
43150,-2150,400,"sd","13:26:31",239100
43100,-2200,300,"sd","13:25:41",238700
43200,-2100,100,"sd","13:24:43",238400
43200,-2100,800,"sd","13:24:43",238300
43200,-2100,200,"sd","13:24:18",237500
43250,-2050,100,"sd","13:24:18",237300
43250,-2050,200,"sd","13:24:18",237200
43250,-2050,500,"sd","13:24:18",237000
43300,-2000,100,"bu","13:23:26",236500
43300,-2000,100,"bu","13:23:02",236400
43300,-2000,100,"bu","13:22:47",236300
43300,-2000,100,"bu","13:22:46",236200
43300,-2000,300,"bu","13:22:45",236100
43500,-1800,100,"bu","13:22:43",235800
43300,-2000,1000,"sd","13:22:27",235700
43300,-2000,100,"sd","13:22:13",234700
43300,-2000,8200,"sd","13:22:06",234600
43300,-2000,300,"sd","13:22:02",226400
43300,-2000,10100,"sd","13:21:53",226100
43300,-2000,100,"sd","13:21:52",216000
43350,-1950,100,"sd","13:21:50",215900
43350,-1950,10000,"sd","13:21:49",215800
43350,-1950,1000,"sd","13:21:48",205800
43500,-1800,200,"bu","13:21:33",204800
43500,-1800,1000,"bu","13:21:32",204600
43500,-1800,800,"bu","13:21:31",203600
43500,-1800,200,"bu","13:21:30",202800
43500,-1800,500,"bu","13:21:28",202600
43500,-1800,500,"bu","13:21:27",202100
43500,-1800,500,"sd","13:21:26",201600
43500,-1800,100,"sd","13:21:24",201100
43500,-1800,100,"sd","13:21:23",201000
43550,-1750,2800,"unknown","13:21:22",200900
43500,-1800,3000,"sd","13:21:22",198100
43500,-1800,100,"sd","13:21:17",195100
43500,-1800,200,"sd","13:21:17",195000
43500,-1800,500,"sd","13:21:16",194800
43500,-1800,600,"sd","13:21:15",194300
43500,-1800,800,"sd","13:21:14",193700
43500,-1800,100,"sd","13:21:13",192900
43500,-1800,1000,"sd","13:21:12",192800
43500,-1800,200,"sd","13:21:10",191800
43550,-1750,700,"sd","13:21:10",191600
43550,-1750,2000,"sd","13:21:10",190900
43550,-1750,3200,"sd","13:20:54",188900
43550,-1750,1300,"sd","13:20:36",185700
43550,-1750,200,"sd","13:20:35",184400
43550,-1750,200,"sd","13:20:33",184200
43550,-1750,100,"sd","13:20:32",184000
43550,-1750,100,"sd","13:20:31",183900
43550,-1750,100,"sd","13:20:30",183800
43600,-1700,100,"bu","13:19:46",183700
43600,-1700,100,"bu","13:19:01",183600
43600,-1700,200,"sd","13:18:19",183500
43600,-1700,100,"sd","13:18:19",183300
43600,-1700,200,"sd","13:18:19",183200
43700,-1600,500,"sd","13:16:22",183000
43700,-1600,100,"sd","13:16:22",182500
43700,-1600,400,"sd","13:16:22",182400
43700,-1600,100,"sd","13:16:22",182000
43700,-1600,200,"sd","13:16:22",181900
43700,-1600,400,"sd","13:16:22",181700
43700,-1600,100,"bu","13:13:55",181300
43700,-1600,5000,"bu","13:13:47",181200
43700,-1600,500,"bu","13:13:37",176200
43700,-1600,1000,"bu","13:12:29",175700
43700,-1600,500,"bu","13:10:44",174700
43700,-1600,100,"bu","13:10:33",174200
43700,-1600,500,"bu","13:10:00",174100
43700,-1600,1200,"bu","13:09:17",173600
43700,-1600,200,"bu","13:08:33",172400
43600,-1700,600,"sd","13:07:32",172200
43600,-1700,100,"sd","13:07:32",171600
43600,-1700,100,"sd","13:07:32",171500
43650,-1650,200,"sd","13:07:32",171400
43650,-1650,800,"bu","13:07:29",171200
43600,-1700,900,"sd","13:07:23",170400
43600,-1700,100,"sd","13:07:23",169500
43600,-1700,1000,"sd","13:07:23",169400
43600,-1700,800,"sd","13:07:17",168400
43600,-1700,200,"sd","13:07:17",167600
43650,-1650,500,"bu","13:06:47",167400
43650,-1650,100,"sd","13:06:34",166900
43650,-1650,1000,"sd","13:06:34",166800
43650,-1650,4000,"sd","13:06:04",165800
43700,-1600,500,"bu","13:06:00",161800
43700,-1600,1000,"bu","13:05:54",161300
43650,-1650,5000,"sd","13:04:09",160300
43700,-1600,1000,"bu","13:03:42",155300
43700,-1600,2000,"sd","13:03:41",154300
43700,-1600,200,"sd","13:03:41",152300
43700,-1600,1000,"sd","13:03:41",152100
43700,-1600,5500,"sd","13:03:41",151100
43700,-1600,1100,"sd","13:03:39",145600
43700,-1600,3400,"sd","13:02:33",144500
43700,-1600,200,"sd","13:02:33",141100
43700,-1600,100,"sd","13:02:33",140900
43700,-1600,1300,"sd","13:02:33",140800
43750,-1550,100,"bu","13:02:31",139500
43750,-1550,1000,"sd","13:02:24",139400
43750,-1550,100,"sd","13:02:24",138400
43750,-1550,100,"sd","13:02:24",138300
43750,-1550,100,"sd","13:02:24",138200
43750,-1550,200,"sd","13:02:24",138100
43750,-1550,100,"sd","13:02:24",137900
43750,-1550,100,"sd","13:02:24",137800
43750,-1550,1600,"sd","13:01:44",137700
43750,-1550,100,"sd","13:01:32",136100
43750,-1550,100,"sd","13:01:30",136000
43750,-1550,200,"sd","13:01:27",135900
43750,-1550,1000,"sd","13:01:19",135700
43800,-1500,100,"unknown","13:01:09",134700
43800,-1500,100,"unknown","13:01:07",134600
43800,-1500,100,"bu","13:00:52",134500
43750,-1550,900,"sd","13:00:37",134400
43750,-1550,1000,"sd","13:00:09",133500
43750,-1550,3000,"sd","13:00:07",132500
43750,-1550,500,"sd","11:29:03",129500
43750,-1550,100,"sd","11:28:52",129000
43750,-1550,100,"sd","11:28:49",128900
43750,-1550,200,"sd","11:28:38",128800
43950,-1350,1000,"bu","11:28:22",128600
43950,-1350,1100,"bu","11:27:57",127600
43950,-1350,400,"bu","11:27:57",126500
43950,-1350,100,"bu","11:27:35",126100
44000,-1300,100,"bu","11:24:59",126000
44000,-1300,100,"bu","11:23:39",125900
43750,-1550,100,"sd","11:22:30",125800
43750,-1550,100,"sd","11:22:00",125700
43750,-1550,1400,"sd","11:21:56",125600
43750,-1550,1000,"sd","11:21:53",124200
43750,-1550,200,"sd","11:21:51",123200
43800,-1500,300,"sd","11:21:49",123000
43800,-1500,200,"sd","11:21:48",122700
43800,-1500,1900,"sd","11:21:46",122500
43850,-1450,200,"unknown","11:21:25",120600
43850,-1450,100,"unknown","11:21:23",120400
43850,-1450,300,"unknown","11:21:22",120300
43850,-1450,500,"unknown","11:21:20",120000
44000,-1300,1000,"sd","11:19:44",119500
44000,-1300,200,"sd","11:19:23",118500
44000,-1300,800,"sd","11:19:18",118300
44000,-1300,200,"sd","11:19:18",117500
44100,-1200,300,"sd","11:16:33",117300
44250,-1050,100,"bu","11:16:13",117000
44250,-1050,100,"bu","11:16:13",116900
44250,-1050,400,"bu","11:05:30",116800
44200,-1100,500,"bu","11:05:30",116400
44000,-1300,100,"bu","11:05:30",115900
43800,-1500,100,"sd","11:03:45",115800
43800,-1500,1000,"sd","11:03:45",115700
43800,-1500,100,"sd","11:03:45",114700
43800,-1500,300,"sd","11:03:45",114600
43800,-1500,500,"sd","11:03:45",114300
43800,-1500,500,"sd","11:03:45",113800
43800,-1500,100,"sd","11:03:44",113300
43800,-1500,100,"sd","11:03:44",113200
43800,-1500,100,"sd","11:03:44",113100
43800,-1500,100,"sd","11:03:44",113000
43800,-1500,200,"sd","11:03:44",112900
43850,-1450,500,"sd","11:03:44",112700
43850,-1450,100,"sd","11:03:44",112200
43850,-1450,100,"sd","11:03:44",112100
43850,-1450,100,"sd","11:03:44",112000
43850,-1450,100,"sd","11:03:44",111900
43850,-1450,100,"sd","11:03:44",111800
43850,-1450,100,"sd","11:03:44",111700
43900,-1400,200,"sd","11:03:44",111600
43900,-1400,300,"sd","11:02:19",111400
43900,-1400,100,"sd","11:02:19",111100
43900,-1400,100,"sd","11:02:19",111000
43900,-1400,100,"sd","11:02:19",110900
43900,-1400,100,"sd","11:02:19",110800
43900,-1400,300,"sd","11:02:19",110700
43900,-1400,300,"sd","11:00:49",110400
43900,-1400,1000,"sd","11:00:43",110100
43900,-1400,900,"sd","11:00:27",109100
44000,-1300,500,"sd","10:59:46",108200
44000,-1300,100,"sd","10:59:46",107700
44000,-1300,300,"sd","10:59:46",107600
44000,-1300,1500,"sd","10:59:46",107300
44000,-1300,2000,"sd","10:59:40",105800
44000,-1300,1000,"sd","10:59:34",103800
44000,-1300,500,"sd","10:59:33",102800
44000,-1300,200,"sd","10:59:33",102300
44000,-1300,200,"sd","10:59:33",102100
44000,-1300,100,"sd","10:59:33",101900
44000,-1300,500,"sd","10:59:31",101800
44000,-1300,500,"sd","10:59:31",101300
44000,-1300,100,"sd","10:59:31",100800
44000,-1300,500,"sd","10:59:31",100700
44000,-1300,100,"sd","10:59:31",100200
44000,-1300,100,"sd","10:59:31",100100
44000,-1300,100,"sd","10:59:31",100000
44000,-1300,600,"sd","10:59:31",99900
44000,-1300,200,"sd","10:59:31",99300
44000,-1300,100,"sd","10:59:31",99100
44000,-1300,200,"sd","10:59:31",99000
44000,-1300,400,"sd","10:59:13",98800
44000,-1300,100,"sd","10:59:13",98400
44000,-1300,500,"sd","10:59:13",98300
44050,-1250,200,"sd","10:58:50",97800
44100,-1200,100,"unknown","10:56:48",97600
44100,-1200,1400,"unknown","10:56:47",97500
44100,-1200,600,"sd","10:54:44",96100
44100,-1200,200,"sd","10:54:44",95500
44150,-1150,200,"sd","10:54:44",95300
44250,-1050,500,"sd","10:53:17",95100
44250,-1050,500,"sd","10:53:08",94600
44250,-1050,200,"sd","10:50:03",94100
44250,-1050,100,"sd","10:50:03",93900
44000,-1300,200,"sd","10:40:47",93800
44100,-1200,200,"unknown","10:40:31",93600
44000,-1300,1000,"sd","10:35:28",93400
44000,-1300,300,"sd","10:35:17",92400
44000,-1300,700,"sd","10:35:17",92100
44050,-1250,200,"sd","10:33:58",91400
44050,-1250,2000,"sd","10:33:52",91200
44050,-1250,2800,"sd","10:32:56",89200
44050,-1250,200,"sd","10:32:56",86400
44100,-1200,200,"sd","10:32:50",86200
44100,-1200,300,"sd","10:27:17",86000
44100,-1200,100,"sd","10:27:17",85700
44100,-1200,700,"sd","10:27:17",85600
44100,-1200,200,"sd","10:27:17",84900
44100,-1200,100,"sd","10:24:13",84700
44300,-1000,100,"sd","10:22:01",84600
44300,-1000,200,"sd","10:22:01",84500
44300,-1000,1100,"sd","10:22:01",84300
44350,-950,1000,"sd","10:20:48",83200
44350,-950,500,"sd","10:19:40",82200
44350,-950,400,"bu","10:19:09",81700
44350,-950,100,"bu","10:19:09",81300
44350,-950,900,"bu","10:18:44",81200
44350,-950,500,"sd","10:18:09",80300
44350,-950,600,"bu","10:17:41",79800
44350,-950,1000,"bu","10:17:07",79200
44350,-950,1400,"sd","10:16:52",78200
44350,-950,600,"bu","10:15:18",76800
44350,-950,100,"sd","10:15:04",76200
44350,-950,1000,"sd","10:15:04",76100
44350,-950,200,"sd","10:15:04",75100
44350,-950,100,"sd","10:15:04",74900
44550,-750,300,"sd","10:14:36",74800
44550,-750,700,"bu","10:13:59",74500
44550,-750,100,"sd","10:11:48",73800
44600,-700,100,"bu","10:09:51",73700
44600,-700,100,"bu","10:09:29",73600
44600,-700,500,"bu","10:09:28",73500
44550,-750,100,"bu","10:07:07",73000
44600,-700,500,"bu","10:03:04",72900
44600,-700,100,"bu","10:01:08",72400
44300,-1000,400,"bu","09:58:44",72300
44300,-1000,100,"bu","09:58:42",71900
44100,-1200,1700,"bu","09:57:20",71800
44100,-1200,100,"bu","09:54:06",70100
44100,-1200,200,"bu","09:53:54",70000
44100,-1200,5000,"bu","09:53:29",69800
44100,-1200,1000,"bu","09:53:07",64800
44100,-1200,100,"bu","09:53:00",63800
44100,-1200,1900,"bu","09:52:54",63700
44000,-1300,100,"bu","09:52:11",61800
44000,-1300,8400,"bu","09:52:11",61700
44000,-1300,1000,"bu","09:51:38",53300
43900,-1400,100,"sd","09:50:00",52300
44000,-1300,1000,"bu","09:49:50",52200
44000,-1300,300,"bu","09:49:36",51200
44000,-1300,100,"bu","09:49:01",50900
44000,-1300,500,"sd","09:48:36",50800
44000,-1300,100,"sd","09:47:45",50300
44000,-1300,1300,"sd","09:47:13",50200
44000,-1300,100,"bu","09:45:25",48900
44000,-1300,1000,"bu","09:45:25",48800
43900,-1400,200,"bu","09:45:06",47800
43900,-1400,100,"bu","09:44:49",47600
43900,-1400,100,"bu","09:44:49",47500
43900,-1400,100,"bu","09:44:49",47400
43900,-1400,100,"bu","09:42:48",47300
43900,-1400,300,"bu","09:41:43",47200
43900,-1400,300,"sd","09:41:31",46900
43900,-1400,200,"bu","09:41:13",46600
43800,-1500,500,"bu","09:41:13",46400
43800,-1500,200,"sd","09:41:01",45900
43800,-1500,300,"sd","09:41:01",45700
43800,-1500,100,"sd","09:41:01",45400
43800,-1500,100,"sd","09:41:01",45300
43800,-1500,2200,"sd","09:41:01",45200
43800,-1500,500,"sd","09:39:57",43000
43900,-1400,100,"sd","09:39:11",42500
43800,-1500,5000,"sd","09:38:40",42400
43800,-1500,300,"sd","09:38:32",37400
43800,-1500,1200,"sd","09:38:11",37100
43800,-1500,800,"sd","09:37:37",35900
43800,-1500,200,"sd","09:37:37",35100
44000,-1300,100,"bu","09:37:30",34900
43800,-1500,100,"sd","09:36:58",34800
43900,-1400,200,"bu","09:35:57",34700
43900,-1400,300,"bu","09:35:57",34500
43900,-1400,200,"bu","09:35:57",34200
43900,-1400,2000,"bu","09:34:27",34000
43900,-1400,500,"bu","09:34:22",32000
43900,-1400,600,"bu","09:34:06",31500
43900,-1400,200,"bu","09:33:27",30900
43900,-1400,500,"bu","09:33:14",30700
43900,-1400,700,"bu","09:33:07",30200
43900,-1400,300,"sd","09:32:51",29500
43900,-1400,100,"sd","09:32:51",29200
43800,-1500,200,"sd","09:32:17",29100
43800,-1500,100,"sd","09:32:17",28900
43800,-1500,200,"sd","09:32:17",28800
43800,-1500,2700,"sd","09:32:17",28600
43900,-1400,200,"sd","09:32:17",25900
43900,-1400,600,"sd","09:32:17",25700
43900,-1400,400,"bu","09:30:11",25100
43900,-1400,200,"bu","09:30:11",24700
43900,-1400,1000,"bu","09:30:07",24500
43900,-1400,100,"bu","09:30:04",23500
43900,-1400,1000,"bu","09:29:58",23400
43900,-1400,100,"bu","09:29:45",22400
43900,-1400,800,"bu","09:29:39",22300
43900,-1400,700,"bu","09:29:28",21500
43900,-1400,100,"bu","09:29:13",20800
43900,-1400,200,"bu","09:29:12",20700
43900,-1400,100,"bu","09:29:10",20500
43900,-1400,200,"bu","09:29:05",20400
43900,-1400,100,"sd","09:29:04",20200
44000,-1300,500,"bu","09:28:42",20100
44000,-1300,100,"sd","09:28:31",19600
44000,-1300,1000,"sd","09:28:31",19500
44000,-1300,100,"sd","09:28:31",18500
44050,-1250,1200,"sd","09:28:31",18400
44050,-1250,1500,"bu","09:28:23",17200
44050,-1250,2500,"bu","09:28:23",15700
44050,-1250,500,"bu","09:28:16",13200
44050,-1250,500,"bu","09:28:06",12700
44050,-1250,100,"bu","09:27:57",12200
44050,-1250,100,"bu","09:27:50",12100
44050,-1250,100,"bu","09:27:42",12000
44050,-1250,100,"bu","09:27:37",11900
44050,-1250,100,"bu","09:26:12",11800
43800,-1500,300,"bu","09:25:03",11700
43700,-1600,700,"sd","09:24:59",11400
43700,-1600,100,"sd","09:24:59",10700
43700,-1600,600,"sd","09:24:59",10600
43800,-1500,100,"sd","09:24:32",10000
43700,-1600,1400,"sd","09:22:53",9900
43700,-1600,100,"sd","09:22:53",8500
43750,-1550,500,"sd","09:22:53",8400
43700,-1600,100,"sd","09:22:19",7900
43700,-1600,200,"sd","09:22:19",7800
43700,-1600,100,"sd","09:22:19",7600
43700,-1600,100,"sd","09:22:19",7500
43700,-1600,200,"sd","09:21:48",7400
43700,-1600,100,"sd","09:21:48",7200
43650,-1650,300,"sd","09:20:35",7100
43650,-1650,100,"sd","09:20:35",6800
44000,-1300,1500,"bu","09:20:06",6700
44050,-1250,200,"bu","09:18:32",5200
44050,-1250,200,"bu","09:18:32",5000
43500,-1800,1800,"sd","09:18:30",4800
43500,-1800,100,"sd","09:18:30",3000
44000,-1300,100,"sd","09:18:30",2900
44000,-1300,500,"sd","09:18:23",2800
44000,-1300,100,"sd","09:18:23",2300
44050,-1250,100,"sd","09:17:35",2200
44050,-1250,100,"sd","09:17:35",2100
44200,-1100,400,"sd","09:17:35",2000
44250,-1050,100,"sd","09:17:35",1600
44250,-1050,100,"sd","09:17:35",1500
44450,-850,400,"bu","09:17:30",1400
44450,-850,100,"bu","09:17:11",1000
44500,-800,900,"bu","09:15:00",900
