"price","change","match_qtty","side","time","total_vol"
9050,-50,135900,"unknown","14:45:00",3482400
9060,-40,1000,"sd","14:29:35",3346500
9060,-40,2000,"bu","14:29:21",3345500
9060,-40,100,"bu","14:29:20",3343500
9060,-40,2900,"sd","14:29:16",3343400
9060,-40,100,"sd","14:29:13",3340500
9060,-40,200,"sd","14:29:13",3340400
9060,-40,100,"sd","14:29:13",3340200
9060,-40,600,"sd","14:29:13",3340100
9060,-40,1400,"sd","14:29:06",3339500
9060,-40,100,"sd","14:29:06",3338100
9060,-40,1700,"sd","14:29:06",3338000
9060,-40,800,"sd","14:29:06",3336300
9060,-40,2300,"sd","14:28:58",3335500
9060,-40,200,"sd","14:28:58",3333200
9060,-40,200,"sd","14:28:55",3333000
9060,-40,500,"bu","14:28:42",3332800
9060,-40,2600,"bu","14:28:42",3332300
9060,-40,2500,"bu","14:28:42",3329700
9060,-40,1000,"bu","14:28:41",3327200
9060,-40,5000,"bu","14:28:40",3326200
9060,-40,100,"bu","14:28:39",3321200
9060,-40,100,"bu","14:28:37",3321100
9060,-40,100,"sd","14:28:33",3321000
9060,-40,100,"sd","14:28:33",3320900
9060,-40,100,"sd","14:28:33",3320800
9060,-40,100,"sd","14:28:33",3320700
9060,-40,900,"sd","14:28:33",3320600
9060,-40,100,"bu","14:28:23",3319700
9050,-50,9700,"sd","14:28:21",3319600
9060,-40,200,"sd","14:28:21",3309900
9060,-40,100,"sd","14:28:21",3309700
9050,-50,1900,"sd","14:28:13",3309600
9060,-40,100,"sd","14:28:13",3307700
9050,-50,9200,"sd","14:28:02",3307600
9050,-50,800,"sd","14:28:02",3298400
9070,-30,400,"bu","14:28:00",3297600
9070,-30,400,"bu","14:28:00",3297200
9070,-30,100,"bu","14:27:54",3296800
9050,-50,2200,"sd","14:27:47",3296700
9050,-50,2800,"sd","14:27:47",3294500
9050,-50,6400,"sd","14:27:40",3291700
9060,-40,100,"bu","14:27:33",3285300
9060,-40,100,"bu","14:27:32",3285200
9060,-40,100,"bu","14:27:29",3285100
9060,-40,100,"bu","14:27:26",3285000
9060,-40,100,"bu","14:27:23",3284900
9060,-40,100,"bu","14:27:21",3284800
9060,-40,100,"bu","14:27:19",3284700
9060,-40,200,"sd","14:27:16",3284600
9060,-40,100,"sd","14:27:09",3284400
9060,-40,100,"sd","14:27:09",3284300
9060,-40,400,"sd","14:27:01",3284200
9060,-40,500,"sd","14:27:01",3283800
9060,-40,1000,"sd","14:27:01",3283300
9060,-40,100,"sd","14:27:01",3282300
9070,-30,100,"bu","14:26:58",3282200
9070,-30,100,"bu","14:26:51",3282100
9070,-30,200,"bu","14:26:48",3282000
9070,-30,400,"bu","14:26:34",3281800
9070,-30,100,"bu","14:26:21",3281400
9070,-30,500,"bu","14:26:21",3281300
9070,-30,400,"bu","14:26:21",3280800
9070,-30,300,"bu","14:26:18",3280400
9070,-30,100,"bu","14:26:16",3280100
9070,-30,100,"bu","14:26:09",3280000
9070,-30,100,"bu","14:25:59",3279900
9070,-30,100,"bu","14:25:57",3279800
9060,-40,100,"bu","14:25:56",3279700
9060,-40,1000,"bu","14:25:54",3279600
9060,-40,3000,"bu","14:25:54",3278600
9060,-40,300,"sd","14:25:50",3275600
9060,-40,500,"sd","14:25:50",3275300
9060,-40,100,"sd","14:25:50",3274800
9070,-30,500,"bu","14:25:50",3274700
9060,-40,100,"bu","14:25:37",3274200
9080,-20,100,"bu","14:25:36",3274100
9080,-20,200,"bu","14:25:34",3274000
9060,-40,800,"bu","14:25:34",3273800
9060,-40,100,"bu","14:25:34",3273000
9060,-40,100,"bu","14:25:27",3272900
9050,-50,5000,"sd","14:25:22",3272800
9050,-50,5800,"sd","14:25:16",3267800
9050,-50,25000,"sd","14:25:16",3262000
9050,-50,1000,"sd","14:25:16",3237000
9050,-50,1500,"sd","14:25:16",3236000
9050,-50,5000,"sd","14:25:16",3234500
9050,-50,1000,"sd","14:25:16",3229500
9050,-50,3600,"sd","14:25:16",3228500
9050,-50,300,"sd","14:25:16",3224900
9050,-50,500,"sd","14:25:16",3224600
9060,-40,300,"sd","14:25:16",3224100
9060,-40,2000,"sd","14:25:16",3223800
9060,-40,1400,"sd","14:25:16",3221800
9060,-40,100,"sd","14:25:16",3220400
9060,-40,300,"sd","14:25:16",3220300
9060,-40,1000,"sd","14:25:16",3220000
9060,-40,100,"sd","14:25:16",3219000
9060,-40,1000,"sd","14:25:16",3218900
9060,-40,100,"sd","14:25:16",3217900
9060,-40,100,"sd","14:25:10",3217800
9060,-40,100,"sd","14:25:09",3217700
9060,-40,800,"bu","14:24:42",3217600
9060,-40,100,"bu","14:24:39",3216800
9060,-40,100,"bu","14:24:31",3216700
9060,-40,800,"bu","14:24:26",3216600
9060,-40,100,"bu","14:24:21",3215800
9060,-40,2000,"sd","14:24:20",3215700
9060,-40,100,"sd","14:24:20",3213700
9080,-20,100,"bu","14:24:02",3213600
9050,-50,500,"sd","14:24:00",3213500
9050,-50,1000,"sd","14:24:00",3213000
9050,-50,100,"sd","14:24:00",3212000
9050,-50,2000,"sd","14:24:00",3211900
9050,-50,1000,"sd","14:24:00",3209900
9050,-50,5000,"sd","14:24:00",3208900
9050,-50,200,"sd","14:24:00",3203900
9050,-50,300,"sd","14:24:00",3203700
9050,-50,2000,"sd","14:24:00",3203400
9050,-50,1000,"sd","14:24:00",3201400
9050,-50,2000,"sd","14:24:00",3200400
9050,-50,5000,"sd","14:24:00",3198400
9050,-50,100,"sd","14:24:00",3193400
9050,-50,900,"sd","14:24:00",3193300
9050,-50,1000,"sd","14:24:00",3192400
9050,-50,1000,"sd","14:24:00",3191400
9050,-50,200,"sd","14:24:00",3190400
9050,-50,20000,"sd","14:24:00",3190200
9050,-50,2100,"sd","14:24:00",3170200
9060,-40,100,"sd","14:24:00",3168100
9070,-30,4500,"sd","14:24:00",3168000
9070,-30,500,"bu","14:23:58",3163500
9070,-30,1000,"sd","14:23:40",3163000
9050,-50,7900,"sd","14:23:26",3162000
9050,-50,500,"sd","14:23:26",3154100
9050,-50,100,"sd","14:23:26",3153600
9050,-50,1000,"sd","14:23:26",3153500
9050,-50,4300,"sd","14:23:26",3152500
9060,-40,300,"sd","14:23:26",3148200
9060,-40,500,"sd","14:23:26",3147900
9060,-40,10000,"sd","14:23:26",3147400
9060,-40,2000,"sd","14:23:26",3137400
9060,-40,200,"sd","14:23:26",3135400
9060,-40,200,"sd","14:23:26",3135200
9060,-40,1800,"sd","14:23:26",3135000
9060,-40,500,"sd","14:23:26",3133200
9060,-40,500,"sd","14:23:26",3132700
9060,-40,100,"sd","14:23:26",3132200
9060,-40,1000,"sd","14:23:26",3132100
9060,-40,300,"sd","14:23:26",3131100
9060,-40,400,"sd","14:23:26",3130800
9060,-40,2000,"sd","14:23:26",3130400
9070,-30,1000,"sd","14:23:26",3128400
9070,-30,1100,"sd","14:23:26",3127400
9070,-30,100,"sd","14:23:26",3126300
9070,-30,2200,"sd","14:23:26",3126200
9070,-30,2300,"sd","14:23:21",3124000
9070,-30,100,"sd","14:23:21",3121700
9070,-30,2000,"sd","14:23:21",3121600
9070,-30,600,"sd","14:23:21",3119600
9070,-30,800,"sd","14:23:19",3119000
9070,-30,3600,"sd","14:22:41",3118200
9070,-30,500,"sd","14:22:41",3114600
9070,-30,700,"sd","14:22:41",3114100
9070,-30,100,"sd","14:22:41",3113400
9070,-30,100,"sd","14:22:41",3113300
9070,-30,200,"bu","14:22:07",3113200
9070,-30,5000,"bu","14:22:06",3113000
9070,-30,100,"bu","14:22:05",3108000
9070,-30,100,"bu","14:22:03",3107900
9070,-30,1000,"bu","14:22:03",3107800
9070,-30,100,"bu","14:22:00",3106800
9070,-30,100,"bu","14:21:59",3106700
9070,-30,100,"bu","14:21:56",3106600
9070,-30,100,"bu","14:21:51",3106500
9070,-30,300,"bu","14:21:50",3106400
9070,-30,1000,"sd","14:21:35",3106100
9070,-30,5000,"sd","14:21:35",3105100
9070,-30,100,"sd","14:21:35",3100100
9070,-30,100,"sd","14:21:35",3100000
9070,-30,10000,"sd","14:21:35",3099900
9070,-30,1000,"sd","14:21:35",3089900
9070,-30,100,"sd","14:21:35",3088900
9070,-30,500,"sd","14:21:35",3088800
9070,-30,1000,"sd","14:21:35",3088300
9070,-30,100,"sd","14:21:35",3087300
9070,-30,1000,"sd","14:21:35",3087200
9070,-30,100,"sd","14:21:35",3086200
9070,-30,1800,"sd","14:21:35",3086100
9080,-20,100,"sd","14:21:35",3084300
9080,-20,100,"sd","14:21:35",3084200
9080,-20,500,"sd","14:21:35",3084100
9080,-20,2000,"sd","14:21:35",3083600
9080,-20,200,"sd","14:21:35",3081600
9080,-20,2900,"sd","14:21:35",3081400
9080,-20,13800,"sd","14:21:35",3078500
9090,-10,1500,"sd","14:21:35",3064700
9090,-10,500,"sd","14:21:22",3063200
9090,-10,9000,"bu","14:21:14",3062700
9090,-10,1000,"bu","14:21:13",3053700
9090,-10,1000,"bu","14:21:11",3052700
9090,-10,8000,"sd","14:21:10",3051700
9090,-10,1000,"sd","14:21:10",3043700
9100,0,100,"bu","14:20:18",3042700
9090,-10,100,"sd","14:20:04",3042600
9100,0,200,"bu","14:19:33",3042500
9080,-20,1500,"sd","14:19:24",3042300
9080,-20,700,"bu","14:19:22",3040800
9080,-20,300,"sd","14:19:17",3040100
9080,-20,200,"bu","14:19:16",3039800
9080,-20,500,"bu","14:19:16",3039600
9080,-20,100,"bu","14:19:05",3039100
9080,-20,100,"bu","14:19:02",3039000
9080,-20,200,"bu","14:18:33",3038900
9080,-20,500,"sd","14:18:32",3038700
9080,-20,500,"sd","14:18:32",3038200
9080,-20,2000,"sd","14:18:32",3037700
9080,-20,100,"sd","14:18:32",3035700
9080,-20,800,"sd","14:18:32",3035600
9080,-20,5700,"sd","14:18:32",3034800
9080,-20,400,"sd","14:18:13",3029100
9090,-10,100,"unknown","14:18:13",3028700
9080,-20,500,"sd","14:18:06",3028600
9100,0,900,"bu","14:18:02",3028100
9080,-20,1000,"sd","14:17:42",3027200
9100,0,500,"bu","14:17:35",3026200
9100,0,9300,"bu","14:17:24",3025700
9100,0,500,"bu","14:17:24",3016400
9100,0,200,"bu","14:17:24",3015900
9100,0,400,"bu","14:17:14",3015700
9100,0,500,"bu","14:17:14",3015300
9100,0,100,"bu","14:17:14",3014800
9100,0,2000,"bu","14:17:07",3014700
9080,-20,2400,"bu","14:16:40",3012700
9080,-20,100,"bu","14:16:39",3010300
9080,-20,500,"bu","14:16:31",3010200
9080,-20,2000,"sd","14:16:28",3009700
9080,-20,500,"sd","14:16:20",3007700
9080,-20,500,"sd","14:16:20",3007200
9080,-20,500,"sd","14:16:20",3006700
9080,-20,2600,"sd","14:16:20",3006200
9100,0,100,"bu","14:15:37",3003600
9080,-20,100,"sd","14:15:20",3003500
9080,-20,300,"sd","14:15:19",3003400
9080,-20,100,"bu","14:15:05",3003100
9080,-20,1900,"bu","14:15:04",3003000
9080,-20,2000,"bu","14:15:04",3001100
9080,-20,200,"bu","14:15:04",2999100
9080,-20,2000,"bu","14:15:04",2998900
9080,-20,3900,"bu","14:15:04",2996900
9080,-20,100,"bu","14:15:01",2993000
9080,-20,12800,"bu","14:14:58",2992900
9080,-20,100,"bu","14:14:56",2980100
9080,-20,600,"bu","14:14:52",2980000
9080,-20,100,"bu","14:14:49",2979400
9080,-20,500,"bu","14:14:46",2979300
9080,-20,100,"bu","14:14:45",2978800
9080,-20,500,"bu","14:14:45",2978700
9080,-20,200,"bu","14:14:42",2978200
9080,-20,100,"bu","14:14:35",2978000
9080,-20,2500,"bu","14:14:32",2977900
9070,-30,2000,"sd","14:14:27",2975400
9080,-20,100,"bu","14:14:20",2973400
9080,-20,18400,"bu","14:14:15",2973300
9080,-20,1600,"bu","14:14:15",2954900
9080,-20,900,"bu","14:14:12",2953300
9070,-30,1200,"sd","14:13:53",2952400
9070,-30,200,"sd","14:13:53",2951200
9070,-30,200,"sd","14:13:53",2951000
9070,-30,1700,"sd","14:13:53",2950800
9070,-30,300,"sd","14:13:48",2949100
9070,-30,1000,"sd","14:13:30",2948800
9070,-30,2000,"bu","14:13:01",2947800
9070,-30,100,"bu","14:12:59",2945800
9070,-30,200,"bu","14:12:56",2945700
9070,-30,100,"bu","14:12:56",2945500
9070,-30,100,"bu","14:12:55",2945400
9070,-30,3000,"bu","14:12:55",2945300
9070,-30,300,"bu","14:12:54",2942300
9070,-30,100,"bu","14:12:53",2942000
9070,-30,100,"bu","14:12:37",2941900
9070,-30,1000,"bu","14:12:34",2941800
9060,-40,2000,"sd","14:12:34",2940800
9070,-30,100,"bu","14:12:32",2938800
9070,-30,400,"bu","14:12:32",2938700
9070,-30,100,"bu","14:12:32",2938300
9060,-40,5000,"sd","14:12:31",2938200
9070,-30,100,"bu","14:12:29",2933200
9070,-30,300,"bu","14:12:29",2933100
9070,-30,1700,"bu","14:12:29",2932800
9070,-30,100,"bu","14:12:21",2931100
9070,-30,2200,"bu","14:12:18",2931000
9070,-30,18400,"bu","14:12:17",2928800
9070,-30,100,"bu","14:12:05",2910400
9070,-30,3000,"bu","14:12:01",2910300
9070,-30,100,"bu","14:11:58",2907300
9060,-40,100,"sd","14:11:57",2907200
9070,-30,500,"bu","14:11:56",2907100
9070,-30,100,"bu","14:11:53",2906600
9070,-30,2000,"bu","14:11:53",2906500
9070,-30,100,"bu","14:11:51",2904500
9070,-30,1700,"bu","14:11:49",2904400
9070,-30,300,"bu","14:11:49",2902700
9070,-30,2000,"bu","14:11:48",2902400
9070,-30,100,"bu","14:11:47",2900400
9070,-30,500,"bu","14:11:46",2900300
9070,-30,1300,"bu","14:11:44",2899800
9070,-30,800,"bu","14:11:41",2898500
9070,-30,600,"bu","14:11:41",2897700
9070,-30,400,"bu","14:11:39",2897100
9070,-30,3600,"bu","14:11:39",2896700
9070,-30,100,"bu","14:11:37",2893100
9070,-30,2000,"bu","14:11:33",2893000
9070,-30,200,"bu","14:11:24",2891000
9070,-30,100,"bu","14:11:23",2890800
9060,-40,2800,"sd","14:11:14",2890700
9070,-30,800,"sd","14:11:02",2887900
9070,-30,5000,"sd","14:11:02",2887100
9070,-30,3200,"sd","14:11:02",2882100
9070,-30,1000,"sd","14:11:00",2878900
9070,-30,5800,"sd","14:10:55",2877900
9070,-30,300,"sd","14:10:55",2872100
9070,-30,100,"sd","14:10:55",2871800
9070,-30,1000,"sd","14:10:55",2871700
9070,-30,700,"sd","14:10:55",2870700
9070,-30,1100,"sd","14:10:55",2870000
9080,-20,100,"bu","14:10:51",2868900
9080,-20,1000,"bu","14:10:46",2868800
9080,-20,100,"bu","14:10:15",2867800
9070,-30,3900,"bu","14:10:14",2867700
9070,-30,100,"bu","14:10:13",2863800
9070,-30,1000,"bu","14:10:11",2863700
9070,-30,5000,"sd","14:10:09",2862700
9070,-30,100,"sd","14:10:09",2857700
9070,-30,200,"sd","14:10:09",2857600
9070,-30,1000,"sd","14:10:09",2857400
9070,-30,500,"sd","14:10:09",2856400
9070,-30,1600,"sd","14:10:09",2855900
9070,-30,2000,"sd","14:10:00",2854300
9080,-20,100,"bu","14:10:00",2852300
9080,-20,200,"bu","14:09:56",2852200
9070,-30,2000,"sd","14:09:40",2852000
9070,-30,4400,"sd","14:09:33",2850000
9070,-30,600,"sd","14:09:33",2845600
9080,-20,100,"bu","14:09:32",2845000
9080,-20,100,"bu","14:09:29",2844900
9070,-30,1000,"sd","14:09:28",2844800
9080,-20,1000,"bu","14:09:24",2843800
9080,-20,100,"bu","14:09:16",2842800
9070,-30,500,"sd","14:09:15",2842700
9070,-30,2000,"sd","14:09:12",2842200
9070,-30,1000,"sd","14:09:11",2840200
9080,-20,100,"bu","14:09:10",2839200
9070,-30,100,"bu","14:09:03",2839100
9070,-30,4800,"bu","14:09:03",2839000
9060,-40,7200,"sd","14:08:58",2834200
9060,-40,400,"sd","14:08:58",2827000
9060,-40,400,"sd","14:08:58",2826600
9060,-40,1000,"sd","14:08:58",2826200
9060,-40,100,"sd","14:08:58",2825200
9060,-40,2400,"sd","14:08:58",2825100
9070,-30,100,"bu","14:08:46",2822700
9070,-30,1000,"bu","14:08:42",2822600
9070,-30,100,"bu","14:08:42",2821600
9070,-30,100,"bu","14:08:39",2821500
9070,-30,5000,"bu","14:08:38",2821400
9070,-30,100,"bu","14:08:37",2816400
9070,-30,700,"sd","14:08:33",2816300
9080,-20,100,"bu","14:08:19",2815600
9070,-30,100,"sd","14:08:18",2815500
9070,-30,200,"sd","14:08:15",2815400
9070,-30,900,"sd","14:08:15",2815200
9070,-30,100,"sd","14:08:15",2814300
9080,-20,100,"bu","14:08:10",2814200
9080,-20,100,"bu","14:08:06",2814100
9080,-20,1400,"bu","14:07:52",2814000
9080,-20,100,"bu","14:07:32",2812600
9080,-20,2800,"bu","14:07:27",2812500
9080,-20,200,"bu","14:07:27",2809700
9060,-40,100,"sd","14:07:24",2809500
9060,-40,100,"sd","14:07:24",2809400
9080,-20,100,"bu","14:07:15",2809300
9080,-20,100,"bu","14:06:47",2809200
9090,-10,100,"bu","14:06:40",2809100
9090,-10,1500,"bu","14:06:35",2809000
9100,0,100,"bu","14:06:03",2807500
9100,0,14500,"bu","14:05:53",2807400
9090,-10,600,"bu","14:05:53",2792900
9090,-10,100,"bu","14:05:52",2792300
9080,-20,100,"bu","14:05:50",2792200
9080,-20,100,"bu","14:05:49",2792100
9050,-50,200,"bu","14:05:49",2792000
9050,-50,500,"bu","14:05:49",2791800
9050,-50,1000,"bu","14:05:49",2791300
9050,-50,100,"bu","14:05:45",2790300
9050,-50,100,"bu","14:05:44",2790200
9050,-50,1000,"bu","14:05:44",2790100
9050,-50,100,"bu","14:05:43",2789100
9050,-50,1900,"bu","14:05:42",2789000
9050,-50,5000,"bu","14:05:41",2787100
9050,-50,5000,"bu","14:05:41",2782100
9050,-50,100,"bu","14:05:39",2777100
9050,-50,100,"bu","14:05:39",2777000
9050,-50,100,"bu","14:05:38",2776900
9050,-50,100,"bu","14:05:36",2776800
9050,-50,100,"bu","14:05:35",2776700
9050,-50,100,"bu","14:05:32",2776600
9050,-50,600,"bu","14:05:32",2776500
9050,-50,100,"bu","14:05:30",2775900
9050,-50,1000,"sd","14:05:23",2775800
9050,-50,100,"sd","14:05:23",2774800
9050,-50,100,"sd","14:05:23",2774700
9050,-50,500,"sd","14:05:23",2774600
9050,-50,100,"sd","14:05:23",2774100
9050,-50,1500,"sd","14:05:23",2774000
9050,-50,1000,"sd","14:05:23",2772500
9050,-50,20000,"sd","14:05:23",2771500
9050,-50,100,"sd","14:05:23",2751500
9050,-50,5000,"sd","14:05:23",2751400
9050,-50,1300,"sd","14:05:23",2746400
9050,-50,1000,"sd","14:05:23",2745100
9050,-50,5000,"sd","14:05:23",2744100
9050,-50,100,"sd","14:05:23",2739100
9050,-50,1000,"sd","14:05:23",2739000
9050,-50,100,"sd","14:05:23",2738000
9050,-50,500,"sd","14:05:23",2737900
9050,-50,100,"sd","14:05:23",2737400
9050,-50,1000,"sd","14:05:23",2737300
9050,-50,100,"sd","14:05:23",2736300
9050,-50,100,"sd","14:05:23",2736200
9050,-50,1000,"sd","14:05:23",2736100
9050,-50,1000,"sd","14:05:23",2735100
9050,-50,200,"sd","14:05:23",2734100
9050,-50,500,"sd","14:05:23",2733900
9050,-50,1000,"sd","14:05:23",2731400
9050,-50,2000,"sd","14:05:23",2733400
9060,-40,10000,"sd","14:05:23",2730400
9060,-40,2000,"sd","14:05:23",2720400
9060,-40,100,"sd","14:05:23",2718400
9060,-40,100,"sd","14:05:23",2718300
9060,-40,11100,"sd","14:05:23",2718200
9060,-40,2000,"sd","14:05:23",2707100
9060,-40,100,"sd","14:05:23",2705100
9060,-40,1000,"sd","14:05:23",2705000
9060,-40,300,"sd","14:05:23",2704000
9060,-40,1000,"sd","14:05:23",2703700
9060,-40,800,"sd","14:05:23",2702700
9060,-40,6000,"sd","14:05:23",2700900
9060,-40,1000,"sd","14:05:23",2701900
9070,-30,500,"sd","14:05:23",2694900
9070,-30,1000,"sd","14:05:23",2694400
9070,-30,1000,"sd","14:05:23",2693400
9070,-30,1000,"sd","14:05:23",2692400
9070,-30,100,"sd","14:05:23",2691400
9100,0,100,"bu","14:05:18",2691300
9100,0,12100,"bu","14:04:45",2691200
9100,0,100,"bu","14:04:45",2679100
9100,0,200,"bu","14:04:45",2679000
9100,0,4000,"bu","14:04:45",2678800
9100,0,1000,"bu","14:04:45",2674800
9100,0,3600,"bu","14:04:45",2673800
9070,-30,9000,"bu","14:04:45",2670200
9070,-30,500,"sd","14:04:44",2661200
9070,-30,300,"sd","14:04:44",2660700
9070,-30,500,"sd","14:04:44",2660400
9070,-30,500,"sd","14:04:44",2659900
9070,-30,100,"sd","14:04:44",2659400
9070,-30,15200,"sd","14:04:44",2659300
9080,-20,2000,"sd","14:04:44",2644100
9080,-20,500,"sd","14:04:44",2642100
9080,-20,1400,"sd","14:04:44",2641600
9100,0,100,"bu","14:04:34",2640200
9080,-20,1100,"bu","14:04:34",2640100
9080,-20,10000,"bu","14:04:33",2639000
9080,-20,100,"bu","14:04:31",2629000
9080,-20,100,"bu","14:04:17",2628900
9080,-20,300,"bu","14:04:15",2628800
9070,-30,6000,"sd","14:04:15",2628500
9080,-20,1000,"bu","14:04:11",2622500
9070,-30,5000,"sd","14:04:09",2621500
9070,-30,300,"sd","14:04:07",2616500
9070,-30,4600,"sd","14:03:54",2616200
9070,-30,400,"sd","14:03:54",2611600
9070,-30,2800,"bu","14:03:53",2611200
9070,-30,300,"bu","14:03:52",2608400
9070,-30,100,"bu","14:03:48",2608100
9070,-30,700,"bu","14:03:47",2608000
9070,-30,100,"bu","14:03:37",2607300
9070,-30,100,"bu","14:03:33",2607200
9070,-30,100,"bu","14:03:29",2607100
9070,-30,5000,"bu","14:03:27",2607000
9070,-30,2000,"bu","14:03:27",2602000
9070,-30,300,"sd","14:03:24",2600000
9070,-30,200,"sd","14:03:24",2599700
9070,-30,4000,"sd","14:03:24",2599500
9070,-30,200,"sd","14:03:24",2595500
9070,-30,100,"sd","14:03:24",2595300
9070,-30,200,"sd","14:03:24",2595200
9070,-30,100,"sd","14:03:24",2595000
9070,-30,10000,"sd","14:03:24",2594900
9070,-30,100,"sd","14:03:24",2584700
9070,-30,200,"sd","14:03:24",2584900
9080,-20,100,"bu","14:03:20",2584600
9080,-20,300,"sd","14:03:10",2584500
9080,-20,200,"sd","14:03:10",2584200
9080,-20,200,"sd","14:03:10",2584000
9080,-20,500,"sd","14:03:10",2583800
9080,-20,300,"sd","14:03:10",2583300
9080,-20,1000,"sd","14:03:10",2583000
9080,-20,200,"sd","14:03:10",2582000
9080,-20,300,"sd","14:03:10",2581800
9080,-20,1000,"sd","14:03:10",2581500
9080,-20,3000,"sd","14:03:10",2580500
9080,-20,2000,"sd","14:03:10",2577500
9080,-20,100,"sd","14:03:10",2575500
9080,-20,200,"sd","14:03:10",2575400
9080,-20,100,"sd","14:03:10",2575200
9080,-20,100,"sd","14:03:10",2575100
9080,-20,1600,"sd","14:03:10",2575000
9090,-10,1000,"sd","14:03:10",2573400
9090,-10,200,"sd","14:03:10",2572400
9090,-10,10000,"sd","14:03:10",2572200
9090,-10,1000,"sd","14:03:10",2562200
9090,-10,2000,"sd","14:03:10",2561200
9090,-10,100,"sd","14:03:10",2559200
9090,-10,500,"sd","14:03:10",2559100
9090,-10,200,"sd","14:03:10",2558600
9090,-10,100,"sd","14:03:10",2558400
9090,-10,10000,"sd","14:03:10",2558300
9090,-10,100,"sd","14:03:10",2548300
9090,-10,300,"sd","14:03:10",2548200
9090,-10,100,"sd","14:03:10",2547900
9090,-10,600,"sd","14:03:10",2547800
9100,0,100,"bu","14:03:08",2547200
9100,0,5000,"bu","14:02:56",2547100
9100,0,600,"bu","14:02:48",2542100
9100,0,100,"bu","14:02:35",2541500
9100,0,500,"bu","14:02:12",2541400
9100,0,100,"bu","14:01:45",2540900
9090,-10,1000,"sd","14:01:41",2540800
9100,0,100,"bu","14:01:27",2539800
9090,-10,400,"sd","14:00:47",2539700
9090,-10,400,"sd","14:00:35",2539300
9090,-10,7600,"bu","14:00:21",2538900
9090,-10,100,"bu","14:00:15",2531300
9090,-10,100,"bu","14:00:13",2531200
9090,-10,500,"bu","14:00:10",2531100
9090,-10,200,"bu","14:00:10",2530600
9090,-10,700,"bu","14:00:10",2530400
9090,-10,100,"bu","14:00:06",2529700
9080,-20,2000,"sd","14:00:03",2529600
9090,-10,100,"bu","14:00:02",2527600
9080,-20,200,"sd","14:00:01",2527500
9090,-10,100,"bu","13:59:51",2527300
9080,-20,200,"sd","13:59:45",2527200
9080,-20,900,"sd","13:59:45",2527000
9080,-20,100,"sd","13:59:27",2526100
9080,-20,400,"sd","13:59:27",2526000
9080,-20,300,"sd","13:59:27",2525600
9080,-20,100,"sd","13:59:27",2525300
9080,-20,500,"sd","13:59:27",2525200
9080,-20,100,"sd","13:59:27",2524700
9080,-20,100,"sd","13:59:27",2524600
9080,-20,5100,"sd","13:59:27",2524500
9090,-10,2300,"bu","13:59:27",2519400
9090,-10,2700,"bu","13:59:27",2517100
9080,-20,4900,"sd","13:59:03",2514400
9080,-20,400,"sd","13:59:03",2509500
9080,-20,500,"sd","13:59:03",2509100
9080,-20,300,"sd","13:59:03",2508600
9080,-20,1200,"sd","13:59:03",2508300
9080,-20,3000,"sd","13:58:43",2507100
9080,-20,25800,"sd","13:58:18",2504100
9080,-20,1000,"sd","13:58:18",2478300
9090,-10,400,"sd","13:58:18",2477300
9090,-10,100,"sd","13:58:18",2476900
9090,-10,100,"sd","13:58:18",2476800
9090,-10,200,"sd","13:58:18",2476700
9090,-10,1000,"sd","13:58:18",2476500
9090,-10,100,"sd","13:58:18",2475500
9090,-10,200,"sd","13:58:18",2475400
9090,-10,100,"sd","13:58:18",2475200
9090,-10,100,"sd","13:58:18",2475100
9090,-10,5000,"sd","13:58:18",2475000
9090,-10,1000,"sd","13:58:18",2470000
9090,-10,10000,"sd","13:58:18",2469000
9090,-10,500,"sd","13:58:18",2459000
9090,-10,1700,"sd","13:58:18",2458500
9090,-10,2700,"sd","13:58:18",2456800
9100,0,100,"bu","13:58:11",2454100
9090,-10,3000,"sd","13:58:10",2454000
9100,0,500,"bu","13:58:08",2451000
9100,0,100,"bu","13:57:55",2450500
9100,0,100,"sd","13:57:41",2450400
9100,0,100,"sd","13:57:41",2450300
9090,-10,800,"sd","13:56:52",2450200
9100,0,200,"sd","13:56:52",2449400
9100,0,4000,"sd","13:56:52",2449200
9100,0,100,"sd","13:56:50",2445200
9100,0,200,"bu","13:56:29",2445100
9100,0,700,"bu","13:56:29",2444900
9090,-10,100,"sd","13:56:12",2444200
9100,0,100,"bu","13:56:01",2444100
9100,0,100,"bu","13:55:43",2444000
9100,0,100,"bu","13:55:38",2443900
9100,0,200,"bu","13:55:38",2443800
9100,0,100,"bu","13:55:37",2443600
9100,0,700,"bu","13:55:36",2443500
9100,0,300,"bu","13:55:36",2442800
9100,0,200,"bu","13:55:34",2442500
9100,0,100,"bu","13:55:33",2442300
9100,0,400,"bu","13:55:26",2442200
9100,0,100,"bu","13:55:26",2441800
9100,0,100,"bu","13:55:11",2441700
9100,0,100,"bu","13:54:57",2441600
9100,0,100,"bu","13:54:56",2441500
9100,0,200,"bu","13:54:47",2441400
9100,0,2900,"bu","13:54:32",2441200
9090,-10,3400,"sd","13:54:21",2438300
9090,-10,8000,"sd","13:54:21",2434900
9090,-10,200,"sd","13:54:21",2426900
9090,-10,100,"sd","13:54:21",2426700
9090,-10,300,"sd","13:54:21",2426600
9100,0,500,"bu","13:53:54",2426300
9100,0,6700,"bu","13:53:36",2425800
9100,0,300,"bu","13:53:36",2419100
9100,0,500,"bu","13:53:32",2418800
9100,0,2800,"sd","13:53:21",2418300
9100,0,1200,"sd","13:53:19",2415500
9100,0,100,"sd","13:53:19",2414300
9100,0,500,"sd","13:53:19",2414200
9100,0,100,"sd","13:53:19",2413700
9100,0,5000,"sd","13:53:19",2413600
9100,0,3100,"sd","13:53:19",2408600
9100,0,1900,"sd","13:53:17",2405500
9100,0,500,"sd","13:53:17",2403600
9100,0,1000,"sd","13:53:17",2403100
9100,0,1600,"sd","13:53:17",2402100
9100,0,100,"sd","13:53:04",2400500
9100,0,10000,"sd","13:53:04",2400400
9100,0,25000,"sd","13:53:04",2390400
9100,0,100,"sd","13:53:04",2365400
9100,0,1000,"sd","13:53:04",2365300
9100,0,200,"sd","13:53:04",2364300
9100,0,400,"sd","13:53:04",2364100
9100,0,3200,"sd","13:53:04",2363700
9100,0,500,"sd","13:53:03",2360500
9100,0,2300,"sd","13:52:59",2360000
9100,0,7700,"sd","13:52:59",2357700
9100,0,2300,"sd","13:52:43",2350000
9100,0,100,"sd","13:52:43",2347700
9100,0,1000,"sd","13:52:43",2347600
9100,0,1000,"sd","13:52:43",2346600
9100,0,5000,"sd","13:52:43",2345600
9100,0,4100,"sd","13:52:43",2340600
9110,10,100,"bu","13:52:42",2336500
9100,0,500,"sd","13:52:39",2336400
9100,0,300,"sd","13:52:26",2335900
9110,10,900,"bu","13:52:02",2335600
9110,10,4100,"bu","13:52:02",2334700
9110,10,6900,"sd","13:51:29",2330600
9110,10,3100,"sd","13:51:25",2323700
9110,10,100,"sd","13:51:25",2320600
9110,10,100,"sd","13:51:25",2320500
9110,10,200,"sd","13:51:25",2320400
9110,10,200,"sd","13:51:25",2320200
9110,10,4300,"sd","13:51:25",2320000
9110,10,3000,"sd","13:51:21",2315700
9110,10,20000,"sd","13:51:17",2312700
9110,10,100,"sd","13:51:10",2292700
9110,10,1000,"sd","13:51:09",2292600
9110,10,1000,"sd","13:51:05",2291600
9110,10,3000,"sd","13:50:57",2290600
9110,10,3600,"sd","13:50:53",2287600
9110,10,4000,"sd","13:50:47",2284000
9110,10,1000,"sd","13:50:47",2280000
9110,10,1000,"sd","13:50:47",2279000
9110,10,1000,"sd","13:50:47",2278000
9110,10,100,"sd","13:50:30",2277000
9110,10,1000,"sd","13:50:16",2276900
9120,20,500,"bu","13:50:04",2275900
9120,20,100,"bu","13:50:02",2275400
9120,20,400,"bu","13:50:02",2275300
9120,20,400,"bu","13:49:38",2274900
9120,20,100,"bu","13:49:38",2274500
9120,20,600,"bu","13:49:38",2274400
9120,20,8900,"bu","13:49:38",2273800
9110,10,2500,"sd","13:49:02",2264900
9110,10,100,"sd","13:48:33",2262400
9120,20,1000,"bu","13:47:54",2262300
9120,20,100,"bu","13:47:37",2261300
9110,10,21300,"sd","13:47:25",2261200
9110,10,2000,"sd","13:47:25",2239900
9130,30,500,"bu","13:46:52",2237900
9120,20,500,"bu","13:46:52",2237400
9110,10,500,"sd","13:46:42",2236900
9110,10,500,"sd","13:46:42",2236400
9120,20,1000,"sd","13:46:42",2235900
9120,20,400,"bu","13:46:39",2234900
9120,20,1000,"bu","13:46:35",2234500
9110,10,1000,"sd","13:46:25",2233500
9120,20,600,"sd","13:46:23",2232500
9120,20,1400,"sd","13:46:10",2231900
9120,20,41600,"bu","13:46:02",2230500
9120,20,500,"sd","13:45:48",2188900
9120,20,300,"sd","13:45:48",2188400
9120,20,100,"sd","13:45:48",2188100
9120,20,1000,"sd","13:45:48",2188000
9120,20,1000,"sd","13:45:48",2187000
9120,20,5000,"sd","13:45:48",2186000
9120,20,400,"sd","13:45:48",2181000
9120,20,100,"sd","13:45:48",2180600
9130,30,500,"bu","13:45:46",2180500
9120,20,300,"sd","13:45:42",2180000
9120,20,1000,"sd","13:45:42",2179700
9120,20,100,"sd","13:45:42",2178700
9120,20,100,"sd","13:45:42",2178600
9130,30,500,"bu","13:44:51",2178500
9130,30,100,"bu","13:44:30",2178000
9130,30,600,"bu","13:43:15",2177900
9130,30,3000,"bu","13:43:15",2177300
9130,30,1000,"bu","13:43:15",2174300
9130,30,5000,"bu","13:43:15",2173300
9130,30,400,"bu","13:43:15",2168300
9120,20,1000,"sd","13:43:06",2167900
9120,20,500,"sd","13:42:48",2166900
9120,20,100,"sd","13:42:37",2166400
9120,20,8300,"sd","13:42:17",2166300
9120,20,200,"sd","13:42:17",2158000
9120,20,3000,"sd","13:42:17",2157800
9120,20,5000,"sd","13:42:17",2154800
9120,20,100,"sd","13:42:17",2149800
9120,20,1600,"sd","13:42:17",2149700
9120,20,300,"sd","13:42:17",2148100
9120,20,1500,"sd","13:42:17",2147800
9130,30,1600,"bu","13:40:18",2146300
9130,30,1400,"bu","13:40:18",2144700
9120,20,100,"sd","13:39:44",2143300
9130,30,500,"bu","13:39:43",2143200
9130,30,100,"bu","13:39:21",2142700
9130,30,500,"bu","13:39:11",2142600
9130,30,1000,"bu","13:39:11",2142100
9130,30,1700,"bu","13:39:11",2141100
9130,30,500,"bu","13:38:54",2139400
9130,30,800,"bu","13:38:53",2138900
9130,30,500,"bu","13:38:48",2138100
9130,30,1000,"bu","13:38:29",2137600
9120,20,100,"sd","13:38:26",2136600
9120,20,500,"sd","13:38:18",2136500
9120,20,2000,"bu","13:37:01",2136000
9120,20,1000,"bu","13:37:01",2134000
9120,20,1000,"bu","13:37:01",2133000
9120,20,1000,"bu","13:37:01",2132000
9120,20,500,"bu","13:37:01",2131000
9120,20,3000,"bu","13:37:01",2130500
9120,20,9300,"bu","13:37:01",2127500
9110,10,700,"sd","13:36:32",2118200
9110,10,300,"sd","13:36:31",2117500
9110,10,300,"bu","13:36:00",2117200
9110,10,700,"sd","13:35:59",2116900
9110,10,1000,"bu","13:35:57",2116200
9110,10,1000,"bu","13:35:57",2115200
9110,10,400,"bu","13:35:57",2114200
9110,10,100,"bu","13:35:57",2113800
9110,10,4200,"bu","13:35:44",2113700
9110,10,800,"bu","13:35:44",2109500
9110,10,200,"bu","13:35:44",2108700
9110,10,400,"bu","13:35:44",2108500
9100,0,100,"sd","13:35:13",2108100
9110,10,100,"bu","13:35:04",2108000
9110,10,500,"bu","13:34:55",2107900
9110,10,500,"bu","13:34:48",2107400
9110,10,2000,"bu","13:34:05",2106900
9110,10,3000,"bu","13:34:05",2104900
9110,10,800,"bu","13:34:02",2101900
9110,10,1000,"bu","13:33:57",2101100
9110,10,200,"sd","13:33:51",2100100
9110,10,3000,"sd","13:33:51",2099900
9120,20,700,"bu","13:33:41",2096900
9120,20,1000,"bu","13:33:41",2096200
9120,20,200,"bu","13:33:41",2095200
9120,20,1000,"bu","13:33:41",2095000
9120,20,200,"bu","13:33:41",2094000
9120,20,1900,"bu","13:33:41",2093800
9110,10,300,"bu","13:33:34",2091900
9110,10,1000,"bu","13:33:34",2091600
9110,10,700,"bu","13:33:34",2090600
9110,10,300,"bu","13:33:18",2089900
9100,0,2000,"bu","13:33:13",2089600
9100,0,200,"bu","13:33:13",2087600
9100,0,2800,"bu","13:33:13",2087400
9100,0,100,"bu","13:33:11",2084600
9100,0,1400,"bu","13:33:03",2084500
9090,-10,100,"sd","13:32:53",2083100
9100,0,100,"bu","13:32:42",2083000
9100,0,2000,"bu","13:32:22",2082900
9100,0,100,"sd","13:32:22",2080900
9100,0,400,"sd","13:32:22",2080800
9100,0,2000,"sd","13:32:22",2080400
9100,0,500,"sd","13:32:22",2078400
9100,0,2500,"sd","13:32:22",2077900
9100,0,500,"sd","13:32:22",2075400
9100,0,5000,"sd","13:32:22",2074900
9100,0,100,"sd","13:32:22",2069900
9100,0,500,"sd","13:32:22",2069800
9100,0,10000,"sd","13:32:22",2069300
9100,0,100,"sd","13:32:22",2059300
9100,0,400,"sd","13:32:22",2059200
9100,0,100,"sd","13:32:22",2058800
9100,0,1000,"sd","13:32:22",2058700
9100,0,400,"sd","13:32:22",2057700
9100,0,10000,"sd","13:32:22",2057300
9100,0,300,"sd","13:32:22",2047300
9100,0,500,"sd","13:32:22",2047000
9100,0,100,"sd","13:32:22",2046500
9100,0,100,"sd","13:32:22",2046400
9100,0,200,"sd","13:32:22",2046300
9100,0,100,"sd","13:32:22",2046100
9100,0,30000,"sd","13:32:22",2046000
9100,0,1000,"sd","13:32:22",2016000
9100,0,100,"sd","13:32:22",2015000
9100,0,1000,"sd","13:32:22",2014900
9100,0,100,"sd","13:32:22",2013900
9100,0,10000,"sd","13:32:22",2013800
9100,0,16500,"sd","13:32:22",2003800
9100,0,33500,"sd","13:32:22",1987300
9100,0,100,"sd","13:32:22",1953800
9100,0,1000,"sd","13:32:22",1953700
9100,0,1000,"sd","13:32:22",1952700
9100,0,1000,"sd","13:32:22",1951700
9100,0,1000,"sd","13:32:22",1950700
9100,0,500,"sd","13:32:22",1949700
9100,0,100,"sd","13:32:22",1949200
9100,0,100,"sd","13:32:22",1949100
9100,0,200,"sd","13:32:22",1949000
9100,0,100,"sd","13:32:22",1948800
9100,0,2000,"sd","13:32:22",1948700
9100,0,100,"sd","13:32:22",1946700
9100,0,100,"sd","13:32:21",1946600
9100,0,100,"sd","13:32:21",1946500
9100,0,500,"sd","13:32:21",1946400
9100,0,1000,"sd","13:32:21",1945900
9100,0,100,"sd","13:32:21",1944900
9100,0,500,"sd","13:32:21",1944800
9100,0,500,"sd","13:32:21",1944300
9100,0,500,"sd","13:32:21",1943800
9100,0,100,"sd","13:32:21",1943300
9100,0,100,"sd","13:32:21",1943200
9100,0,100000,"sd","13:32:21",1943100
9100,0,500,"sd","13:32:21",1843100
9100,0,300,"sd","13:32:21",1842600
9100,0,5000,"sd","13:32:21",1842300
9100,0,200,"sd","13:32:17",1837300
9110,10,3800,"sd","13:32:17",1837100
9110,10,400,"sd","13:32:13",1833300
9110,10,800,"sd","13:31:53",1832900
9110,10,100,"sd","13:31:53",1832100
9110,10,100,"sd","13:31:53",1832000
9110,10,3500,"sd","13:31:44",1831900
9110,10,1000,"sd","13:31:38",1828400
9110,10,1000,"sd","13:31:00",1827400
9110,10,4000,"sd","13:30:58",1826400
9120,20,3100,"bu","13:30:57",1822400
9120,20,1900,"bu","13:30:57",1819300
9110,10,400,"sd","13:30:55",1817400
9100,0,200,"sd","13:30:43",1817000
9110,10,200,"sd","13:30:43",1816800
9110,10,400,"sd","13:30:43",1816600
9110,10,200,"sd","13:30:43",1816200
9110,10,5000,"sd","13:30:43",1816000
9110,10,4000,"sd","13:30:43",1811000
9110,10,3000,"sd","13:30:35",1807000
9110,10,1000,"sd","13:30:33",1804000
9110,10,700,"sd","13:30:27",1803000
9110,10,4900,"sd","13:30:10",1802300
9110,10,5000,"sd","13:30:10",1797400
9110,10,25000,"sd","13:30:10",1792400
9110,10,100,"sd","13:30:10",1767400
9110,10,500,"sd","13:30:10",1767300
9110,10,300,"sd","13:30:10",1766800
9110,10,1500,"sd","13:30:10",1766500
9110,10,100,"sd","13:30:10",1765000
9110,10,1900,"sd","13:30:10",1764900
9110,10,1200,"sd","13:30:09",1763000
9120,20,1000,"bu","13:29:38",1761800
9110,10,400,"sd","13:29:26",1760800
9120,20,2000,"bu","13:29:12",1760400
9120,20,400,"bu","13:29:02",1758400
9120,20,4700,"bu","13:28:38",1758000
9120,20,1000,"bu","13:28:38",1753300
9120,20,2000,"bu","13:28:38",1752300
9120,20,400,"bu","13:28:38",1750300
9110,10,2000,"sd","13:28:36",1749900
9110,10,1000,"sd","13:28:29",1747900
9120,20,1000,"bu","13:27:19",1746900
9120,20,600,"bu","13:27:17",1745900
9120,20,1000,"bu","13:27:17",1745300
9120,20,3400,"bu","13:27:17",1744300
9120,20,100,"bu","13:27:16",1740900
9120,20,500,"bu","13:26:38",1740800
9120,20,1000,"bu","13:26:28",1740300
9120,20,1900,"bu","13:26:28",1739300
9120,20,3000,"bu","13:26:21",1737400
9120,20,100,"bu","13:26:19",1734400
9120,20,2600,"sd","13:26:13",1734300
9120,20,1500,"sd","13:25:58",1731700
9120,20,2000,"bu","13:25:56",1730200
9120,20,2000,"bu","13:25:56",1728200
9120,20,2000,"bu","13:25:56",1726200
9120,20,9900,"bu","13:25:56",1724200
9110,10,1000,"sd","13:25:50",1714300
9110,10,500,"sd","13:25:47",1713300
9110,10,1500,"sd","13:25:47",1712800
9110,10,8500,"sd","13:25:38",1711300
9110,10,1500,"sd","13:25:38",1702800
9110,10,1500,"sd","13:25:17",1701300
9110,10,500,"sd","13:25:17",1699800
9110,10,1000,"sd","13:25:13",1699300
9110,10,1500,"sd","13:25:04",1698300
9110,10,500,"sd","13:25:04",1696800
9110,10,1000,"sd","13:24:38",1696300
9120,20,100,"bu","13:24:22",1695300
9120,20,600,"sd","13:24:09",1695200
9120,20,1000,"sd","13:24:09",1694600
9120,20,5000,"sd","13:24:09",1693600
9120,20,500,"sd","13:24:09",1688600
9120,20,100,"sd","13:24:09",1688100
9120,20,100,"sd","13:24:09",1688000
9120,20,1000,"sd","13:24:09",1687900
9120,20,500,"sd","13:24:09",1686900
9120,20,500,"sd","13:24:09",1686400
9120,20,300,"sd","13:24:09",1685900
9120,20,800,"sd","13:24:09",1685600
9120,20,900,"sd","13:24:05",1684800
9120,20,1000,"sd","13:23:57",1683900
9120,20,2000,"sd","13:23:44",1682900
9120,20,5300,"sd","13:23:23",1680900
9120,20,10000,"sd","13:23:23",1675600
9130,30,300,"bu","13:23:20",1665600
9120,20,2000,"sd","13:22:46",1665300
9130,30,1000,"bu","13:22:35",1663300
9130,30,1200,"sd","13:22:34",1662300
9130,30,2000,"sd","13:22:34",1661100
9130,30,100,"sd","13:22:34",1659100
9130,30,900,"sd","13:22:34",1659000
9130,30,100,"sd","13:21:36",1658100
9130,30,600,"bu","13:21:01",1658000
9130,30,700,"bu","13:21:01",1657400
9130,30,5000,"bu","13:21:01",1656700
9130,30,3700,"bu","13:21:01",1651700
9130,30,1700,"bu","13:20:47",1648000
9130,30,100,"bu","13:19:52",1646300
9130,30,300,"bu","13:19:41",1646200
9120,20,2000,"sd","13:19:39",1645900
9120,20,500,"sd","13:19:21",1643900
9130,30,100,"bu","13:19:13",1643400
9120,20,200,"sd","13:17:46",1643300
9120,20,200,"sd","13:17:35",1643100
9120,20,100,"sd","13:17:07",1642900
9120,20,1000,"sd","13:17:07",1642800
9120,20,500,"sd","13:17:07",1641800
9120,20,3400,"sd","13:17:07",1641300
9130,30,600,"bu","13:17:03",1637900
9130,30,300,"bu","13:16:58",1637300
9120,20,300,"sd","13:16:55",1637000
9130,30,100,"bu","13:16:37",1636700
9130,30,200,"sd","13:15:40",1636600
9130,30,500,"sd","13:15:40",1636400
9130,30,300,"sd","13:15:40",1635900
9130,30,700,"sd","13:15:40",1635600
9130,30,800,"sd","13:15:38",1634900
9130,30,1600,"bu","13:15:07",1634100
9130,30,100,"bu","13:15:07",1632500
9130,30,100,"bu","13:15:07",1632400
9130,30,500,"sd","13:14:50",1632300
9130,30,200,"sd","13:14:50",1631800
9130,30,1000,"sd","13:14:50",1631600
9130,30,500,"sd","13:14:50",1630600
9130,30,100,"sd","13:14:50",1630100
9130,30,600,"sd","13:14:50",1630000
9130,30,400,"sd","13:14:44",1629400
9130,30,300,"sd","13:14:44",1629000
9130,30,900,"sd","13:14:44",1628700
9130,30,400,"sd","13:14:44",1627800
9130,30,1600,"sd","13:14:39",1627400
9130,30,2500,"sd","13:14:33",1625800
9130,30,200,"sd","13:14:33",1623300
9130,30,1000,"sd","13:14:33",1623100
9130,30,6300,"sd","13:14:33",1622100
9130,30,100,"sd","13:14:21",1615800
9130,30,400,"sd","13:14:20",1615700
9130,30,200,"sd","13:13:51",1615300
9130,30,800,"sd","13:13:51",1615100
9130,30,1000,"sd","13:13:50",1614300
9130,30,100,"sd","13:13:38",1613300
9130,30,1700,"sd","13:13:10",1613200
9130,30,100,"sd","13:12:51",1611500
9130,30,600,"sd","13:10:55",1611400
9130,30,1000,"sd","13:10:40",1610800
9130,30,8000,"sd","13:10:25",1609800
9130,30,1700,"sd","13:09:52",1601800
9130,30,300,"sd","13:09:52",1600100
9130,30,100,"sd","13:09:52",1599800
9130,30,900,"sd","13:09:52",1599700
9130,30,500,"sd","13:09:46",1598800
9130,30,1000,"sd","13:09:46",1598300
9130,30,100,"sd","13:09:46",1597300
9130,30,200,"sd","13:09:46",1597200
9130,30,100,"sd","13:09:46",1597000
9130,30,500,"sd","13:09:46",1596900
9130,30,500,"sd","13:09:27",1596400
9130,30,500,"sd","13:08:51",1595900
9130,30,4000,"sd","13:08:28",1595400
9130,30,1000,"sd","13:08:28",1591400
9130,30,1700,"sd","13:08:13",1590400
9140,40,3000,"sd","13:08:13",1588700
9140,40,300,"sd","13:08:13",1585700
9150,50,800,"bu","13:07:50",1585400
9140,40,900,"bu","13:07:20",1584600
9140,40,100,"bu","13:07:07",1583700
9140,40,200,"bu","13:06:55",1583600
9140,40,1100,"bu","13:06:33",1583400
9140,40,3900,"sd","13:05:58",1582300
9140,40,1100,"bu","13:05:30",1578400
9140,40,1000,"bu","13:05:25",1577300
9140,40,3900,"sd","13:05:11",1576300
9140,40,2000,"sd","13:05:07",1572400
9140,40,6000,"bu","13:04:57",1570400
9140,40,100,"bu","13:04:57",1564400
9140,40,100,"bu","13:04:25",1564300
9140,40,100,"bu","13:04:25",1564200
9140,40,600,"sd","13:04:21",1564100
9140,40,100,"sd","13:04:16",1563500
9140,40,100,"sd","13:03:50",1563400
9140,40,100,"sd","13:03:15",1563300
9140,40,2300,"sd","13:03:09",1563200
9140,40,700,"sd","13:02:25",1560900
9140,40,1000,"bu","13:02:12",1560200
9140,40,600,"bu","13:02:12",1559200
9140,40,300,"bu","13:02:12",1558600
9140,40,1900,"bu","13:02:12",1558300
9140,40,2300,"bu","13:02:12",1556400
9140,40,500,"bu","13:01:13",1554100
9130,30,8600,"sd","13:00:56",1553600
9130,30,100,"sd","13:00:56",1545000
9130,30,1000,"sd","13:00:56",1544900
9130,30,400,"sd","13:00:56",1543900
9130,30,100,"sd","13:00:27",1543500
9140,40,700,"bu","13:00:26",1543400
9140,40,300,"bu","13:00:26",1542700
9140,40,100,"bu","13:00:19",1542400
9140,40,100,"bu","13:00:19",1542300
9140,40,5000,"bu","13:00:15",1542200
9140,40,1500,"bu","13:00:14",1537200
9130,30,100,"sd","13:00:09",1535700
9140,40,100,"sd","13:00:03",1535600
9140,40,600,"sd","13:00:03",1535500
9140,40,2300,"sd","13:00:03",1534900
9140,40,100,"sd","13:00:03",1532600
9140,40,500,"sd","13:00:01",1532500
9140,40,2100,"sd","13:00:01",1532000
9140,40,300,"sd","13:00:01",1529900
9140,40,3600,"sd","13:00:01",1529600
9140,40,300,"sd","11:29:32",1526000
9140,40,1000,"sd","11:29:21",1525700
9140,40,100,"sd","11:28:28",1524700
9140,40,5000,"sd","11:28:11",1524600
9140,40,100,"sd","11:28:11",1519600
9140,40,300,"sd","11:28:11",1519500
9140,40,100,"sd","11:28:11",1519200
9140,40,1000,"sd","11:28:11",1519100
9140,40,1000,"sd","11:28:11",1518100
9140,40,900,"sd","11:28:02",1517100
9150,50,2500,"bu","11:27:16",1516200
9140,40,500,"sd","11:25:42",1513700
9140,40,100,"sd","11:24:51",1513200
9140,40,1900,"sd","11:24:51",1513100
9140,40,200,"sd","11:24:32",1511200
9140,40,2000,"sd","11:22:47",1511000
9150,50,500,"bu","11:22:16",1509000
9150,50,2000,"bu","11:21:25",1508500
9150,50,300,"sd","11:21:22",1506500
9150,50,4000,"sd","11:21:22",1506200
9150,50,3000,"sd","11:21:22",1502200
9150,50,100,"sd","11:21:22",1499200
9150,50,1000,"sd","11:21:22",1499100
9150,50,1500,"sd","11:21:22",1498100
9150,50,2000,"sd","11:21:22",1496600
9150,50,800,"sd","11:21:22",1494600
9150,50,2000,"sd","11:21:22",1493800
9150,50,100,"sd","11:21:22",1491800
9150,50,100,"sd","11:21:22",1491700
9150,50,100,"sd","11:21:22",1491600
9150,50,4000,"sd","11:21:22",1491500
9150,50,1000,"sd","11:21:22",1487500
9150,50,100,"sd","11:21:22",1486500
9150,50,800,"sd","11:21:22",1486400
9160,60,3000,"bu","11:21:10",1485600
9160,60,1000,"bu","11:21:07",1482600
9150,50,1000,"sd","11:20:37",1481600
9150,50,1500,"sd","11:20:16",1480600
9160,60,3000,"bu","11:19:53",1479100
9160,60,2400,"bu","11:19:48",1476100
9160,60,600,"bu","11:19:48",1473700
9150,50,1700,"sd","11:19:25",1473100
9150,50,300,"sd","11:19:25",1471400
9160,60,200,"bu","11:18:53",1471100
9160,60,9200,"bu","11:18:32",1470900
9160,60,800,"bu","11:18:31",1461700
9150,50,3500,"sd","11:18:11",1460900
9150,50,500,"sd","11:16:53",1457400
9150,50,700,"sd","11:16:34",1456900
9150,50,2000,"sd","11:16:34",1456200
9150,50,4400,"sd","11:16:34",1454200
9160,60,200,"sd","11:16:28",1449800
9170,70,2500,"bu","11:15:42",1449600
9160,60,1400,"bu","11:15:42",1447100
9160,60,1000,"sd","11:15:34",1445700
9160,60,100,"sd","11:15:34",1444700
9160,60,2500,"sd","11:15:34",1444600
9160,60,200,"bu","11:14:58",1442100
9160,60,5000,"bu","11:14:58",1441900
9160,60,2000,"bu","11:14:58",1436900
9160,60,300,"bu","11:14:58",1434900
9160,60,500,"bu","11:14:58",1434600
9160,60,200,"bu","11:14:58",1434100
9160,60,5000,"bu","11:14:58",1433900
9160,60,800,"bu","11:14:58",1428900
9160,60,100,"bu","11:14:58",1428100
9150,50,600,"sd","11:14:57",1428000
9150,50,1400,"sd","11:14:57",1427400
9150,50,100,"sd","11:14:23",1426000
9160,60,900,"bu","11:14:05",1425900
9160,60,1100,"bu","11:14:05",1425000
9150,50,300,"sd","11:14:01",1423900
9160,60,600,"bu","11:12:52",1423600
9160,60,1300,"bu","11:12:41",1423000
9160,60,100,"bu","11:12:41",1421700
9160,60,600,"bu","11:12:41",1421600
9160,60,4400,"bu","11:12:38",1421000
9160,60,1000,"bu","11:12:38",1416600
9160,60,2500,"bu","11:12:38",1415600
9160,60,1500,"bu","11:12:38",1413100
9160,60,500,"bu","11:12:38",1411600
9160,60,100,"bu","11:12:38",1411100
9160,60,200,"bu","11:12:30",1411000
9160,60,1700,"bu","11:12:27",1410800
9160,60,100,"bu","11:12:27",1409100
9160,60,200,"bu","11:12:27",1409000
9160,60,500,"bu","11:12:01",1408800
9160,60,2600,"bu","11:11:29",1408300
9160,60,4400,"bu","11:11:29",1405700
9150,50,2200,"sd","11:10:37",1401300
9150,50,100,"sd","11:09:51",1399100
9150,50,100,"bu","11:09:42",1399000
9150,50,100,"bu","11:09:42",1398900
9150,50,4900,"bu","11:09:31",1398800
9150,50,1000,"bu","11:09:31",1393900
9150,50,2100,"bu","11:09:31",1392900
9150,50,35000,"bu","11:09:12",1390800
9140,40,1000,"sd","11:09:05",1355800
9140,40,400,"sd","11:08:50",1354800
9140,40,1000,"sd","11:08:37",1354400
9140,40,100,"sd","11:08:15",1353400
9140,40,1600,"bu","11:07:51",1353300
9140,40,1800,"bu","11:07:51",1351700
9140,40,2000,"bu","11:07:50",1349900
9140,40,600,"bu","11:07:32",1347900
9140,40,200,"sd","11:07:19",1347300
9140,40,200,"sd","11:07:19",1347100
9140,40,100,"sd","11:07:19",1346900
9140,40,100,"sd","11:07:19",1346800
9150,50,2000,"bu","11:07:10",1346700
9140,40,1000,"sd","11:07:02",1344700
9150,50,5000,"bu","11:06:52",1343700
9140,40,2000,"sd","11:06:29",1338700
9140,40,100,"sd","11:06:29",1336700
9140,40,900,"sd","11:06:29",1336600
9150,50,7000,"bu","11:06:16",1335700
9150,50,500,"sd","11:05:49",1328700
9150,50,1000,"sd","11:05:49",1328200
9150,50,100,"sd","11:05:49",1327200
9150,50,2000,"sd","11:05:43",1327100
9150,50,900,"sd","11:05:26",1325100
9150,50,100,"sd","11:05:26",1324200
9150,50,300,"sd","11:05:23",1324100
9160,60,1000,"bu","11:05:13",1323800
9150,50,800,"sd","11:05:07",1322800
9150,50,100,"sd","11:05:07",1322000
9150,50,200,"sd","11:05:07",1321900
9150,50,200,"sd","11:05:07",1321700
9150,50,1000,"sd","11:05:07",1321500
9150,50,500,"sd","11:05:07",1320500
9150,50,5000,"sd","11:05:07",1320000
9150,50,3000,"sd","11:05:07",1315000
9150,50,1200,"sd","11:05:07",1312000
9150,50,1000,"sd","11:04:49",1310800
9150,50,400,"sd","11:04:49",1309800
9150,50,500,"sd","11:04:37",1309400
9150,50,1000,"sd","11:04:26",1308900
9150,50,1000,"sd","11:04:06",1307900
9150,50,200,"sd","11:03:30",1306900
9160,60,200,"bu","11:03:10",1306700
9160,60,1000,"bu","11:03:01",1306500
9150,50,100,"sd","11:02:29",1305500
9150,50,1500,"sd","11:01:41",1305400
9150,50,1100,"sd","11:01:41",1303900
9150,50,3900,"sd","11:01:41",1302800
9160,60,100,"bu","11:01:34",1298900
9160,60,1000,"bu","11:00:17",1298800
9160,60,400,"bu","10:59:52",1297800
9160,60,2000,"bu","10:59:40",1297400
9160,60,5000,"sd","10:59:16",1295400
9160,60,100,"sd","10:59:16",1290400
9160,60,15500,"sd","10:59:16",1290300
9160,60,6300,"sd","10:59:12",1274800
9160,60,1000,"sd","10:59:12",1268500
9160,60,1000,"sd","10:58:50",1267500
9170,70,5000,"bu","10:58:41",1266500
9170,70,3000,"bu","10:58:38",1261500
9160,60,1000,"sd","10:58:24",1258500
9160,60,100,"sd","10:58:17",1257500
9160,60,5100,"sd","10:57:17",1257400
9160,60,900,"sd","10:57:17",1252300
9170,70,1000,"bu","10:57:07",1251400
9170,70,5000,"sd","10:55:42",1250400
9170,70,5000,"sd","10:55:42",1245400
9170,70,500,"sd","10:55:42",1240400
9170,70,2000,"sd","10:55:42",1239900
9170,70,5000,"sd","10:55:42",1237900
9170,70,1800,"sd","10:55:42",1232900
9170,70,600,"sd","10:55:42",1231100
9180,80,1000,"bu","10:55:42",1230500
9170,70,600,"sd","10:55:41",1229500
9180,80,100,"bu","10:55:39",1228900
9170,70,100,"sd","10:55:34",1228800
9170,70,100,"sd","10:55:08",1228700
9170,70,100,"sd","10:54:51",1228600
9170,70,3500,"sd","10:54:48",1228500
9170,70,600,"sd","10:54:13",1225000
9170,70,4400,"bu","10:53:58",1224400
9170,70,600,"bu","10:53:50",1220000
9170,70,3000,"bu","10:53:50",1219400
9170,70,5000,"bu","10:53:50",1216400
9170,70,1000,"bu","10:53:50",1211400
9170,70,400,"bu","10:53:50",1210400
9170,70,600,"bu","10:53:47",1210000
9170,70,1000,"bu","10:53:47",1209400
9170,70,1300,"bu","10:53:47",1208400
9170,70,2000,"bu","10:53:47",1207100
9170,70,200,"bu","10:53:47",1205100
9170,70,500,"bu","10:53:47",1204900
9170,70,300,"bu","10:53:47",1204400
9170,70,1000,"bu","10:53:47",1204100
9170,70,100,"bu","10:53:47",1203100
9170,70,1000,"bu","10:53:47",1203000
9170,70,1000,"bu","10:53:47",1202000
9170,70,1000,"bu","10:53:47",1201000
9170,70,2000,"bu","10:53:45",1200000
9170,70,500,"bu","10:53:45",1198000
9170,70,2000,"bu","10:53:45",1197500
9170,70,500,"bu","10:53:45",1195500
9160,60,100,"sd","10:53:30",1195000
9160,60,4000,"sd","10:53:28",1194900
9160,60,6000,"sd","10:53:28",1190900
9160,60,2000,"sd","10:53:09",1184900
9160,60,17200,"sd","10:52:50",1182900
9160,60,2000,"bu","10:52:49",1165700
9160,60,2800,"bu","10:52:49",1163700
9160,60,3200,"bu","10:52:35",1160900
9160,60,200,"bu","10:52:35",1157700
9160,60,400,"bu","10:52:35",1157500
9160,60,1200,"bu","10:52:35",1157100
9160,60,300,"bu","10:52:25",1155900
9160,60,100,"bu","10:52:25",1155600
9160,60,600,"bu","10:52:25",1155500
9160,60,4400,"bu","10:52:09",1154900
9160,60,5000,"bu","10:52:09",1150500
9160,60,9700,"bu","10:52:09",1145500
9160,60,200,"bu","10:52:09",1135800
9160,60,100,"bu","10:52:09",1135600
9160,60,500,"bu","10:52:09",1135500
9160,60,500,"bu","10:52:09",1135000
9160,60,1600,"bu","10:52:09",1134500
9150,50,300,"sd","10:51:55",1132900
9150,50,400,"sd","10:50:12",1132600
9160,60,1000,"bu","10:49:40",1132200
9160,60,1000,"bu","10:49:27",1131200
9160,60,2400,"bu","10:49:24",1130200
9160,60,2600,"bu","10:49:24",1127800
9160,60,800,"bu","10:49:09",1125200
9160,60,600,"bu","10:49:00",1124400
9160,60,500,"bu","10:49:00",1123800
9160,60,3100,"bu","10:49:00",1123300
9160,60,2900,"bu","10:48:48",1120200
9160,60,1000,"bu","10:48:48",1117300
9160,60,100,"bu","10:48:48",1116300
9160,60,2000,"bu","10:48:48",1116200
9160,60,8000,"bu","10:48:39",1114200
9160,60,1000,"bu","10:48:39",1106200
9160,60,1000,"bu","10:48:39",1105200
9160,60,2000,"bu","10:48:39",1104200
9160,60,8000,"bu","10:48:39",1102200
9160,60,3000,"bu","10:47:37",1094200
9160,60,1600,"bu","10:47:00",1091200
9160,60,300,"bu","10:47:00",1089600
9160,60,100,"bu","10:47:00",1089300
9160,60,100,"bu","10:47:00",1089200
9160,60,700,"bu","10:47:00",1089100
9160,60,100,"bu","10:47:00",1088400
9160,60,100,"bu","10:47:00",1088300
9160,60,1000,"bu","10:47:00",1088200
9160,60,400,"bu","10:46:41",1087200
9160,60,600,"bu","10:46:41",1086800
9160,60,3300,"bu","10:45:59",1086200
9150,50,400,"bu","10:45:53",1082900
9150,50,1000,"bu","10:45:33",1082500
9150,50,200,"bu","10:45:22",1081500
9150,50,1000,"sd","10:45:18",1081300
9150,50,1000,"sd","10:45:18",1080300
9150,50,400,"sd","10:45:18",1079300
9160,60,2000,"bu","10:44:30",1078900
9150,50,500,"sd","10:44:22",1076900
9150,50,4100,"bu","10:44:14",1076400
9150,50,5900,"sd","10:44:06",1072300
9150,50,100,"bu","10:44:02",1066400
9150,50,300,"bu","10:44:02",1066300
9150,50,1000,"bu","10:44:02",1066000
9150,50,500,"bu","10:44:02",1065000
9150,50,2000,"bu","10:44:02",1064500
9150,50,500,"bu","10:44:02",1062500
9150,50,5000,"bu","10:44:02",1062000
9150,50,3000,"bu","10:44:02",1057000
9150,50,200,"bu","10:44:02",1054000
9150,50,1000,"bu","10:44:02",1053800
9150,50,500,"bu","10:44:02",1052800
9150,50,2800,"bu","10:44:02",1052300
9150,50,3700,"bu","10:44:02",1049500
9150,50,10000,"bu","10:44:02",1045800
9150,50,5000,"bu","10:44:02",1035800
9150,50,2400,"bu","10:44:02",1030800
9150,50,1500,"bu","10:43:58",1028400
9150,50,1000,"bu","10:43:58",1026900
9150,50,5000,"bu","10:43:58",1025900
9150,50,1100,"bu","10:43:58",1020900
9150,50,900,"bu","10:43:21",1019800
9150,50,200,"bu","10:43:21",1018900
9150,50,800,"bu","10:43:07",1018700
9150,50,500,"bu","10:43:07",1017900
9150,50,5000,"bu","10:43:07",1017400
9150,50,500,"bu","10:43:07",1012400
9150,50,100,"bu","10:43:07",1011900
9150,50,200,"bu","10:43:07",1011800
9150,50,100,"bu","10:43:07",1011600
9150,50,500,"bu","10:43:07",1011500
9150,50,1000,"bu","10:43:07",1011000
9150,50,100,"bu","10:43:07",1010000
9150,50,1200,"bu","10:43:07",1009900
9150,50,3800,"bu","10:42:59",1008700
9150,50,100,"bu","10:42:59",1004900
9150,50,3400,"bu","10:42:59",1004800
9150,50,1700,"bu","10:42:59",1001400
9140,40,100,"bu","10:42:54",999700
9140,40,900,"sd","10:42:47",999600
9150,50,3300,"bu","10:42:45",998700
9150,50,200,"bu","10:42:45",995400
9150,50,1000,"bu","10:42:45",995200
9150,50,1000,"bu","10:42:45",994200
9150,50,6000,"bu","10:42:45",993200
9140,40,100,"sd","10:42:35",987200
9130,30,400,"sd","10:40:29",987100
9130,30,600,"sd","10:40:29",986700
9130,30,400,"sd","10:39:41",986100
9130,30,500,"sd","10:39:41",985700
9130,30,100,"sd","10:39:41",985200
9140,40,100,"bu","10:39:35",985100
9140,40,100,"bu","10:39:35",985000
9140,40,100,"bu","10:38:24",984900
9140,40,100,"bu","10:38:24",984800
9140,40,100,"sd","10:37:58",984700
9140,40,200,"sd","10:37:58",984600
9140,40,200,"sd","10:37:51",984400
9140,40,100,"sd","10:37:43",984200
9140,40,400,"bu","10:37:20",984100
9140,40,2100,"bu","10:37:20",983700
9140,40,4200,"sd","10:36:20",981600
9140,40,500,"sd","10:36:11",977400
9140,40,4900,"sd","10:36:05",976900
9140,40,400,"sd","10:36:00",972000
9140,40,2000,"sd","10:34:44",971600
9140,40,500,"sd","10:34:30",969600
9140,40,200,"sd","10:34:27",969100
9140,40,4300,"sd","10:34:27",968900
9140,40,200,"sd","10:34:19",964600
9140,40,300,"sd","10:34:19",964400
9140,40,300,"sd","10:33:44",964100
9140,40,1000,"sd","10:33:24",963800
9140,40,100,"bu","10:33:17",962800
9130,30,8300,"sd","10:32:53",962700
9130,30,1700,"sd","10:32:53",954400
9130,30,300,"sd","10:30:54",952700
9130,30,400,"sd","10:30:54",952400
9130,30,1000,"bu","10:30:32",952000
9130,30,3000,"bu","10:30:32",951000
9130,30,5000,"bu","10:30:32",948000
9130,30,10600,"bu","10:30:32",943000
9130,30,200,"bu","10:30:08",932400
9130,30,100,"bu","10:29:54",932200
9120,20,1000,"sd","10:29:50",932100
9120,20,200,"sd","10:29:31",931100
9120,20,100,"bu","10:29:09",930900
9120,20,15000,"bu","10:29:09",930800
9110,10,2000,"sd","10:28:34",915800
9120,20,5000,"bu","10:28:03",913800
9110,10,100,"sd","10:27:30",908800
9110,10,100,"bu","10:27:08",908700
9110,10,200,"bu","10:27:08",908600
9110,10,100,"bu","10:27:08",908400
9110,10,500,"bu","10:27:08",908300
9110,10,1200,"bu","10:26:40",907800
9110,10,800,"bu","10:26:40",906600
9110,10,200,"bu","10:26:26",905800
9110,10,800,"bu","10:26:26",905600
9110,10,500,"bu","10:26:26",904800
9110,10,200,"bu","10:26:26",904300
9110,10,300,"bu","10:26:26",904100
9110,10,200,"bu","10:25:58",903800
9110,10,100,"bu","10:25:58",903600
9110,10,14700,"bu","10:25:58",903500
9100,0,100,"sd","10:25:57",888800
9110,10,400,"bu","10:25:51",888700
9110,10,4600,"bu","10:25:51",888300
9110,10,1000,"bu","10:25:02",883700
9110,10,2000,"bu","10:24:00",882700
9110,10,100,"bu","10:23:52",880700
9110,10,2000,"bu","10:23:46",880600
9110,10,5000,"bu","10:23:15",878600
9110,10,3000,"bu","10:23:14",873600
9110,10,2000,"bu","10:22:33",870600
9100,0,3300,"sd","10:21:59",868600
9100,0,6700,"sd","10:21:59",865300
9110,10,300,"bu","10:21:39",858600
9110,10,3000,"bu","10:21:10",858300
9110,10,100,"sd","10:19:31",855300
9110,10,2000,"sd","10:19:31",855200
9110,10,1000,"sd","10:19:31",853200
9110,10,3000,"sd","10:19:31",852200
9110,10,900,"sd","10:19:31",849200
9110,10,600,"sd","10:19:15",848300
9110,10,2000,"sd","10:17:17",847700
9110,10,100,"sd","10:17:10",845700
9120,20,2000,"bu","10:16:17",845600
9110,10,1000,"sd","10:15:51",843600
9110,10,600,"sd","10:15:26",842600
9120,20,300,"bu","10:15:24",842000
9110,10,100,"sd","10:14:47",841700
9110,10,100,"sd","10:14:41",841600
9120,20,5000,"sd","10:14:09",841500
9110,10,4600,"sd","10:13:50",836500
9110,10,600,"sd","10:13:50",831900
9110,10,100,"sd","10:13:50",831300
9110,10,3000,"sd","10:13:50",831200
9110,10,900,"sd","10:13:50",828200
9110,10,4400,"sd","10:13:50",827300
9120,20,200,"sd","10:13:50",822900
9120,20,1100,"sd","10:13:50",822700
9120,20,5100,"sd","10:13:50",821600
9130,30,200,"bu","10:13:31",816500
9130,30,200,"bu","10:12:43",816300
9130,30,25000,"bu","10:12:41",816100
9130,30,200,"bu","10:12:32",791100
9120,20,500,"bu","10:12:07",790900
9120,20,400,"bu","10:12:07",790400
9120,20,200,"bu","10:12:01",790000
9120,20,200,"sd","10:11:26",789800
9120,20,100,"sd","10:11:26",789600
9120,20,600,"sd","10:11:26",789500
9120,20,1000,"sd","10:11:19",788900
9120,20,400,"sd","10:11:11",787900
9120,20,100,"sd","10:11:11",787500
9130,30,1500,"bu","10:10:31",787400
9130,30,1000,"bu","10:10:17",785900
9130,30,500,"sd","10:09:40",784900
9130,30,10500,"sd","10:09:40",784400
9150,50,4000,"bu","10:09:33",773900
9130,30,5000,"sd","10:08:59",769900
9130,30,7000,"sd","10:08:45",764900
9150,50,3000,"bu","10:08:36",757900
9140,40,10000,"bu","10:08:35",754900
9130,30,600,"bu","10:08:02",744900
9130,30,400,"bu","10:08:02",744300
9130,30,5000,"bu","10:08:02",743900
9130,30,1500,"bu","10:08:02",738900
9120,20,100,"sd","10:07:59",737400
9120,20,100,"sd","10:07:54",737300
9120,20,4900,"sd","10:07:54",737200
9120,20,500,"sd","10:07:40",732300
9120,20,1400,"sd","10:07:18",731800
9120,20,200,"sd","10:07:18",730400
9120,20,200,"sd","10:07:18",730200
9120,20,200,"sd","10:07:18",730000
9120,20,100,"sd","10:06:57",729800
9130,30,500,"bu","10:06:32",729700
9120,20,200,"bu","10:05:42",729200
9120,20,100,"bu","10:05:42",729000
9120,20,6300,"bu","10:05:42",728900
9120,20,300,"bu","10:05:35",722600
9110,10,5600,"bu","10:04:56",722300
9100,0,3300,"sd","10:04:51",716700
9100,0,1000,"sd","10:04:51",713400
9100,0,1000,"sd","10:04:51",712400
9100,0,100,"sd","10:04:51",711400
9100,0,400,"sd","10:04:51",711300
9100,0,100,"sd","10:04:51",710900
9100,0,1000,"sd","10:04:51",710800
9100,0,500,"sd","10:04:51",709800
9100,0,1000,"sd","10:04:51",709300
9100,0,200,"sd","10:04:51",708300
9100,0,200,"sd","10:04:51",708100
9100,0,200,"sd","10:04:51",707900
9100,0,200,"sd","10:04:51",707700
9100,0,100,"sd","10:04:51",707500
9100,0,700,"sd","10:04:51",707400
9100,0,100,"sd","10:04:20",706700
9100,0,1000,"sd","10:04:09",706600
9100,0,900,"sd","10:03:51",705600
9110,10,100,"bu","10:03:41",704700
9110,10,3000,"sd","10:03:34",704600
9100,0,300,"sd","10:03:23",701600
9100,0,10000,"sd","10:03:23",701300
9100,0,1000,"sd","10:03:23",691300
9100,0,3700,"sd","10:03:23",690300
9100,0,3000,"sd","10:03:04",686600
9110,10,5000,"sd","10:02:45",683600
9100,0,2200,"sd","10:02:18",678600
9100,0,1100,"bu","10:02:17",676400
9100,0,500,"bu","10:02:17",675300
9100,0,1400,"bu","10:02:16",674800
9100,0,4600,"bu","10:02:16",673400
9100,0,100,"bu","10:02:03",668800
9100,0,100,"bu","10:01:57",668700
9100,0,500,"sd","10:01:40",668600
9100,0,4300,"sd","10:01:40",668100
9100,0,400,"sd","10:01:40",663800
9100,0,1000,"sd","10:01:26",663400
9100,0,100,"sd","10:01:26",662400
9100,0,100,"sd","10:01:26",662300
9100,0,1100,"sd","10:01:26",662200
9100,0,3900,"sd","10:00:26",661100
9100,0,500,"sd","10:00:26",657200
9100,0,6000,"sd","10:00:26",656700
9100,0,200,"sd","10:00:26",650700
9100,0,1000,"sd","10:00:26",650500
9100,0,400,"sd","10:00:26",649500
9100,0,2000,"sd","10:00:26",649100
9100,0,200,"sd","10:00:26",647100
9100,0,100,"sd","10:00:26",646900
9100,0,5000,"sd","10:00:26",646800
9100,0,100,"sd","10:00:26",641800
9100,0,500,"sd","10:00:26",641700
9100,0,100,"sd","10:00:26",641200
9100,0,1400,"sd","10:00:26",641100
9100,0,100,"sd","10:00:26",639700
9100,0,2000,"sd","10:00:26",639600
9100,0,1000,"sd","10:00:26",637600
9100,0,200,"sd","10:00:26",636600
9100,0,300,"sd","10:00:26",636400
9100,0,100,"sd","10:00:26",636100
9100,0,500,"sd","10:00:26",636000
9100,0,6000,"sd","10:00:26",635500
9100,0,200,"sd","10:00:26",629500
9100,0,100,"sd","10:00:26",629300
9100,0,100,"sd","10:00:26",629200
9110,10,100,"sd","10:00:26",629100
9110,10,10000,"sd","10:00:26",629000
9110,10,100,"sd","10:00:26",619000
9110,10,900,"sd","10:00:26",618900
9110,10,100,"sd","10:00:26",618000
9110,10,500,"sd","10:00:26",617900
9110,10,3000,"sd","10:00:26",617400
9110,10,3000,"sd","10:00:26",614400
9110,10,300,"sd","10:00:26",611400
9120,20,100,"bu","10:00:22",611100
9120,20,500,"sd","10:00:06",611000
9120,20,100,"sd","10:00:06",610500
9120,20,500,"sd","10:00:06",610400
9120,20,2200,"sd","10:00:06",609900
9120,20,500,"sd","09:59:57",607700
9120,20,2300,"bu","09:59:35",607200
9120,20,1000,"bu","09:59:31",604900
9120,20,300,"sd","09:59:29",603900
9120,20,500,"sd","09:59:29",603600
9120,20,900,"sd","09:59:29",603100
9120,20,100,"sd","09:59:26",602200
9120,20,8800,"sd","09:59:11",602100
9120,20,500,"sd","09:59:11",593300
9120,20,10700,"sd","09:59:11",592800
9130,30,5000,"bu","09:59:05",582100
9120,20,3100,"sd","09:58:59",577100
9120,20,5200,"sd","09:58:20",574000
9120,20,1000,"sd","09:58:19",568800
9120,20,5000,"sd","09:58:19",567800
9120,20,1000,"sd","09:58:19",562800
9120,20,1000,"sd","09:58:19",561800
9120,20,7300,"sd","09:58:19",560800
9130,30,7300,"sd","09:58:19",553500
9130,30,100,"sd","09:58:19",546200
9130,30,6300,"sd","09:58:19",546100
9130,30,200,"sd","09:58:19",539800
9130,30,100,"sd","09:58:19",539600
9140,40,1500,"sd","09:58:19",539500
9140,40,1500,"bu","09:58:15",538000
9140,40,100,"sd","09:58:05",536500
9140,40,800,"sd","09:58:05",536400
9140,40,100,"sd","09:58:05",535600
9140,40,500,"sd","09:58:05",535500
9150,50,6000,"bu","09:57:54",535000
9150,50,3000,"bu","09:57:54",529000
9150,50,1000,"bu","09:57:54",526000
9150,50,10000,"bu","09:57:54",525000
9140,40,500,"sd","09:57:52",515000
9150,50,100,"bu","09:57:47",514500
9150,50,300,"bu","09:57:47",514400
9150,50,600,"bu","09:57:47",514100
9140,40,1000,"sd","09:57:28",513500
9140,40,5000,"sd","09:57:16",512500
9140,40,3500,"sd","09:57:01",507500
9140,40,500,"sd","09:57:01",504000
9150,50,900,"bu","09:56:17",503500
9150,50,2000,"bu","09:56:17",502600
9150,50,1500,"bu","09:56:17",500600
9150,50,2000,"bu","09:56:17",499100
9150,50,1500,"bu","09:56:17",497100
9150,50,1000,"bu","09:56:17",495600
9150,50,1100,"bu","09:56:17",494600
9150,50,1900,"bu","09:56:00",493500
9150,50,400,"bu","09:56:00",491600
9150,50,500,"bu","09:55:09",491200
9150,50,100,"bu","09:54:35",490700
9150,50,100,"bu","09:54:35",490600
9140,40,300,"bu","09:54:35",490500
9120,20,10000,"sd","09:54:34",490200
9120,20,12700,"sd","09:54:34",480200
9120,20,5000,"sd","09:54:34",467500
9120,20,9500,"sd","09:54:34",462500
9130,30,5000,"sd","09:54:34",453000
9130,30,2000,"sd","09:54:34",448000
9130,30,500,"sd","09:54:34",446000
9130,30,4000,"sd","09:54:34",445500
9130,30,1300,"sd","09:54:34",441500
9140,40,200,"bu","09:54:31",440200
9140,40,800,"bu","09:54:31",440000
9140,40,100,"sd","09:53:59",439200
9130,30,200,"sd","09:53:10",439100
9130,30,4800,"sd","09:53:10",438900
9140,40,2000,"sd","09:52:48",434100
9140,40,6000,"sd","09:52:48",432100
9140,40,1000,"sd","09:52:48",426100
9140,40,1000,"sd","09:52:48",425100
9140,40,500,"sd","09:52:48",424100
9140,40,100,"sd","09:52:48",423600
9140,40,400,"sd","09:52:48",423500
9150,50,400,"bu","09:51:44",423100
9150,50,100,"bu","09:51:44",422700
9150,50,500,"bu","09:51:44",422600
9150,50,500,"bu","09:51:44",422100
9150,50,100,"bu","09:51:44",421600
9150,50,2800,"bu","09:51:44",421500
9150,50,1600,"bu","09:51:44",418700
9150,50,3400,"bu","09:51:15",417100
9150,50,300,"bu","09:51:13",413700
9150,50,500,"bu","09:49:57",413400
9150,50,4200,"sd","09:49:53",412900
9150,50,4000,"sd","09:49:51",408700
9150,50,1000,"bu","09:49:44",404700
9150,50,800,"bu","09:49:44",403700
9150,50,1200,"sd","09:49:28",402900
9150,50,1000,"sd","09:49:21",401700
9150,50,100,"sd","09:49:20",400700
9150,50,500,"sd","09:49:20",400600
9150,50,100,"sd","09:48:59",400100
9150,50,200,"bu","09:48:40",400000
9150,50,4700,"bu","09:48:40",399800
9140,40,2200,"sd","09:48:32",395100
9150,50,100,"sd","09:48:09",392900
9150,50,500,"sd","09:48:09",392800
9150,50,2900,"sd","09:48:09",392300
9150,50,200,"bu","09:47:33",389400
9150,50,100,"bu","09:47:33",389200
9150,50,5000,"bu","09:47:33",389100
9150,50,3100,"bu","09:47:33",384100
9150,50,1000,"bu","09:47:33",381000
9150,50,2000,"bu","09:47:33",380000
9150,50,200,"bu","09:47:33",378000
9150,50,4000,"bu","09:47:33",377800
9150,50,1000,"bu","09:47:33",373800
9150,50,100,"bu","09:47:33",372800
9150,50,100,"bu","09:47:33",372700
9150,50,300,"bu","09:47:33",372600
9150,50,5000,"bu","09:47:33",372300
9150,50,500,"bu","09:47:02",367300
9150,50,500,"bu","09:46:53",366800
9150,50,4000,"bu","09:46:47",366300
9150,50,200,"bu","09:46:47",362300
9150,50,100,"bu","09:46:47",362100
9150,50,700,"bu","09:46:47",362000
9140,40,1500,"sd","09:46:40",361300
9150,50,100,"bu","09:46:32",359800
9140,40,1300,"sd","09:46:22",359700
9140,40,500,"sd","09:46:22",358400
9140,40,200,"sd","09:46:22",357900
9140,40,2000,"sd","09:45:21",357700
9150,50,200,"bu","09:44:29",355700
9150,50,100,"bu","09:44:29",355500
9150,50,500,"bu","09:44:29",355400
9150,50,200,"bu","09:44:29",354900
9150,50,500,"bu","09:44:17",354700
9150,50,100,"bu","09:44:07",354200
9150,50,1000,"bu","09:43:39",354100
9150,50,3000,"bu","09:42:52",353100
9150,50,200,"bu","09:42:41",350100
9150,50,800,"bu","09:42:41",349900
9150,50,100,"bu","09:42:13",349100
9140,40,10000,"bu","09:42:00",349000
9140,40,17800,"bu","09:42:00",339000
9130,30,2200,"sd","09:41:30",321200
9140,40,200,"bu","09:41:30",319000
9130,30,100,"sd","09:39:53",318800
9140,40,3000,"sd","09:39:49",318700
9140,40,800,"sd","09:39:49",315700
9140,40,200,"sd","09:39:49",314900
9140,40,8000,"sd","09:39:49",314700
9140,40,1000,"sd","09:39:29",306700
9140,40,1000,"sd","09:39:26",305700
9140,40,2000,"sd","09:39:00",304700
9140,40,8000,"sd","09:38:50",302700
9140,40,200,"sd","09:38:50",294700
9140,40,100,"sd","09:38:50",294500
9140,40,4200,"sd","09:38:50",294400
9140,40,2500,"sd","09:38:50",290200
9150,50,200,"bu","09:38:25",287700
9140,40,2000,"sd","09:38:11",287500
9150,50,300,"bu","09:37:51",285500
9150,50,1000,"bu","09:37:14",285200
9140,40,1000,"sd","09:37:01",284200
9140,40,2000,"sd","09:36:45",283200
9140,40,1700,"sd","09:36:25",281200
9140,40,200,"sd","09:36:25",279500
9140,40,1000,"sd","09:36:25",279300
9140,40,1600,"sd","09:36:25",278300
9140,40,100,"bu","09:35:30",276700
9140,40,2000,"bu","09:35:30",276600
9140,40,100,"bu","09:35:30",274600
9140,40,1000,"bu","09:35:30",274500
9140,40,200,"bu","09:35:30",273500
9130,30,600,"sd","09:35:27",273300
9130,30,500,"sd","09:35:27",272700
9130,30,1000,"sd","09:35:27",272200
9130,30,300,"sd","09:35:27",271200
9130,30,100,"sd","09:34:45",270900
9130,30,1500,"sd","09:34:37",270800
9140,40,1800,"sd","09:33:11",269300
9150,50,600,"bu","09:33:03",267500
9150,50,900,"bu","09:33:03",266900
9140,40,2000,"sd","09:32:58",266000
9140,40,500,"sd","09:32:38",264000
9140,40,300,"sd","09:32:26",263500
9140,40,400,"bu","09:32:13",263200
9130,30,500,"sd","09:32:12",262800
9130,30,1500,"sd","09:31:55",262300
9130,30,1100,"sd","09:31:55",260800
9130,30,7700,"sd","09:31:54",259700
9130,30,200,"sd","09:31:54",251000
9130,30,1000,"sd","09:31:54",252000
9140,40,500,"bu","09:31:28",250800
9140,40,1000,"sd","09:31:09",250300
9140,40,7700,"sd","09:31:09",249300
9140,40,400,"sd","09:31:09",241600
9140,40,600,"sd","09:31:07",241200
9140,40,3000,"sd","09:31:07",240600
9140,40,200,"sd","09:31:07",237600
9140,40,400,"sd","09:31:07",237400
9140,40,100,"sd","09:31:07",237000
9140,40,700,"sd","09:31:07",236900
9140,40,300,"sd","09:30:52",236200
9140,40,200,"sd","09:30:52",235900
9140,40,500,"sd","09:30:52",235700
9140,40,200,"sd","09:30:47",235200
9140,40,2500,"sd","09:30:47",235000
9140,40,20000,"sd","09:30:33",232500
9140,40,3000,"sd","09:30:33",212500
9140,40,5000,"sd","09:30:32",209500
9140,40,2000,"sd","09:30:24",204500
9140,40,100,"sd","09:30:16",202500
9140,40,1000,"sd","09:30:11",202400
9140,40,3400,"sd","09:29:55",201400
9140,40,2300,"sd","09:29:46",198000
9140,40,700,"sd","09:29:46",195700
9140,40,700,"sd","09:29:31",195000
9140,40,100,"sd","09:29:09",194300
9150,50,3000,"bu","09:28:55",194200
9140,40,100,"sd","09:28:37",191200
9150,50,1000,"bu","09:28:22",191100
9150,50,100,"bu","09:28:09",190100
9140,40,2100,"sd","09:27:58",190000
9150,50,6600,"sd","09:27:58",187900
9150,50,100,"bu","09:27:48",181300
9150,50,1000,"bu","09:27:48",181200
9150,50,400,"bu","09:27:16",180200
9150,50,600,"bu","09:27:16",179800
9150,50,200,"bu","09:27:00",179200
9150,50,200,"bu","09:26:43",179000
9160,60,100,"bu","09:26:34",178800
9150,50,100,"bu","09:26:34",178700
9150,50,100,"bu","09:26:34",178600
9140,40,200,"sd","09:26:29",178500
9150,50,8000,"bu","09:26:13",178300
9150,50,500,"sd","09:26:04",170300
9150,50,200,"sd","09:26:04",169800
9150,50,4000,"sd","09:26:04",169600
9150,50,500,"sd","09:26:04",165600
9150,50,10000,"sd","09:26:04",165100
9150,50,600,"sd","09:26:04",155100
9160,60,1100,"sd","09:26:04",154500
9160,60,200,"bu","09:26:03",153400
9160,60,500,"bu","09:26:03",153200
9160,60,8200,"bu","09:26:03",152700
9160,60,1800,"bu","09:26:02",144500
9160,60,200,"bu","09:26:02",142700
9160,60,3000,"bu","09:26:02",142500
9160,60,2000,"bu","09:25:52",139500
9160,60,1000,"bu","09:25:52",137500
9160,60,2800,"bu","09:25:52",136500
9160,60,2200,"bu","09:25:52",133700
9160,60,400,"bu","09:25:51",131500
9160,60,300,"bu","09:25:43",131100
9160,60,500,"bu","09:25:39",130800
9150,50,200,"sd","09:25:36",130300
9160,60,1000,"bu","09:25:32",130100
9150,50,3000,"sd","09:25:25",129100
9150,50,100,"sd","09:25:14",126100
9150,50,1000,"sd","09:25:12",126000
9150,50,1000,"sd","09:25:04",125000
9150,50,500,"sd","09:24:45",124000
9150,50,100,"sd","09:24:33",123500
9150,50,500,"sd","09:24:21",123400
9150,50,600,"sd","09:24:21",122900
9160,60,400,"bu","09:24:15",122300
9160,60,600,"bu","09:24:15",121900
9150,50,500,"sd","09:23:58",121300
9150,50,100,"sd","09:23:50",120800
9150,50,1800,"bu","09:23:40",120700
9150,50,1000,"bu","09:23:37",118900
9150,50,2200,"bu","09:23:34",117900
9150,50,7800,"bu","09:23:34",115700
9150,50,2200,"bu","09:23:15",107900
9160,60,200,"bu","09:22:37",105700
9140,40,2100,"sd","09:22:24",105500
9140,40,1000,"sd","09:22:24",103400
9140,40,6900,"sd","09:22:24",102400
9140,40,4100,"sd","09:22:12",95500
9140,40,5900,"sd","09:22:12",91400
9160,60,2000,"bu","09:22:00",85500
9160,60,1000,"bu","09:21:15",83500
9140,40,1000,"sd","09:21:10",82500
9150,50,500,"bu","09:21:08",81500
9150,50,500,"bu","09:21:08",81000
9140,40,3100,"bu","09:20:14",80500
9140,40,1000,"bu","09:20:13",77400
9140,40,700,"bu","09:20:11",76400
9140,40,200,"bu","09:20:08",75700
9140,40,3000,"sd","09:20:08",75500
9140,40,1000,"sd","09:20:03",72500
9140,40,5000,"sd","09:19:58",71500
9150,50,500,"sd","09:19:36",66500
9150,50,9500,"sd","09:19:35",66000
9150,50,500,"sd","09:19:35",56500
9160,60,1000,"bu","09:19:29",56000
9160,60,200,"sd","09:19:24",55000
9170,70,200,"bu","09:19:22",54800
9170,70,300,"bu","09:19:15",54600
9180,80,1000,"bu","09:18:55",54300
9180,80,500,"sd","09:18:27",53300
9180,80,100,"sd","09:18:17",52800
9140,40,1000,"sd","09:18:05",52700
9180,80,100,"bu","09:17:55",51700
9190,90,5100,"bu","09:17:39",51600
9180,80,900,"bu","09:17:39",46500
9180,80,100,"sd","09:17:37",45600
9170,70,200,"bu","09:17:20",45500
9190,90,1000,"bu","09:17:17",41400
9190,90,2900,"bu","09:17:17",45300
9190,90,1000,"bu","09:17:17",42400
9180,80,200,"bu","09:17:17",40400
9180,80,5000,"bu","09:17:17",40200
9180,80,100,"bu","09:17:17",35200
9180,80,500,"bu","09:17:17",35100
9180,80,700,"bu","09:17:17",34600
9170,70,500,"bu","09:17:17",33900
9170,70,100,"bu","09:17:17",33400
9180,80,400,"bu","09:16:23",33300
9180,80,8900,"bu","09:15:39",32900
9150,50,100,"bu","09:15:39",24000
9120,20,23900,"sd","09:14:59",23900
