"price","change","match_qtty","side","time","total_vol"
4650,-50,77400,"bu","14:45:00",711400
4670,-30,100,"bu","14:29:36",634000
4670,-30,100,"sd","14:29:24",633900
4670,-30,500,"sd","14:29:24",633800
4670,-30,200,"sd","14:29:24",633300
4670,-30,200,"sd","14:29:24",633100
4670,-30,100,"sd","14:29:24",632900
4670,-30,200,"sd","14:29:24",632800
4670,-30,3400,"sd","14:29:24",632600
4670,-30,2900,"sd","14:29:24",629200
4670,-30,1300,"sd","14:29:19",626300
4670,-30,800,"sd","14:29:14",625000
4670,-30,300,"sd","14:29:14",624200
4670,-30,100,"sd","14:29:14",623900
4670,-30,200,"sd","14:29:14",623800
4680,-20,100,"sd","14:28:58",623600
4680,-20,200,"sd","14:28:58",623500
4680,-20,1800,"sd","14:28:58",623300
4680,-20,2400,"sd","14:28:58",621500
4680,-20,300,"sd","14:28:58",619100
4680,-20,800,"sd","14:28:58",618800
4680,-20,200,"sd","14:28:58",618000
4680,-20,100,"sd","14:28:58",617800
4680,-20,1000,"sd","14:28:58",617700
4680,-20,500,"sd","14:28:58",616700
4680,-20,200,"sd","14:28:58",616200
4680,-20,2800,"sd","14:28:58",616000
4680,-20,1000,"sd","14:28:58",613200
4680,-20,11000,"sd","14:28:58",612200
4680,-20,100,"sd","14:28:44",601200
4680,-20,100,"sd","14:28:33",601100
4680,-20,1800,"sd","14:28:26",601000
4680,-20,1000,"sd","14:28:26",599200
4680,-20,500,"sd","14:28:26",598200
4680,-20,400,"sd","14:28:26",597700
4680,-20,3000,"sd","14:28:26",597300
4680,-20,1300,"sd","14:28:26",594300
4680,-20,300,"sd","14:28:17",593000
4680,-20,700,"sd","14:27:58",592700
4690,-10,100,"bu","14:27:58",592000
4690,-10,700,"bu","14:27:57",591900
4690,-10,100,"sd","14:27:46",591200
4690,-10,4300,"sd","14:27:46",591100
4690,-10,900,"sd","14:27:27",586800
4690,-10,500,"sd","14:27:27",585900
4690,-10,3600,"sd","14:27:27",585400
4690,-10,500,"sd","14:26:52",581800
4690,-10,900,"sd","14:26:05",581300
4690,-10,100,"sd","14:26:05",580400
4690,-10,400,"sd","14:25:42",580300
4690,-10,600,"sd","14:25:42",579900
4690,-10,300,"sd","14:24:52",579300
4690,-10,100,"sd","14:24:39",579000
4690,-10,1000,"sd","14:23:46",578900
4690,-10,1000,"sd","14:23:30",577900
4690,-10,1000,"sd","14:23:03",576900
4690,-10,3000,"sd","14:23:02",575900
4690,-10,800,"sd","14:23:02",572900
4690,-10,500,"sd","14:23:02",572100
4690,-10,100,"sd","14:23:02",571600
4690,-10,100,"sd","14:23:02",571500
4690,-10,2000,"sd","14:23:02",571400
4690,-10,2000,"sd","14:23:02",569400
4690,-10,2000,"sd","14:23:02",567400
4690,-10,1000,"sd","14:21:05",565400
4690,-10,2000,"sd","14:19:00",564400
4690,-10,300,"sd","14:18:12",562400
4690,-10,700,"sd","14:18:12",562100
4690,-10,500,"sd","14:18:01",561400
4690,-10,2800,"sd","14:16:29",560900
4690,-10,100,"sd","14:16:29",558100
4690,-10,3200,"sd","14:16:29",558000
4690,-10,6800,"sd","14:14:20",554800
4690,-10,3200,"sd","14:14:20",548000
4690,-10,1800,"sd","14:13:33",544800
4690,-10,100,"sd","14:13:33",543000
4690,-10,100,"sd","14:13:33",542900
4690,-10,200,"sd","14:12:45",542800
4690,-10,1000,"sd","14:12:05",542600
4690,-10,1500,"sd","14:10:44",541600
4690,-10,200,"sd","14:10:35",540100
4700,0,1000,"bu","14:10:33",539900
4690,-10,500,"bu","14:08:34",538900
4680,-20,700,"sd","14:08:26",538400
4680,-20,900,"sd","14:08:26",537700
4680,-20,100,"sd","14:08:26",536800
4680,-20,700,"sd","14:08:26",536700
4690,-10,300,"sd","14:07:56",536000
4690,-10,300,"sd","14:07:48",535700
4690,-10,2000,"sd","14:07:01",535400
4690,-10,2000,"sd","14:06:48",533400
4690,-10,100,"sd","14:06:03",531400
4700,0,100,"bu","14:04:51",531300
4690,-10,300,"bu","14:04:31",531200
4690,-10,900,"bu","14:04:15",530900
4690,-10,200,"bu","14:03:52",530000
4690,-10,1000,"bu","14:03:38",529800
4690,-10,5000,"bu","14:03:31",528800
4690,-10,500,"bu","14:03:27",523800
4690,-10,100,"bu","14:03:24",523300
4690,-10,4900,"bu","14:02:55",523200
4690,-10,100,"bu","14:02:55",518300
4690,-10,100,"bu","14:02:36",518200
4690,-10,400,"bu","14:02:36",518100
4690,-10,200,"bu","14:02:31",517700
4690,-10,300,"bu","14:02:28",517500
4690,-10,1600,"bu","14:01:30",517200
4690,-10,2500,"sd","14:01:07",515600
4690,-10,2500,"sd","14:00:53",513100
4690,-10,1300,"sd","14:00:53",510600
4690,-10,1800,"sd","14:00:53",509300
4690,-10,1000,"bu","13:59:56",507500
4690,-10,500,"bu","13:59:56",506500
4690,-10,400,"bu","13:59:56",506000
4680,-20,700,"sd","13:59:29",505600
4680,-20,1700,"sd","13:59:27",504900
4680,-20,6000,"sd","13:59:27",503200
4680,-20,300,"sd","13:58:08",497200
4680,-20,1700,"sd","13:56:30",496900
4680,-20,300,"sd","13:56:30",495200
4690,-10,1100,"bu","13:55:29",494900
4690,-10,900,"bu","13:55:29",493800
4690,-10,300,"bu","13:54:41",492900
4690,-10,1100,"sd","13:53:49",492600
4690,-10,200,"sd","13:53:49",491500
4690,-10,200,"sd","13:53:17",491300
4690,-10,100,"sd","13:53:17",491100
4700,0,400,"bu","13:49:57",491000
4690,-10,1900,"sd","13:49:13",490600
4690,-10,500,"sd","13:49:13",488700
4690,-10,1000,"sd","13:49:13",488200
4690,-10,1500,"sd","13:48:36",487200
4690,-10,2000,"sd","13:48:36",485700
4690,-10,500,"sd","13:48:36",483700
4700,0,1000,"bu","13:47:17",483200
4700,0,500,"sd","13:47:08",482200
4700,0,100,"sd","13:47:08",481700
4700,0,45000,"sd","13:47:08",481600
4700,0,4700,"sd","13:47:05",436600
4700,0,300,"sd","13:46:54",431900
4710,10,100,"bu","13:46:34",431600
4710,10,200,"bu","13:46:28",431500
4710,10,4200,"bu","13:45:50",431300
4700,0,100,"sd","13:45:37",427100
4710,10,500,"sd","13:45:19",427000
4710,10,500,"bu","13:44:37",426500
4710,10,200,"bu","13:44:26",426000
4710,10,200,"bu","13:44:26",425800
4710,10,300,"bu","13:44:26",425600
4710,10,2500,"bu","13:44:06",425300
4710,10,6000,"bu","13:43:57",422800
4710,10,500,"bu","13:43:43",416800
4710,10,2000,"bu","13:39:58",416300
4710,10,1000,"bu","13:39:40",414300
4700,0,13600,"bu","13:37:55",413300
4700,0,2000,"bu","13:37:55",399700
4700,0,8900,"bu","13:37:55",397700
4700,0,200,"bu","13:37:33",388800
4700,0,900,"bu","13:37:24",388600
4700,0,100,"bu","13:37:24",387700
4690,-10,10000,"sd","13:37:13",387600
4690,-10,1000,"sd","13:37:13",377600
4690,-10,2000,"sd","13:37:13",376600
4690,-10,1000,"sd","13:37:13",374600
4690,-10,200,"sd","13:37:13",373600
4690,-10,2000,"sd","13:37:13",373400
4690,-10,100,"sd","13:37:13",371400
4690,-10,500,"sd","13:37:13",371300
4690,-10,500,"sd","13:37:13",370800
4690,-10,1000,"sd","13:37:13",370300
4690,-10,1000,"sd","13:32:29",369300
4690,-10,800,"sd","13:30:24",368300
4690,-10,200,"sd","13:30:24",367500
4690,-10,2800,"bu","13:29:47",367300
4680,-20,1400,"sd","13:29:33",364500
4680,-20,1400,"sd","13:29:30",363100
4680,-20,100,"sd","13:29:30",361700
4680,-20,100,"sd","13:29:30",361600
4680,-20,500,"sd","13:29:30",361500
4680,-20,900,"sd","13:29:30",361000
4690,-10,400,"sd","13:29:06",360100
4690,-10,5000,"sd","13:29:06",359700
4690,-10,100,"sd","13:29:06",354700
4690,-10,1700,"sd","13:29:06",354600
4690,-10,300,"sd","13:27:55",352900
4690,-10,500,"sd","13:26:28",352600
4690,-10,10400,"bu","13:26:24",352100
4690,-10,200,"sd","13:26:11",341700
4690,-10,400,"sd","13:26:11",341500
4690,-10,2800,"sd","13:26:11",341100
4700,0,100,"bu","13:25:14",338300
4690,-10,200,"sd","13:24:09",338200
4690,-10,400,"sd","13:23:30",338000
4690,-10,100,"sd","13:23:09",337600
4690,-10,100,"bu","13:22:55",337500
4690,-10,1500,"bu","13:22:51",337400
4690,-10,100,"bu","13:22:42",335900
4690,-10,500,"bu","13:22:30",335800
4680,-20,1100,"sd","13:21:56",335300
4680,-20,900,"sd","13:21:56",334200
4690,-10,4000,"bu","13:21:44",333300
4690,-10,1000,"bu","13:19:24",329300
4690,-10,200,"bu","13:19:20",328300
4690,-10,200,"bu","13:18:42",328100
4690,-10,500,"bu","13:18:18",327900
4690,-10,900,"bu","13:17:59",327400
4690,-10,100,"bu","13:17:08",326500
4690,-10,1000,"sd","13:16:39",326400
4690,-10,100,"sd","13:16:39",325400
4690,-10,900,"sd","13:15:29",325300
4690,-10,100,"sd","13:15:29",324400
4700,0,200,"sd","13:12:51",324300
4700,0,2000,"sd","13:12:25",324100
4700,0,100,"sd","13:12:22",322100
4700,0,600,"bu","13:11:40",322000
4700,0,100,"bu","13:11:40",321400
4700,0,100,"bu","13:11:40",321300
4700,0,700,"bu","13:11:40",321200
4700,0,200,"bu","13:11:40",320500
4700,0,600,"bu","13:11:40",320300
4700,0,600,"bu","13:11:40",319700
4700,0,200,"bu","13:11:40",319100
4700,0,900,"bu","13:11:40",318900
4700,0,3700,"bu","13:11:40",318000
4690,-10,8000,"bu","13:09:53",314300
4680,-20,100,"sd","13:09:42",306300
4680,-20,4000,"sd","13:09:18",306200
4680,-20,3000,"sd","13:09:18",302200
4680,-20,200,"sd","13:09:02",299200
4690,-10,4900,"bu","13:09:01",299000
4680,-20,1800,"sd","13:09:00",294100
4680,-20,100,"sd","13:09:00",292300
4680,-20,100,"sd","13:09:00",292200
4680,-20,2000,"sd","13:09:00",292100
4680,-20,100,"sd","13:08:31",290100
4680,-20,1000,"sd","13:08:11",290000
4690,-10,500,"bu","13:07:59",289000
4690,-10,200,"bu","13:07:41",288500
4680,-20,900,"sd","13:07:37",288300
4680,-20,1000,"sd","13:07:35",287400
4680,-20,500,"sd","13:07:35",286400
4680,-20,100,"sd","13:07:35",285900
4680,-20,400,"sd","13:07:35",285800
4680,-20,600,"sd","13:07:25",285400
4680,-20,1000,"sd","13:07:25",284800
4680,-20,300,"sd","13:07:25",283800
4680,-20,3000,"sd","13:07:25",283500
4680,-20,1000,"sd","13:07:25",280500
4680,-20,2000,"sd","13:07:25",279500
4680,-20,100,"sd","13:07:25",275500
4680,-20,2000,"sd","13:07:25",277500
4690,-10,100,"bu","13:06:48",275400
4690,-10,100,"bu","13:05:13",275300
4690,-10,500,"sd","13:04:59",275200
4690,-10,1300,"sd","13:04:59",274700
4690,-10,2400,"sd","13:04:59",273400
4690,-10,2000,"sd","13:04:23",271000
4690,-10,2600,"sd","13:02:11",269000
4690,-10,2400,"sd","13:02:11",266400
4690,-10,2600,"sd","13:00:58",264000
4690,-10,200,"sd","13:00:58",261400
4690,-10,1000,"sd","13:00:58",261200
4690,-10,1000,"sd","13:00:58",260200
4690,-10,1000,"sd","13:00:58",259200
4690,-10,100,"sd","13:00:58",258200
4690,-10,100,"sd","13:00:58",258100
4690,-10,200,"sd","13:00:46",258000
4700,0,900,"bu","13:00:08",257800
4700,0,100,"bu","13:00:04",256900
4700,0,300,"unknown","13:00:00",256800
4700,0,100,"bu","11:27:13",256500
4700,0,100,"bu","11:27:13",256400
4700,0,300,"sd","11:26:26",256300
4700,0,200,"sd","11:25:26",256000
4700,0,300,"sd","11:25:26",255800
4700,0,700,"sd","11:23:56",255500
4700,0,100,"sd","11:23:56",254800
4700,0,500,"bu","11:22:02",254700
4700,0,1000,"bu","11:22:02",254200
4700,0,100,"bu","11:21:31",253200
4700,0,100,"bu","11:21:25",253100
4700,0,100,"bu","11:20:56",253000
4700,0,100,"bu","11:20:52",252900
4700,0,200,"bu","11:20:39",252800
4700,0,1400,"sd","11:19:07",252600
4700,0,600,"bu","11:16:28",251200
4700,0,300,"sd","11:16:10",250600
4700,0,300,"sd","11:16:10",250300
4700,0,200,"sd","11:16:10",250000
4700,0,600,"sd","11:16:10",249800
4700,0,100,"sd","11:12:52",249200
4700,0,300,"sd","11:09:17",249100
4700,0,200,"sd","11:09:17",248800
4700,0,5000,"sd","11:09:17",248600
4700,0,2900,"sd","11:09:17",243600
4700,0,1000,"sd","11:09:17",240700
4700,0,100,"sd","11:09:17",239700
4700,0,1000,"sd","11:09:17",239600
4700,0,500,"sd","11:09:17",238600
4700,0,500,"sd","11:07:37",238100
4700,0,100,"sd","11:07:37",237600
4700,0,500,"sd","11:07:37",237500
4710,10,900,"sd","11:07:37",237000
4720,20,100,"sd","11:07:13",236100
4730,30,800,"bu","11:05:59",236000
4730,30,500,"bu","11:04:49",235200
4730,30,100,"bu","11:04:26",234700
4720,20,1000,"bu","11:02:13",234600
4710,10,1100,"bu","11:01:41",233600
4710,10,1600,"bu","11:00:11",232500
4700,0,500,"sd","10:55:26",230900
4700,0,200,"sd","10:55:26",230400
4700,0,1000,"sd","10:55:26",230200
4700,0,5000,"sd","10:55:26",229200
4700,0,300,"sd","10:55:26",224200
4710,10,300,"sd","10:55:15",223900
4710,10,1500,"sd","10:54:06",223600
4710,10,500,"sd","10:54:06",222100
4720,20,200,"bu","10:52:47",221600
4720,20,1000,"bu","10:52:35",221400
4720,20,800,"bu","10:52:07",220400
4720,20,200,"bu","10:52:07",219600
4710,10,100,"sd","10:48:36",219400
4700,0,1000,"sd","10:47:12",219300
4710,10,2100,"bu","10:46:22",218300
4710,10,1400,"bu","10:45:35",216200
4710,10,600,"bu","10:45:35",214800
4700,0,500,"sd","10:44:08",214200
4700,0,200,"sd","10:41:58",213700
4700,0,3000,"sd","10:41:43",213500
4700,0,3800,"bu","10:41:03",210500
4700,0,100,"sd","10:40:55",206700
4700,0,1000,"sd","10:40:55",206600
4700,0,2100,"sd","10:40:55",205600
4700,0,900,"sd","10:40:42",203500
4700,0,100,"sd","10:40:42",202600
4710,10,1500,"bu","10:39:17",202500
4710,10,500,"bu","10:39:17",201000
4710,10,100,"bu","10:38:29",200500
4710,10,100,"bu","10:37:22",200400
4700,0,300,"sd","10:35:02",200300
4700,0,700,"sd","10:31:40",200000
4700,0,300,"sd","10:31:40",199300
4700,0,500,"sd","10:30:37",199000
4700,0,1900,"bu","10:28:51",198500
4700,0,100,"bu","10:28:00",196600
4700,0,2000,"sd","10:27:37",196500
4700,0,500,"sd","10:27:37",194500
4700,0,100,"sd","10:25:01",194000
4700,0,200,"sd","10:25:01",193900
4700,0,100,"sd","10:25:01",193700
4700,0,100,"bu","10:23:45",193600
4700,0,200,"bu","10:23:03",193500
4700,0,200,"sd","10:22:56",193300
4700,0,500,"sd","10:22:56",193100
4700,0,3500,"sd","10:20:15",192600
4710,10,1300,"sd","10:19:17",189100
4710,10,3700,"bu","10:17:10",187800
4710,10,4000,"bu","10:16:32",184100
4710,10,1400,"bu","10:15:58",180100
4710,10,2200,"bu","10:15:58",178700
4690,-10,400,"bu","10:15:58",176500
4680,-20,800,"sd","10:15:54",176100
4680,-20,1300,"sd","10:14:06",175300
4680,-20,100,"sd","10:14:06",174000
4680,-20,900,"sd","10:14:06",173900
4680,-20,300,"sd","10:13:30",173000
4680,-20,100,"sd","10:13:30",172700
4680,-20,100,"sd","10:13:30",172600
4680,-20,100,"sd","10:13:30",172500
4690,-10,300,"bu","10:13:23",172400
4690,-10,1000,"bu","10:13:18",172100
4690,-10,200,"bu","10:13:08",171100
4690,-10,100,"bu","10:12:53",170900
4690,-10,300,"bu","10:12:50",170800
4690,-10,200,"bu","10:12:44",170500
4690,-10,200,"bu","10:12:24",170300
4690,-10,300,"bu","10:12:18",170100
4690,-10,200,"bu","10:11:12",169800
4690,-10,100,"sd","10:10:40",169600
4690,-10,1000,"sd","10:10:40",169500
4690,-10,100,"sd","10:10:40",168500
4690,-10,100,"sd","10:10:40",168400
4690,-10,100,"sd","10:10:40",168300
4690,-10,1000,"sd","10:10:40",168200
4690,-10,1000,"sd","10:10:40",167200
4690,-10,2000,"sd","10:10:40",166200
4700,0,600,"bu","10:09:14",164200
4700,0,2000,"bu","10:08:56",163600
4700,0,100,"bu","10:08:34",161600
4700,0,3000,"sd","10:08:26",161500
4700,0,2000,"sd","10:08:26",158500
4700,0,200,"sd","10:08:26",156500
4700,0,500,"sd","10:08:26",156300
4700,0,100,"sd","10:08:26",155800
4700,0,700,"sd","10:08:26",155700
4700,0,300,"sd","10:07:03",155000
4700,0,700,"sd","10:07:03",154700
4700,0,700,"sd","10:05:49",154000
4700,0,300,"sd","10:05:49",153300
4710,10,100,"bu","10:05:45",153000
4710,10,500,"bu","10:04:24",152900
4710,10,200,"sd","10:04:11",152400
4710,10,4800,"bu","10:03:33",152200
4710,10,400,"bu","10:02:15",147400
4700,0,700,"sd","10:01:15",147000
4700,0,1000,"sd","10:01:15",146300
4700,0,100,"sd","10:01:15",145300
4700,0,100,"sd","10:01:15",145200
4700,0,200,"sd","10:01:15",145100
4700,0,900,"sd","10:01:15",144900
4700,0,100,"sd","10:00:58",144000
4710,10,100,"bu","10:00:35",143900
4700,0,1500,"sd","10:00:30",143800
4700,0,1000,"sd","10:00:30",142300
4700,0,400,"sd","10:00:30",141300
4700,0,200,"sd","10:00:30",140900
4700,0,100,"sd","10:00:30",140700
4700,0,300,"sd","10:00:30",140600
4700,0,100,"sd","10:00:30",140300
4700,0,1000,"sd","10:00:30",140200
4700,0,4000,"sd","10:00:30",139200
4700,0,10700,"sd","10:00:30",135200
4700,0,7900,"sd","10:00:30",124500
4700,0,1300,"sd","10:00:30",116600
4710,10,200,"bu","10:00:14",115300
4700,0,700,"sd","10:00:12",115100
4700,0,200,"sd","10:00:12",114400
4710,10,1000,"bu","09:59:58",114200
4710,10,100,"bu","09:58:59",113200
4710,10,500,"bu","09:58:57",113100
4710,10,600,"bu","09:58:54",112600
4710,10,500,"bu","09:58:50",112000
4710,10,2800,"sd","09:58:25",111500
4730,30,100,"bu","09:58:21",108700
4730,30,100,"bu","09:58:21",108600
4710,10,13800,"sd","09:58:11",108500
4710,10,300,"sd","09:58:11",94700
4710,10,800,"sd","09:58:11",94400
4720,20,100,"sd","09:58:11",93600
4720,20,9900,"sd","09:57:25",93500
4720,20,100,"sd","09:57:25",83600
4730,30,100,"bu","09:56:46",83500
4730,30,100,"bu","09:55:09",83400
4710,10,200,"bu","09:53:17",83300
4710,10,100,"bu","09:53:02",83100
4710,10,900,"bu","09:52:20",83000
4710,10,600,"sd","09:52:01",82100
4710,10,1200,"sd","09:52:01",81500
4710,10,5000,"sd","09:52:01",80300
4710,10,900,"sd","09:52:01",75300
4710,10,500,"sd","09:52:01",74400
4710,10,500,"sd","09:52:01",73900
4720,20,100,"sd","09:52:01",73400
4720,20,100,"bu","09:51:55",73300
4710,10,500,"sd","09:51:38",73200
4710,10,1000,"sd","09:51:38",72700
4710,10,100,"sd","09:51:38",71700
4710,10,100,"sd","09:51:38",71600
4710,10,100,"sd","09:51:38",71500
4720,20,200,"sd","09:51:38",71400
4720,20,200,"sd","09:51:11",71200
4720,20,300,"sd","09:50:26",71000
4730,30,200,"bu","09:48:05",70700
4730,30,200,"bu","09:48:05",70500
4720,20,500,"bu","09:44:24",70300
4710,10,4200,"sd","09:44:19",69800
4710,10,400,"sd","09:44:19",65600
4710,10,300,"sd","09:44:19",65200
4710,10,1000,"sd","09:44:19",64900
4710,10,100,"sd","09:44:19",63900
4720,20,500,"bu","09:43:24",63800
4710,10,300,"sd","09:40:06",63300
4710,10,900,"sd","09:40:06",63000
4710,10,200,"sd","09:40:06",62100
4710,10,100,"sd","09:40:06",61900
4710,10,1000,"sd","09:40:06",61800
4720,20,100,"sd","09:40:06",60800
4720,20,1300,"sd","09:40:06",60700
4720,20,100,"sd","09:40:06",59400
4720,20,700,"sd","09:37:39",59300
4720,20,200,"sd","09:35:54",58600
4720,20,5800,"sd","09:35:54",58400
4720,20,4200,"sd","09:35:38",52600
4720,20,1000,"sd","09:35:38",48400
4720,20,200,"sd","09:35:38",47400
4720,20,1500,"sd","09:35:38",47200
4720,20,100,"sd","09:35:38",45700
4720,20,100,"sd","09:28:44",45600
4720,20,800,"sd","09:27:59",45500
4720,20,500,"sd","09:27:57",44700
4720,20,500,"sd","09:27:57",44200
4720,20,200,"sd","09:27:57",43700
4720,20,800,"bu","09:26:55",43500
4720,20,800,"sd","09:26:03",42700
4720,20,100,"sd","09:26:03",41900
4720,20,500,"sd","09:26:03",41800
4720,20,1000,"sd","09:26:03",41300
4720,20,6800,"sd","09:26:03",40300
4720,20,1000,"sd","09:25:27",33500
4720,20,4600,"sd","09:25:08",32500
4720,20,5000,"sd","09:25:05",27900
4720,20,6400,"sd","09:24:52",22900
4730,30,200,"sd","09:24:52",16500
4730,30,400,"sd","09:24:52",16300
4730,30,200,"sd","09:22:24",15900
4730,30,1500,"sd","09:21:10",15700
4720,20,200,"sd","09:18:25",14200
4720,20,1000,"sd","09:18:12",14000
4720,20,5000,"sd","09:18:03",13000
4750,50,600,"bu","09:16:50",8000
4750,50,7400,"bu","09:14:59",7400
