"price","change","match_qtty","side","time","total_vol"
3200,0,12200,"bu","14:45:00",413200
3200,0,100,"bu","14:20:59",401000
3100,-100,100,"sd","14:20:23",400900
3100,-100,6000,"sd","14:19:40",400800
3200,0,4800,"bu","14:11:17",394800
3200,0,1500,"bu","14:10:45",390000
3200,0,3500,"sd","14:10:38",388500
3200,0,2000,"bu","14:10:27",385000
3200,0,1000,"bu","14:09:12",383000
3200,0,600,"bu","14:09:09",382000
3200,0,8700,"sd","14:09:08",381400
3200,0,1300,"sd","14:09:04",372700
3200,0,3700,"bu","14:08:42",371400
3200,0,6300,"sd","14:08:41",367700
3200,0,44800,"bu","14:08:31",361400
3200,0,1000,"bu","13:55:25",316600
3200,0,1000,"bu","13:55:05",315600
3200,0,6000,"bu","13:52:51",314600
3200,0,200,"bu","13:51:39",308600
3200,0,200,"bu","13:50:56",308400
3200,0,4000,"bu","13:50:20",308200
3200,0,100,"bu","13:45:13",304200
3100,-100,1300,"sd","13:45:05",304100
3100,-100,1600,"sd","13:37:07",302800
3200,0,500,"bu","13:34:51",301200
3200,0,400,"bu","13:23:39",300700
3200,0,3000,"bu","13:21:12",300300
3100,-100,500,"sd","13:20:21",297300
3100,-100,10000,"sd","13:17:11",296800
3100,-100,4700,"sd","13:12:40",286800
3100,-100,4100,"sd","13:11:44",282100
3200,0,1000,"bu","13:08:32",278000
3200,0,100,"bu","13:00:07",277000
3200,0,5000,"bu","11:26:47",276900
3200,0,10800,"bu","11:25:25",271900
3200,0,5000,"bu","11:17:08",261100
3200,0,1000,"bu","11:14:33",256100
3200,0,100,"bu","11:04:42",255100
3200,0,500,"bu","11:00:53",255000
3100,-100,1000,"sd","10:32:43",254500
3100,-100,1000,"sd","10:32:08",253500
3200,0,1000,"bu","10:30:32",252500
3200,0,500,"bu","10:24:20",251500
3100,-100,10000,"sd","10:16:54",251000
3100,-100,10000,"sd","10:16:48",241000
3100,-100,150000,"sd","10:15:47",231000
3200,0,10000,"bu","10:08:22",81000
3100,-100,500,"sd","10:08:06",71000
3200,0,100,"bu","10:02:59",70500
3200,0,1000,"bu","10:02:45",70400
3100,-100,3000,"sd","10:00:39",69400
3100,-100,500,"sd","09:57:05",66400
3200,0,1500,"bu","09:53:52",65900
3100,-100,20000,"sd","09:52:26",64400
3100,-100,500,"sd","09:50:16",44400
3200,0,100,"bu","09:46:06",43900
3200,0,1000,"bu","09:42:02",43800
3200,0,500,"bu","09:39:49",42800
3200,0,200,"bu","09:36:34",42300
3200,0,500,"bu","09:34:44",42100
3200,0,5000,"bu","09:34:43",41600
3200,0,100,"bu","09:34:06",36600
3200,0,300,"bu","09:33:45",36500
3200,0,100,"bu","09:27:22",36200
3200,0,32400,"bu","09:25:24",36100
3200,0,100,"sd","09:21:19",3700
3200,0,1000,"sd","09:16:00",3600
3200,0,1400,"sd","09:05:39",2600
3200,0,200,"bu","09:01:38",1200
3200,0,1000,"bu","09:01:19",1000
