"price","change","match_qtty","side","time","total_vol"
85200,-1500,261100,"unknown","14:45:01",2263900
85100,-1600,100,"sd","14:29:45",2002800
85100,-1600,200,"sd","14:29:45",2002700
85100,-1600,100,"sd","14:29:45",2002500
85100,-1600,200,"sd","14:29:45",2002400
85100,-1600,100,"sd","14:29:45",2002200
85100,-1600,200,"sd","14:29:45",2002100
85100,-1600,200,"sd","14:29:45",2001900
85100,-1600,1000,"sd","14:29:45",2001700
85100,-1600,500,"sd","14:29:45",2000700
85100,-1600,1000,"sd","14:29:33",2000200
85100,-1600,500,"sd","14:29:33",1999200
85100,-1600,2000,"sd","14:29:33",1998700
85100,-1600,500,"sd","14:29:33",1996700
85100,-1600,100,"sd","14:29:33",1996200
85100,-1600,1000,"sd","14:29:33",1996100
85100,-1600,100,"sd","14:29:33",1995100
85100,-1600,1000,"sd","14:29:33",1995000
85100,-1600,300,"sd","14:29:33",1994000
85100,-1600,300,"sd","14:29:33",1993700
85100,-1600,500,"sd","14:29:33",1993400
85100,-1600,300,"sd","14:29:33",1992900
85100,-1600,100,"sd","14:29:33",1992600
85100,-1600,200,"sd","14:29:33",1992500
85100,-1600,500,"sd","14:29:33",1992300
85100,-1600,100,"sd","14:29:33",1991800
85100,-1600,100,"sd","14:29:33",1991700
85100,-1600,100,"sd","14:29:33",1991600
85100,-1600,100,"sd","14:29:33",1991500
85100,-1600,500,"sd","14:29:33",1991400
85100,-1600,100,"sd","14:29:33",1990900
85100,-1600,400,"sd","14:29:33",1990800
85100,-1600,100,"sd","14:29:33",1990400
85100,-1600,100,"sd","14:29:33",1990300
85100,-1600,100,"sd","14:29:26",1990200
85100,-1600,200,"sd","14:29:26",1990100
85100,-1600,500,"sd","14:29:26",1989900
85100,-1600,100,"sd","14:29:26",1989400
85100,-1600,100,"sd","14:29:26",1989300
85100,-1600,100,"sd","14:29:26",1989200
85100,-1600,400,"sd","14:29:26",1989100
85100,-1600,300,"sd","14:29:26",1988700
85200,-1500,1000,"sd","14:29:26",1988400
85200,-1500,200,"sd","14:29:26",1987400
85300,-1400,7500,"bu","14:29:15",1987200
85200,-1500,200,"bu","14:29:15",1979700
85200,-1500,100,"sd","14:29:14",1979500
85200,-1500,200,"sd","14:29:14",1979400
85200,-1500,300,"bu","14:29:10",1979200
85200,-1500,200,"bu","14:29:08",1978900
85200,-1500,100,"bu","14:29:05",1978700
85200,-1500,100,"bu","14:29:01",1978600
85200,-1500,200,"bu","14:29:01",1978500
85200,-1500,200,"bu","14:29:00",1978300
85200,-1500,2000,"bu","14:28:50",1978100
85200,-1500,3000,"bu","14:28:47",1976100
85200,-1500,1000,"sd","14:28:45",1973100
85200,-1500,100,"sd","14:28:45",1972100
85200,-1500,600,"sd","14:28:45",1972000
85200,-1500,300,"sd","14:28:45",1971400
85200,-1500,200,"sd","14:28:45",1971100
85200,-1500,100,"sd","14:28:45",1970900
85200,-1500,200,"sd","14:28:45",1970800
85200,-1500,100,"sd","14:28:45",1970600
85200,-1500,100,"sd","14:28:45",1970500
85200,-1500,500,"sd","14:28:45",1970400
85200,-1500,100,"sd","14:28:45",1969900
85200,-1500,100,"sd","14:28:45",1969800
85200,-1500,200,"sd","14:28:45",1969700
85200,-1500,10000,"sd","14:28:45",1969500
85200,-1500,1000,"sd","14:28:45",1959500
85200,-1500,100,"sd","14:28:43",1958500
85200,-1500,100,"sd","14:28:43",1958400
85200,-1500,100,"sd","14:28:43",1958300
85200,-1500,100,"sd","14:28:43",1958200
85200,-1500,1100,"sd","14:28:43",1958100
85200,-1500,3300,"sd","14:28:41",1957000
85200,-1500,400,"sd","14:28:37",1953700
85200,-1500,1000,"sd","14:28:37",1953300
85200,-1500,200,"sd","14:28:37",1952300
85200,-1500,500,"sd","14:28:37",1952100
85200,-1500,100,"sd","14:28:37",1951600
85200,-1500,200,"sd","14:28:37",1951500
85200,-1500,3900,"sd","14:28:37",1951300
85200,-1500,100,"sd","14:28:37",1947400
85200,-1500,5600,"sd","14:28:37",1947300
85200,-1500,100,"sd","14:28:37",1941700
85200,-1500,1000,"sd","14:28:37",1941600
85200,-1500,100,"sd","14:28:37",1940600
85200,-1500,200,"sd","14:28:37",1940500
85200,-1500,300,"sd","14:28:37",1940300
85200,-1500,1400,"sd","14:28:37",1940000
85200,-1500,200,"sd","14:28:37",1938600
85200,-1500,700,"sd","14:28:37",1938400
85200,-1500,3900,"sd","14:28:37",1937700
85200,-1500,100,"sd","14:28:37",1933800
85200,-1500,10000,"sd","14:28:37",1933700
85200,-1500,2100,"sd","14:28:30",1923700
85200,-1500,200,"sd","14:28:30",1921600
85200,-1500,100,"sd","14:28:30",1921400
85200,-1500,100,"sd","14:28:30",1921300
85200,-1500,1500,"sd","14:28:30",1921200
85300,-1400,100,"bu","14:28:25",1919700
85200,-1500,1800,"sd","14:28:24",1919600
85200,-1500,800,"sd","14:28:24",1917800
85200,-1500,1000,"sd","14:28:24",1917000
85200,-1500,1000,"sd","14:28:24",1916000
85200,-1500,100,"sd","14:28:24",1915000
85200,-1500,200,"sd","14:28:24",1914900
85200,-1500,10000,"sd","14:28:24",1914700
85200,-1500,100,"sd","14:28:24",1904700
85200,-1500,500,"sd","14:28:24",1904600
85200,-1500,300,"sd","14:28:24",1904100
85200,-1500,200,"sd","14:28:24",1903800
85200,-1500,500,"sd","14:28:24",1903600
85200,-1500,200,"sd","14:28:24",1903100
85200,-1500,600,"sd","14:28:24",1902900
85200,-1500,100,"sd","14:28:24",1902300
85200,-1500,200,"sd","14:28:24",1902200
85200,-1500,500,"sd","14:28:24",1902000
85200,-1500,300,"sd","14:28:24",1901500
85200,-1500,500,"sd","14:28:24",1901200
85200,-1500,100,"sd","14:28:24",1900700
85200,-1500,100,"sd","14:28:24",1900600
85200,-1500,500,"sd","14:28:24",1900500
85200,-1500,1000,"sd","14:28:24",1900000
85200,-1500,5000,"sd","14:28:24",1899000
85200,-1500,2600,"sd","14:28:24",1894000
85200,-1500,200,"sd","14:28:24",1891400
85200,-1500,1600,"sd","14:28:24",1891200
85300,-1400,100,"bu","14:28:22",1889600
85200,-1500,3300,"sd","14:28:19",1889500
85300,-1400,300,"sd","14:28:18",1886200
85300,-1400,100,"sd","14:28:18",1885900
85500,-1200,400,"bu","14:28:00",1885800
85400,-1300,200,"bu","14:27:59",1885400
85300,-1400,200,"bu","14:27:54",1885200
85300,-1400,800,"bu","14:27:43",1885000
85300,-1400,200,"bu","14:27:43",1884200
85200,-1500,1200,"sd","14:27:33",1884000
85200,-1500,3800,"sd","14:27:31",1882800
85200,-1500,100,"sd","14:27:27",1879000
85200,-1500,100,"sd","14:27:27",1878900
85200,-1500,1100,"sd","14:27:25",1878800
85200,-1500,100,"sd","14:27:25",1877700
85200,-1500,100,"sd","14:27:23",1877600
85200,-1500,100,"sd","14:27:23",1877500
85200,-1500,500,"sd","14:27:23",1877400
85200,-1500,400,"sd","14:27:23",1876900
85200,-1500,500,"sd","14:27:23",1876500
85200,-1500,200,"sd","14:27:23",1876000
85200,-1500,200,"sd","14:27:23",1875800
85200,-1500,100,"sd","14:27:23",1875600
85200,-1500,1500,"sd","14:27:23",1875500
85200,-1500,200,"sd","14:27:23",1874000
85200,-1500,100,"sd","14:26:49",1873800
85300,-1400,300,"sd","14:26:48",1873700
85400,-1300,800,"bu","14:26:42",1873400
85400,-1300,200,"bu","14:26:42",1872600
85200,-1500,700,"sd","14:26:30",1872400
85200,-1500,200,"sd","14:26:30",1871700
85200,-1500,100,"sd","14:26:30",1871500
85200,-1500,1100,"sd","14:26:30",1871400
85300,-1400,2000,"sd","14:26:30",1870300
85300,-1400,100,"sd","14:26:30",1868300
85300,-1400,800,"sd","14:26:30",1868200
85300,-1400,200,"sd","14:26:23",1867400
85300,-1400,300,"sd","14:26:23",1867200
85300,-1400,1600,"sd","14:26:21",1866900
85300,-1400,100,"sd","14:26:00",1865300
85500,-1200,300,"bu","14:25:53",1865200
85500,-1200,200,"bu","14:25:53",1864900
85500,-1200,100,"bu","14:25:44",1864700
85200,-1500,2800,"sd","14:25:30",1864600
85300,-1400,400,"sd","14:25:30",1861800
85300,-1400,100,"sd","14:25:30",1861400
85200,-1500,1100,"sd","14:25:15",1861300
85200,-1500,300,"sd","14:25:15",1860200
85200,-1500,800,"sd","14:25:15",1859900
85300,-1400,1000,"unknown","14:25:15",1859100
85200,-1500,1200,"sd","14:25:15",1858100
85200,-1500,500,"sd","14:25:15",1856900
85300,-1400,100,"sd","14:25:11",1856400
85300,-1400,100,"sd","14:25:03",1856300
85300,-1400,100,"sd","14:25:03",1856200
85300,-1400,100,"sd","14:25:03",1856100
85300,-1400,1800,"sd","14:25:03",1856000
85300,-1400,1200,"sd","14:25:03",1854200
85300,-1400,700,"sd","14:25:03",1853000
85400,-1300,1400,"sd","14:25:03",1852300
85500,-1200,100,"bu","14:25:01",1850900
85400,-1300,2000,"bu","14:25:00",1850800
85400,-1300,300,"bu","14:25:00",1848800
85300,-1400,500,"sd","14:24:57",1848500
85300,-1400,200,"sd","14:24:57",1848000
85300,-1400,200,"sd","14:24:57",1847800
85300,-1400,300,"sd","14:24:57",1847600
85300,-1400,700,"sd","14:24:54",1847300
85300,-1400,100,"sd","14:24:54",1846600
85300,-1400,100,"sd","14:24:54",1846500
85300,-1400,1000,"sd","14:24:54",1846400
85300,-1400,300,"sd","14:24:54",1845400
85300,-1400,200,"sd","14:24:54",1845100
85300,-1400,1000,"sd","14:24:54",1844900
85300,-1400,400,"sd","14:24:54",1843900
85300,-1400,700,"sd","14:24:48",1843500
85300,-1400,500,"sd","14:24:48",1842800
85300,-1400,1000,"sd","14:24:33",1842300
85300,-1400,2200,"sd","14:24:24",1841300
85300,-1400,2600,"sd","14:24:14",1839100
85300,-1400,2600,"sd","14:24:02",1836500
85400,-1300,200,"sd","14:24:01",1833900
85400,-1300,800,"bu","14:23:56",1833700
85400,-1300,200,"sd","14:23:55",1832900
85400,-1300,2300,"sd","14:23:54",1832700
85400,-1300,1100,"bu","14:23:54",1830400
85400,-1300,1000,"bu","14:23:48",1829300
85300,-1400,1100,"sd","14:23:42",1828300
85300,-1400,600,"sd","14:23:32",1827200
85300,-1400,100,"sd","14:23:32",1826600
85300,-1400,1000,"sd","14:23:32",1826500
85300,-1400,100,"sd","14:23:32",1825500
85300,-1400,200,"sd","14:23:32",1825400
85300,-1400,100,"sd","14:23:32",1825200
85300,-1400,100,"sd","14:23:32",1825100
85300,-1400,300,"sd","14:23:32",1825000
85400,-1300,100,"bu","14:23:30",1824700
85300,-1400,300,"sd","14:23:23",1824600
85300,-1400,300,"sd","14:23:23",1824300
85300,-1400,1700,"sd","14:23:23",1824000
85300,-1400,300,"sd","14:23:14",1822300
85300,-1400,200,"sd","14:23:14",1822000
85300,-1400,600,"sd","14:23:14",1821800
85300,-1400,400,"sd","14:23:12",1821200
85300,-1400,1300,"sd","14:23:12",1820800
85300,-1400,500,"sd","14:23:12",1819500
85400,-1300,400,"sd","14:23:12",1819000
85400,-1300,500,"sd","14:23:09",1818600
85400,-1300,100,"sd","14:23:08",1818100
85400,-1300,1500,"sd","14:23:08",1818000
85400,-1300,500,"sd","14:23:02",1816500
85400,-1300,1000,"sd","14:23:02",1816000
85400,-1300,900,"sd","14:23:02",1815000
85400,-1300,2200,"sd","14:22:59",1814100
85500,-1200,2700,"bu","14:22:48",1811900
85500,-1200,500,"bu","14:22:48",1809200
85500,-1200,300,"bu","14:22:48",1808700
85500,-1200,100,"bu","14:22:48",1808400
85400,-1300,1200,"sd","14:22:29",1808300
85400,-1300,700,"sd","14:22:27",1807100
85400,-1300,100,"sd","14:22:27",1806400
85400,-1300,100,"sd","14:22:27",1806300
85400,-1300,2800,"sd","14:22:27",1806200
85400,-1300,100,"sd","14:22:27",1803400
85500,-1200,100,"bu","14:22:24",1803300
85500,-1200,1000,"bu","14:22:11",1803200
85500,-1200,400,"bu","14:22:11",1802200
85500,-1200,3800,"bu","14:22:11",1801800
85500,-1200,300,"bu","14:22:11",1798000
85500,-1200,1100,"bu","14:22:11",1797700
85500,-1200,100,"bu","14:22:11",1796600
85500,-1200,1200,"bu","14:22:11",1796500
85500,-1200,2100,"bu","14:22:11",1795300
85500,-1200,1700,"bu","14:21:42",1793200
85500,-1200,2000,"bu","14:21:42",1791500
85400,-1300,200,"sd","14:21:33",1789500
85400,-1300,500,"sd","14:21:31",1789300
85400,-1300,300,"sd","14:21:31",1788800
85500,-1200,500,"bu","14:21:29",1788500
85500,-1200,500,"bu","14:21:17",1788000
85500,-1200,100,"bu","14:21:15",1787500
85500,-1200,200,"bu","14:20:50",1787400
85500,-1200,1200,"bu","14:20:37",1787200
85500,-1200,1200,"bu","14:20:37",1786000
85500,-1200,1300,"bu","14:20:37",1784800
85300,-1400,400,"sd","14:20:34",1783500
85500,-1200,100,"bu","14:20:29",1783100
85500,-1200,100,"bu","14:20:25",1783000
85500,-1200,500,"bu","14:20:22",1782900
85500,-1200,100,"bu","14:20:16",1782400
85500,-1200,100,"bu","14:20:12",1782300
85300,-1400,100,"sd","14:20:08",1782200
85500,-1200,1600,"bu","14:20:03",1782100
85500,-1200,800,"bu","14:20:03",1780500
85400,-1300,900,"unknown","14:20:03",1779700
85400,-1300,100,"unknown","14:20:02",1778800
85500,-1200,400,"bu","14:19:54",1778700
85500,-1200,1300,"bu","14:19:54",1778300
85400,-1300,900,"bu","14:19:54",1777000
85300,-1400,1000,"sd","14:19:52",1776100
85400,-1300,300,"bu","14:19:41",1775100
85400,-1300,2300,"bu","14:19:41",1774800
85400,-1300,100,"sd","14:19:37",1772500
85400,-1300,1400,"sd","14:19:37",1772400
85400,-1300,1200,"bu","14:19:31",1771000
85400,-1300,1100,"bu","14:19:31",1769800
85400,-1300,2400,"bu","14:19:29",1768700
85300,-1400,1000,"sd","14:19:19",1766300
85300,-1400,100,"sd","14:19:19",1765300
85300,-1400,100,"sd","14:19:19",1765200
85300,-1400,200,"sd","14:19:16",1765100
85300,-1400,3000,"sd","14:19:16",1764900
85300,-1400,300,"sd","14:19:16",1761900
85300,-1400,100,"sd","14:19:16",1761600
85300,-1400,200,"sd","14:19:16",1761500
85400,-1300,300,"bu","14:19:16",1761300
85400,-1300,100,"bu","14:19:16",1761000
85400,-1300,200,"bu","14:19:01",1760900
85400,-1300,100,"bu","14:18:58",1760700
85400,-1300,200,"bu","14:18:41",1760600
85400,-1300,500,"bu","14:18:40",1760400
85400,-1300,100,"bu","14:18:40",1759900
85400,-1300,1200,"bu","14:18:40",1759800
85400,-1300,200,"bu","14:18:40",1758600
85400,-1300,200,"bu","14:18:37",1758400
85400,-1300,1000,"bu","14:18:31",1758200
85300,-1400,100,"sd","14:18:31",1757200
85400,-1300,100,"bu","14:18:30",1757100
85400,-1300,1000,"bu","14:18:27",1757000
85400,-1300,1300,"bu","14:18:25",1756000
85400,-1300,100,"bu","14:18:25",1754700
85300,-1400,100,"sd","14:18:04",1754600
85300,-1400,300,"sd","14:18:04",1754500
85300,-1400,2500,"sd","14:18:04",1754200
85300,-1400,100,"sd","14:18:04",1751700
85300,-1400,1500,"sd","14:18:04",1751600
85300,-1400,100,"sd","14:18:04",1750100
85400,-1300,400,"sd","14:18:04",1750000
85400,-1300,500,"sd","14:17:44",1749600
85400,-1300,1600,"sd","14:17:42",1749100
85400,-1300,100,"bu","14:17:38",1747500
85400,-1300,2400,"bu","14:17:38",1747400
85300,-1400,1300,"sd","14:17:32",1745000
85300,-1400,200,"sd","14:17:32",1743700
85400,-1300,100,"unknown","14:17:30",1743500
85500,-1200,1500,"bu","14:17:19",1743400
85300,-1400,100,"sd","14:17:11",1741900
85500,-1200,800,"bu","14:17:04",1741800
85400,-1300,200,"bu","14:17:04",1741000
85400,-1300,100,"bu","14:17:03",1740800
85400,-1300,100,"sd","14:17:02",1740700
85400,-1300,400,"sd","14:17:02",1740600
85500,-1200,100,"bu","14:16:46",1740200
85400,-1300,100,"sd","14:16:46",1740100
85500,-1200,100,"bu","14:16:41",1740000
85500,-1200,900,"bu","14:16:41",1739900
85400,-1300,500,"sd","14:16:41",1739000
85400,-1300,500,"sd","14:16:41",1738500
85400,-1300,300,"sd","14:16:41",1738000
85400,-1300,700,"sd","14:16:41",1737700
85500,-1200,300,"bu","14:16:35",1737000
85500,-1200,100,"bu","14:16:35",1736700
85500,-1200,1000,"bu","14:16:30",1736600
85400,-1300,100,"sd","14:16:20",1735600
85500,-1200,500,"bu","14:16:17",1735500
85400,-1300,200,"sd","14:16:15",1735000
85400,-1300,100,"sd","14:16:13",1734800
85400,-1300,200,"sd","14:16:13",1734700
85400,-1300,500,"sd","14:16:13",1734500
85500,-1200,500,"bu","14:16:00",1734000
85400,-1300,100,"sd","14:15:54",1733500
85500,-1200,1400,"sd","14:15:41",1733400
85500,-1200,300,"sd","14:15:41",1732000
85500,-1200,800,"bu","14:15:34",1731700
85400,-1300,100,"sd","14:15:28",1730900
85500,-1200,200,"bu","14:15:25",1730800
85500,-1200,1200,"bu","14:15:25",1730600
85500,-1200,900,"bu","14:15:25",1729400
85500,-1200,100,"bu","14:15:23",1728500
85400,-1300,500,"sd","14:15:16",1728400
85500,-1200,100,"bu","14:15:14",1727900
85500,-1200,1200,"bu","14:15:14",1727800
85500,-1200,800,"bu","14:15:14",1726600
85400,-1300,1600,"sd","14:15:14",1725800
85400,-1300,500,"sd","14:15:14",1724200
85400,-1300,100,"sd","14:15:03",1723700
85400,-1300,100,"sd","14:14:37",1723600
85500,-1200,1400,"bu","14:14:37",1723500
85500,-1200,500,"bu","14:14:35",1722100
85500,-1200,100,"bu","14:14:31",1721600
85400,-1300,100,"sd","14:14:27",1721500
85400,-1300,100,"sd","14:14:27",1721400
85400,-1300,800,"sd","14:14:24",1721300
85400,-1300,200,"sd","14:14:20",1720500
85400,-1300,800,"sd","14:14:18",1720300
85400,-1300,1500,"sd","14:14:14",1719500
85400,-1300,100,"sd","14:14:14",1718000
85400,-1300,400,"sd","14:14:14",1717900
85400,-1300,100,"sd","14:14:11",1717500
85400,-1300,100,"sd","14:14:03",1717400
85400,-1300,300,"sd","14:13:50",1717300
85400,-1300,100,"sd","14:13:46",1717000
85400,-1300,400,"sd","14:13:39",1716900
85400,-1300,100,"sd","14:13:39",1716500
85400,-1300,1600,"sd","14:13:37",1716400
85400,-1300,500,"sd","14:13:31",1714800
85400,-1300,100,"sd","14:13:31",1714300
85400,-1300,400,"sd","14:13:31",1714200
85400,-1300,100,"sd","14:13:21",1713800
85400,-1300,200,"sd","14:13:12",1713700
85400,-1300,200,"sd","14:13:02",1713500
85400,-1300,100,"sd","14:13:00",1713300
85400,-1300,500,"sd","14:13:00",1713200
85400,-1300,200,"sd","14:13:00",1712700
85400,-1300,100,"sd","14:12:56",1712500
85400,-1300,200,"sd","14:12:49",1712400
85400,-1300,800,"sd","14:12:49",1712200
85500,-1200,200,"bu","14:12:46",1711400
85500,-1200,800,"bu","14:12:34",1711200
85500,-1200,200,"bu","14:12:34",1710400
85400,-1300,700,"bu","14:12:31",1710200
85300,-1400,100,"sd","14:12:31",1709500
85400,-1300,300,"bu","14:12:29",1709400
85500,-1200,100,"bu","14:12:17",1709100
85400,-1300,500,"sd","14:12:10",1709000
85400,-1300,1500,"sd","14:12:08",1708500
85400,-1300,100,"sd","14:12:08",1707000
85400,-1300,100,"sd","14:12:06",1706900
85400,-1300,300,"bu","14:12:00",1706800
85400,-1300,200,"bu","14:11:53",1706500
85400,-1300,900,"sd","14:11:53",1706300
85400,-1300,100,"sd","14:11:41",1705400
85400,-1300,200,"sd","14:11:36",1705300
85400,-1300,200,"sd","14:11:34",1705100
85400,-1300,100,"sd","14:11:34",1704900
85400,-1300,300,"sd","14:11:34",1704800
85400,-1300,100,"sd","14:11:34",1704500
85400,-1300,100,"sd","14:11:34",1704400
85400,-1300,400,"sd","14:11:24",1704300
85400,-1300,100,"sd","14:11:24",1703900
85400,-1300,700,"sd","14:11:22",1703800
85400,-1300,900,"sd","14:11:22",1703100
85500,-1200,300,"sd","14:11:18",1702200
85500,-1200,400,"sd","14:11:18",1701900
85500,-1200,100,"sd","14:11:16",1701500
85500,-1200,500,"sd","14:11:08",1701400
85500,-1200,200,"sd","14:11:06",1700900
85500,-1200,1400,"sd","14:11:06",1700700
85500,-1200,100,"sd","14:10:51",1699300
85500,-1200,100,"sd","14:10:44",1699200
85500,-1200,100,"sd","14:10:26",1699100
85500,-1200,300,"sd","14:10:25",1699000
85500,-1200,100,"sd","14:10:19",1698700
85500,-1200,100,"sd","14:10:19",1698600
85500,-1200,200,"sd","14:10:19",1698500
85500,-1200,100,"sd","14:10:19",1698300
85500,-1200,900,"sd","14:10:16",1698200
85500,-1200,700,"sd","14:10:16",1697300
85700,-1000,500,"bu","14:10:06",1696600
85700,-1000,200,"bu","14:10:06",1696100
85700,-1000,300,"bu","14:10:06",1695900
85500,-1200,300,"sd","14:10:06",1695600
85500,-1200,300,"sd","14:10:06",1695300
85500,-1200,3300,"sd","14:10:06",1695000
85600,-1100,1500,"sd","14:10:06",1691700
85600,-1100,2800,"sd","14:10:06",1690200
85700,-1000,200,"bu","14:10:02",1687400
85600,-1100,100,"sd","14:10:02",1687200
85600,-1100,100,"sd","14:10:00",1687100
85600,-1100,500,"sd","14:10:00",1687000
85700,-1000,1200,"bu","14:10:00",1686500
85700,-1000,1300,"bu","14:10:00",1685300
85700,-1000,2500,"bu","14:10:00",1684000
85700,-1000,500,"bu","14:09:44",1681500
85600,-1100,100,"sd","14:09:37",1681000
85600,-1100,100,"sd","14:09:29",1680900
85600,-1100,200,"sd","14:09:25",1680800
85600,-1100,100,"sd","14:09:13",1680600
85700,-1000,100,"bu","14:09:11",1680500
85600,-1100,100,"sd","14:09:09",1680400
85600,-1100,300,"sd","14:08:55",1680300
85600,-1100,100,"sd","14:08:48",1680000
85700,-1000,100,"bu","14:08:33",1679900
85600,-1100,300,"sd","14:08:30",1679800
85700,-1000,100,"bu","14:08:29",1679500
85600,-1100,300,"bu","14:08:26",1679400
85600,-1100,200,"bu","14:08:26",1679100
85600,-1100,200,"bu","14:08:26",1678900
85600,-1100,400,"bu","14:08:26",1678700
85600,-1100,1200,"bu","14:08:26",1678300
85600,-1100,100,"bu","14:08:26",1677100
85500,-1200,100,"sd","14:08:24",1677000
85600,-1100,1400,"bu","14:08:21",1676900
85600,-1100,1100,"bu","14:08:19",1675500
85600,-1100,100,"bu","14:08:14",1674400
85600,-1100,1100,"bu","14:08:14",1674300
85600,-1100,500,"bu","14:08:14",1673200
85600,-1100,700,"bu","14:08:08",1672700
85600,-1100,300,"bu","14:08:08",1672000
85600,-1100,100,"bu","14:08:06",1671700
85600,-1100,100,"bu","14:08:02",1671600
85500,-1200,100,"sd","14:08:00",1671500
85600,-1100,100,"bu","14:07:56",1671400
85600,-1100,100,"bu","14:07:52",1671300
85600,-1100,100,"bu","14:07:47",1671200
85600,-1100,500,"bu","14:07:46",1671100
85600,-1100,800,"bu","14:07:38",1670600
85600,-1100,100,"bu","14:07:37",1669800
85500,-1200,100,"sd","14:07:35",1669700
85600,-1100,100,"bu","14:07:29",1669600
85600,-1100,1400,"bu","14:07:19",1669500
85600,-1100,100,"bu","14:07:13",1668100
85500,-1200,100,"sd","14:07:11",1668000
85600,-1100,100,"bu","14:07:07",1667900
85600,-1100,100,"bu","14:07:07",1667800
85600,-1100,100,"bu","14:06:50",1667700
85500,-1200,100,"sd","14:06:47",1667600
85600,-1100,600,"bu","14:06:45",1667500
85600,-1100,100,"bu","14:06:44",1666900
85600,-1100,500,"bu","14:06:35",1666800
85600,-1100,500,"bu","14:06:31",1666300
85600,-1100,100,"bu","14:06:27",1665800
85500,-1200,100,"sd","14:06:23",1665700
85500,-1200,300,"bu","14:06:20",1665600
85500,-1200,800,"bu","14:06:20",1665300
85500,-1200,200,"bu","14:06:20",1664500
85500,-1200,2200,"bu","14:06:20",1664300
85500,-1200,1000,"bu","14:06:20",1662100
85500,-1200,500,"bu","14:06:17",1661100
85500,-1200,1500,"bu","14:06:16",1660600
85500,-1200,700,"bu","14:06:14",1659100
85500,-1200,1100,"bu","14:06:14",1658400
85500,-1200,100,"bu","14:06:12",1657300
85500,-1200,900,"bu","14:06:12",1657200
85500,-1200,2500,"bu","14:06:11",1656300
85500,-1200,400,"bu","14:06:04",1653800
85500,-1200,1200,"bu","14:06:04",1653400
85500,-1200,700,"bu","14:06:04",1652200
85400,-1300,800,"sd","14:06:01",1651500
85400,-1300,100,"sd","14:05:59",1650700
85500,-1200,100,"bu","14:05:37",1650600
85500,-1200,500,"bu","14:05:36",1650500
85400,-1300,100,"sd","14:05:35",1650000
85500,-1200,100,"bu","14:05:33",1649900
85500,-1200,300,"bu","14:05:24",1649800
85500,-1200,1400,"bu","14:05:14",1649500
85500,-1200,100,"bu","14:05:13",1648100
85400,-1300,100,"sd","14:05:11",1648000
85500,-1200,200,"bu","14:05:00",1647900
85500,-1200,100,"bu","14:04:48",1647700
85400,-1300,100,"sd","14:04:47",1647600
85400,-1300,1300,"sd","14:04:44",1647500
85500,-1200,300,"bu","14:04:42",1646200
85500,-1200,100,"bu","14:04:42",1645900
85500,-1200,100,"bu","14:04:27",1645800
85400,-1300,100,"sd","14:04:23",1645700
85300,-1400,200,"sd","14:04:19",1645600
85500,-1200,300,"bu","14:04:12",1645400
85500,-1200,1100,"bu","14:04:12",1645100
85500,-1200,100,"bu","14:04:11",1644000
85300,-1400,100,"sd","14:04:00",1643900
85300,-1400,100,"sd","14:03:53",1643800
85500,-1200,300,"bu","14:03:52",1643700
85500,-1200,200,"bu","14:03:52",1643400
85500,-1200,100,"bu","14:03:52",1643200
85300,-1400,100,"sd","14:03:46",1643100
85400,-1300,900,"sd","14:03:46",1643000
85400,-1300,500,"bu","14:03:44",1642100
85400,-1300,800,"bu","14:03:44",1641600
85400,-1300,300,"bu","14:03:42",1640800
85400,-1300,500,"bu","14:03:42",1640500
85400,-1300,1200,"bu","14:03:42",1640000
85400,-1300,3800,"bu","14:03:42",1638800
85400,-1300,800,"bu","14:03:42",1635000
85400,-1300,500,"bu","14:03:42",1634200
85300,-1400,100,"sd","14:03:35",1633700
85400,-1300,200,"bu","14:03:18",1633600
85300,-1400,100,"sd","14:03:12",1633400
85400,-1300,100,"bu","14:03:11",1633300
85300,-1400,100,"sd","14:02:48",1633200
85400,-1300,400,"bu","14:02:46",1633100
85400,-1300,3600,"bu","14:02:46",1632700
85400,-1300,100,"bu","14:02:29",1629100
85300,-1400,100,"sd","14:02:25",1629000
85400,-1300,100,"bu","14:02:08",1628900
85400,-1300,100,"bu","14:02:08",1628800
85300,-1400,400,"sd","14:02:05",1628700
85400,-1300,100,"bu","14:02:03",1628300
85400,-1300,1000,"bu","14:02:03",1628200
85400,-1300,400,"bu","14:02:03",1627200
85300,-1400,100,"sd","14:02:01",1626800
85400,-1300,200,"bu","14:01:40",1626700
85300,-1400,100,"sd","14:01:37",1626500
85400,-1300,200,"bu","14:01:18",1626400
85300,-1400,100,"sd","14:01:14",1626200
85400,-1300,2000,"bu","14:01:14",1626100
85400,-1300,200,"bu","14:01:12",1624100
85400,-1300,500,"bu","14:01:10",1623900
85300,-1400,800,"sd","14:01:05",1623400
85400,-1300,100,"bu","14:01:04",1622600
85400,-1300,200,"bu","14:01:04",1622500
85300,-1400,600,"bu","14:01:04",1622300
85300,-1400,1200,"bu","14:01:04",1621700
85300,-1400,400,"bu","14:01:04",1620500
85300,-1400,1400,"bu","14:01:04",1620100
85300,-1400,500,"bu","14:01:02",1618700
85300,-1400,100,"bu","14:01:01",1618200
85300,-1400,200,"bu","14:01:01",1618100
85300,-1400,1200,"bu","14:00:59",1617900
85300,-1400,200,"bu","14:00:59",1616700
85300,-1400,800,"bu","14:00:59",1616500
85300,-1400,400,"bu","14:00:59",1615700
85300,-1400,1800,"bu","14:00:59",1615300
85300,-1400,2200,"bu","14:00:58",1613500
85300,-1400,1000,"bu","14:00:57",1611300
85300,-1400,1200,"bu","14:00:57",1610300
85300,-1400,500,"bu","14:00:57",1609100
85200,-1500,100,"sd","14:00:51",1608600
85300,-1400,2100,"bu","14:00:48",1608500
85300,-1400,300,"bu","14:00:48",1606400
85300,-1400,200,"bu","14:00:48",1606100
85300,-1400,1000,"bu","14:00:35",1605900
85300,-1400,1500,"bu","14:00:34",1604900
85200,-1500,1000,"sd","14:00:32",1603400
85200,-1500,100,"sd","14:00:27",1602400
85300,-1400,2300,"bu","14:00:22",1602300
85200,-1500,100,"sd","14:00:17",1600000
85200,-1500,100,"sd","14:00:04",1599900
85200,-1500,100,"sd","13:59:41",1599800
85200,-1500,100,"sd","13:59:35",1599700
85200,-1500,100,"sd","13:59:17",1599600
85300,-1400,500,"bu","13:59:04",1599500
85200,-1500,100,"sd","13:58:54",1599000
85300,-1400,100,"bu","13:58:50",1598900
85300,-1400,100,"bu","13:58:49",1598800
85300,-1400,1000,"bu","13:58:43",1598700
85200,-1500,100,"sd","13:58:31",1597700
85200,-1500,500,"sd","13:58:13",1597600
85200,-1500,100,"sd","13:58:07",1597100
85300,-1400,200,"bu","13:58:02",1597000
85200,-1500,100,"sd","13:57:44",1596800
85300,-1400,100,"bu","13:57:37",1596700
85300,-1400,400,"bu","13:57:37",1596600
85200,-1500,100,"sd","13:57:21",1596200
85200,-1500,100,"sd","13:56:58",1596100
85300,-1400,800,"bu","13:56:56",1596000
85300,-1400,2200,"bu","13:56:56",1595200
85300,-1400,1500,"bu","13:56:55",1593000
85200,-1500,100,"sd","13:56:55",1591500
85300,-1400,900,"bu","13:56:51",1591400
85300,-1400,100,"bu","13:56:51",1590500
85300,-1400,300,"bu","13:56:49",1590400
85300,-1400,3800,"bu","13:56:49",1590100
85300,-1400,5000,"bu","13:56:49",1586300
85300,-1400,900,"bu","13:56:49",1581300
85200,-1500,100,"sd","13:56:35",1580400
85300,-1400,100,"bu","13:56:34",1580300
85200,-1500,1100,"sd","13:56:15",1580200
85200,-1500,100,"sd","13:56:12",1579100
85200,-1500,3300,"sd","13:56:08",1579000
85200,-1500,500,"sd","13:56:08",1575700
85200,-1500,100,"sd","13:56:08",1575200
85200,-1500,5000,"sd","13:56:08",1575100
85200,-1500,600,"sd","13:56:08",1570100
85300,-1400,100,"sd","13:56:08",1569500
85300,-1400,400,"sd","13:56:08",1569400
85300,-1400,1000,"sd","13:56:08",1569000
85300,-1400,200,"sd","13:56:08",1568000
85300,-1400,800,"sd","13:56:06",1567800
85300,-1400,500,"sd","13:56:06",1567000
85300,-1400,100,"sd","13:56:06",1566500
85300,-1400,1200,"sd","13:56:06",1566400
85300,-1400,100,"sd","13:56:06",1565200
85300,-1400,1100,"sd","13:56:06",1565100
85300,-1400,500,"sd","13:55:59",1564000
85300,-1400,300,"sd","13:55:59",1563500
85300,-1400,300,"sd","13:55:59",1563200
85300,-1400,100,"sd","13:55:59",1562900
85300,-1400,2000,"sd","13:55:57",1562800
85300,-1400,900,"sd","13:55:57",1560800
85300,-1400,900,"sd","13:55:57",1559900
85300,-1400,100,"sd","13:55:54",1559000
85300,-1400,1000,"sd","13:55:54",1558900
85300,-1400,100,"sd","13:55:54",1557900
85300,-1400,1400,"sd","13:55:51",1557800
85300,-1400,1000,"sd","13:55:51",1556400
85300,-1400,1400,"sd","13:55:51",1555400
85300,-1400,100,"sd","13:55:49",1554000
85300,-1400,100,"sd","13:55:37",1553900
85300,-1400,100,"sd","13:55:37",1553800
85300,-1400,100,"sd","13:55:26",1553700
85300,-1400,100,"sd","13:55:15",1553600
85300,-1400,1100,"sd","13:55:15",1553500
85300,-1400,3800,"sd","13:55:13",1552400
85300,-1400,100,"sd","13:55:03",1548600
85300,-1400,900,"sd","13:54:46",1548500
85300,-1400,300,"sd","13:54:46",1547600
85300,-1400,3800,"sd","13:54:43",1547300
85300,-1400,100,"sd","13:54:40",1543500
85300,-1400,1200,"sd","13:54:35",1543400
85400,-1300,300,"bu","13:54:33",1542200
85300,-1400,3800,"sd","13:54:33",1541900
85300,-1400,800,"sd","13:54:30",1538100
85300,-1400,200,"sd","13:54:30",1537300
85400,-1300,200,"bu","13:54:20",1537100
85300,-1400,100,"sd","13:54:17",1536900
85300,-1400,600,"sd","13:54:01",1536800
85300,-1400,100,"sd","13:53:59",1536200
85300,-1400,100,"sd","13:53:54",1536100
85300,-1400,100,"sd","13:53:42",1536000
85400,-1300,500,"bu","13:53:36",1535900
85300,-1400,100,"sd","13:53:31",1535400
85300,-1400,100,"sd","13:53:20",1535300
85300,-1400,100,"sd","13:53:20",1535200
85300,-1400,100,"sd","13:53:20",1535100
85300,-1400,200,"sd","13:53:20",1535000
85400,-1300,1000,"bu","13:53:12",1534800
85300,-1400,100,"sd","13:53:09",1533800
85300,-1400,100,"sd","13:52:46",1533700
85300,-1400,100,"sd","13:52:23",1533600
85400,-1300,100,"bu","13:52:05",1533500
85300,-1400,100,"sd","13:52:04",1533400
85300,-1400,100,"sd","13:52:01",1533300
85300,-1400,200,"sd","13:51:52",1533200
85300,-1400,400,"sd","13:51:52",1533000
85300,-1400,1400,"sd","13:51:52",1532600
85300,-1400,500,"sd","13:51:39",1531200
85300,-1400,100,"sd","13:51:38",1530700
85300,-1400,200,"sd","13:51:33",1530600
85300,-1400,400,"sd","13:51:33",1530400
85300,-1400,100,"sd","13:51:33",1530000
85300,-1400,100,"sd","13:51:33",1529900
85300,-1400,200,"sd","13:51:33",1529800
85300,-1400,200,"sd","13:51:33",1529600
85300,-1400,200,"sd","13:51:30",1529400
85300,-1400,1400,"sd","13:51:30",1529200
85300,-1400,200,"sd","13:51:30",1527800
85300,-1400,300,"sd","13:51:30",1527600
85300,-1400,200,"sd","13:51:30",1527300
85300,-1400,100,"sd","13:51:30",1527100
85300,-1400,500,"sd","13:51:30",1527000
85300,-1400,900,"sd","13:51:30",1526500
85300,-1400,100,"sd","13:51:15",1525600
85300,-1400,1100,"sd","13:50:54",1525500
85300,-1400,1200,"sd","13:50:54",1524400
85300,-1400,100,"sd","13:50:53",1523200
85300,-1400,2600,"sd","13:50:52",1523100
85300,-1400,1200,"sd","13:50:52",1520500
85300,-1400,800,"sd","13:50:47",1519300
85300,-1400,100,"sd","13:50:47",1518500
85300,-1400,200,"sd","13:50:47",1518400
85300,-1400,100,"sd","13:50:47",1518200
85300,-1400,3800,"sd","13:50:45",1518100
85300,-1400,800,"sd","13:50:42",1514300
85300,-1400,100,"sd","13:50:42",1513500
85300,-1400,200,"sd","13:50:42",1513400
85300,-1400,100,"sd","13:50:42",1513200
85300,-1400,1900,"sd","13:50:40",1513100
85300,-1400,1900,"sd","13:50:40",1511200
85300,-1400,200,"sd","13:50:34",1509300
85300,-1400,1100,"sd","13:50:33",1509100
85300,-1400,100,"sd","13:50:30",1508000
85300,-1400,1200,"sd","13:50:27",1507900
85300,-1400,500,"sd","13:50:25",1506700
85300,-1400,3300,"sd","13:50:25",1506200
85300,-1400,1100,"sd","13:50:20",1502900
85300,-1400,600,"sd","13:50:16",1501800
85300,-1400,1000,"sd","13:50:16",1501200
85300,-1400,1700,"sd","13:50:16",1500200
85300,-1400,1200,"sd","13:50:13",1498500
85300,-1400,100,"sd","13:50:07",1497300
85300,-1400,1200,"sd","13:50:03",1497200
85300,-1400,1800,"sd","13:50:01",1496000
85300,-1400,100,"sd","13:50:01",1494200
85300,-1400,1000,"sd","13:50:01",1494100
85300,-1400,100,"sd","13:50:01",1493100
85300,-1400,300,"sd","13:50:00",1493000
85300,-1400,300,"sd","13:50:00",1492700
85300,-1400,200,"sd","13:50:00",1492400
85300,-1400,1000,"sd","13:49:52",1492200
85300,-1400,200,"sd","13:49:52",1491200
85400,-1300,100,"bu","13:49:51",1491000
85300,-1400,300,"sd","13:49:50",1490900
85300,-1400,1000,"sd","13:49:50",1490600
85300,-1400,2500,"sd","13:49:50",1489600
85400,-1300,100,"bu","13:49:47",1487100
85300,-1400,3300,"sd","13:49:46",1487000
85300,-1400,100,"sd","13:49:45",1483700
85400,-1300,300,"bu","13:49:39",1483600
85400,-1300,1500,"bu","13:49:38",1483300
85400,-1300,100,"sd","13:49:37",1481800
85400,-1300,300,"sd","13:49:37",1481700
85400,-1300,100,"sd","13:49:37",1481400
85400,-1300,200,"sd","13:49:37",1481300
85400,-1300,200,"sd","13:49:37",1481100
85400,-1300,500,"sd","13:49:33",1480900
85400,-1300,500,"sd","13:49:30",1480400
85400,-1300,1000,"sd","13:49:30",1479900
85400,-1300,100,"sd","13:49:30",1478900
85400,-1300,100,"sd","13:49:23",1478800
85400,-1300,100,"sd","13:49:07",1478700
85400,-1300,100,"sd","13:49:07",1478600
85400,-1300,100,"sd","13:49:07",1478500
85400,-1300,400,"sd","13:49:07",1478400
85400,-1300,500,"sd","13:49:06",1478000
85500,-1200,200,"bu","13:49:05",1477500
85500,-1200,500,"bu","13:49:05",1477300
85400,-1300,100,"sd","13:49:04",1476800
85400,-1300,1400,"sd","13:49:04",1476700
85400,-1300,100,"sd","13:49:04",1475300
85400,-1300,100,"sd","13:49:00",1475200
85500,-1200,100,"bu","13:48:55",1475100
85400,-1300,200,"sd","13:48:51",1475000
85400,-1300,100,"sd","13:48:51",1474800
85400,-1300,100,"sd","13:48:51",1474700
85400,-1300,100,"sd","13:48:51",1474600
85400,-1300,1600,"sd","13:48:49",1474500
85400,-1300,100,"sd","13:48:37",1472900
85500,-1200,600,"bu","13:48:35",1472800
85500,-1200,800,"bu","13:48:35",1472200
85500,-1200,100,"bu","13:48:34",1471400
85500,-1200,100,"bu","13:48:17",1471300
85400,-1300,100,"sd","13:48:15",1471200
85500,-1200,600,"bu","13:48:14",1471100
85500,-1200,1000,"bu","13:48:02",1470500
85400,-1300,100,"sd","13:47:52",1469500
85500,-1200,1000,"bu","13:47:52",1469400
85400,-1300,100,"sd","13:47:51",1468400
85500,-1200,200,"bu","13:47:36",1468300
85400,-1300,100,"sd","13:47:30",1468100
85500,-1200,100,"bu","13:47:22",1468000
85400,-1300,100,"sd","13:47:08",1467900
85400,-1300,1000,"sd","13:47:05",1467800
85500,-1200,100,"bu","13:46:53",1466800
85500,-1200,1100,"bu","13:46:53",1466700
85500,-1200,3800,"bu","13:46:53",1465600
85400,-1300,100,"sd","13:46:45",1461800
85500,-1200,100,"bu","13:46:38",1461700
85500,-1200,200,"bu","13:46:37",1461600
85500,-1200,800,"bu","13:46:37",1461400
85400,-1300,1200,"bu","13:46:35",1460600
85400,-1300,2400,"bu","13:46:35",1459400
85400,-1300,100,"bu","13:46:32",1457000
85400,-1300,1300,"bu","13:46:30",1456900
85400,-1300,200,"bu","13:46:30",1455600
85400,-1300,100,"bu","13:46:30",1455400
85400,-1300,200,"bu","13:46:29",1455300
85400,-1300,100,"bu","13:46:29",1455100
85300,-1400,300,"sd","13:46:26",1455000
85300,-1400,100,"sd","13:46:23",1454700
85400,-1300,1100,"bu","13:46:23",1454600
85400,-1300,3800,"bu","13:46:23",1453500
85400,-1300,5000,"bu","13:46:23",1449700
85400,-1300,100,"bu","13:46:23",1444700
85300,-1400,100,"sd","13:46:18",1444600
85300,-1400,400,"sd","13:46:18",1444500
85300,-1400,500,"sd","13:46:18",1444100
85400,-1300,1100,"bu","13:46:17",1443600
85400,-1300,3800,"bu","13:46:17",1442500
85400,-1300,100,"bu","13:46:17",1438700
85300,-1400,100,"sd","13:46:01",1438600
85300,-1400,100,"sd","13:45:39",1438500
85300,-1400,3300,"bu","13:45:37",1438400
85300,-1400,1000,"bu","13:45:37",1435100
85300,-1400,1200,"bu","13:45:37",1434100
85300,-1400,2900,"bu","13:45:37",1432900
85300,-1400,900,"bu","13:45:34",1430000
85300,-1400,200,"bu","13:45:34",1429100
85300,-1400,1000,"bu","13:45:34",1428900
85300,-1400,2000,"bu","13:45:34",1427900
85300,-1400,1400,"bu","13:45:33",1425900
85300,-1400,400,"bu","13:45:28",1424500
85300,-1400,1000,"bu","13:45:28",1424100
85300,-1400,200,"bu","13:45:26",1423100
85300,-1400,100,"bu","13:45:26",1422900
85300,-1400,100,"bu","13:45:21",1422800
85200,-1500,100,"sd","13:45:16",1422700
85300,-1400,2400,"bu","13:45:15",1422600
85300,-1400,1200,"bu","13:44:59",1420200
85300,-1400,1200,"bu","13:44:59",1419000
85300,-1400,100,"bu","13:44:59",1417800
85200,-1500,100,"sd","13:44:54",1417700
85200,-1500,100,"sd","13:44:52",1417600
85300,-1400,2500,"bu","13:44:45",1417500
85300,-1400,200,"bu","13:44:39",1415000
85300,-1400,1000,"bu","13:44:37",1414800
85300,-1400,1200,"bu","13:44:35",1413800
85300,-1400,1000,"bu","13:44:35",1412600
85200,-1500,100,"sd","13:44:32",1411600
85300,-1400,1400,"bu","13:44:25",1411500
85300,-1400,100,"bu","13:44:20",1410100
85200,-1500,100,"sd","13:44:09",1410000
85300,-1400,100,"bu","13:43:49",1409900
85200,-1500,100,"sd","13:43:47",1409800
85300,-1400,1200,"bu","13:43:47",1409700
85300,-1400,800,"bu","13:43:47",1408500
85200,-1500,1100,"sd","13:43:44",1407700
85300,-1400,500,"bu","13:43:36",1406600
85300,-1400,200,"bu","13:43:34",1406100
85300,-1400,200,"bu","13:43:33",1405900
85300,-1400,100,"bu","13:43:30",1405700
85200,-1500,100,"sd","13:43:25",1405600
85300,-1400,1500,"bu","13:43:23",1405500
85300,-1400,300,"bu","13:43:20",1404000
85300,-1400,100,"bu","13:43:19",1403700
85300,-1400,300,"bu","13:43:16",1403600
85300,-1400,100,"bu","13:43:07",1403300
85200,-1500,100,"sd","13:43:03",1403200
85300,-1400,500,"bu","13:42:54",1403100
85300,-1400,400,"bu","13:42:41",1402600
85300,-1400,100,"bu","13:42:41",1402200
85200,-1500,100,"sd","13:42:41",1402100
85300,-1400,300,"bu","13:42:23",1402000
85300,-1400,1400,"bu","13:42:21",1401700
85300,-1400,200,"bu","13:42:20",1400300
85200,-1500,2400,"sd","13:42:19",1400100
85200,-1500,100,"sd","13:42:19",1397700
85200,-1500,500,"sd","13:42:19",1397600
85200,-1500,200,"sd","13:42:19",1397100
85200,-1500,100,"sd","13:42:19",1396900
85200,-1500,100,"sd","13:41:57",1396800
85200,-1500,100,"sd","13:41:47",1396700
85300,-1400,1000,"bu","13:41:36",1396600
85200,-1500,100,"sd","13:41:35",1395600
85200,-1500,100,"sd","13:41:30",1395500
85200,-1500,1100,"sd","13:41:30",1395400
85200,-1500,2400,"sd","13:41:27",1394300
85200,-1500,1400,"sd","13:41:27",1391900
85300,-1400,700,"bu","13:41:22",1390500
85200,-1500,100,"sd","13:41:20",1389800
85200,-1500,1100,"sd","13:41:20",1389700
85200,-1500,3800,"sd","13:41:18",1388600
85200,-1500,100,"sd","13:41:13",1384800
85200,-1500,2200,"sd","13:40:54",1384700
85300,-1400,100,"bu","13:40:52",1382500
85200,-1500,100,"sd","13:40:51",1382400
85300,-1400,1000,"bu","13:40:46",1382300
85200,-1500,100,"sd","13:40:29",1381300
85200,-1500,100,"sd","13:40:12",1381200
85200,-1500,100,"sd","13:40:07",1381100
85200,-1500,1000,"sd","13:40:06",1381000
85200,-1500,1400,"sd","13:40:03",1380000
85200,-1500,800,"sd","13:40:03",1378600
85300,-1400,1000,"bu","13:39:52",1377800
85300,-1400,100,"bu","13:39:51",1376800
85300,-1400,3800,"bu","13:39:50",1376700
85300,-1400,500,"bu","13:39:50",1372900
85300,-1400,400,"bu","13:39:50",1372400
85300,-1400,100,"bu","13:39:50",1372000
85300,-1400,1200,"bu","13:39:50",1371900
85300,-1400,800,"bu","13:39:49",1370700
85300,-1400,200,"bu","13:39:49",1369900
85200,-1500,100,"sd","13:39:45",1369700
85300,-1400,1000,"bu","13:39:41",1369600
85300,-1400,200,"bu","13:39:25",1368600
85300,-1400,1000,"bu","13:39:24",1368400
85200,-1500,100,"sd","13:39:23",1367400
85300,-1400,1000,"bu","13:39:15",1367300
85200,-1500,200,"sd","13:39:10",1366300
85200,-1500,300,"sd","13:39:10",1366100
85200,-1500,100,"sd","13:39:01",1365800
85200,-1500,100,"sd","13:38:39",1365700
85300,-1400,200,"bu","13:38:37",1365600
85200,-1500,100,"sd","13:38:17",1365400
85300,-1400,400,"bu","13:38:11",1365300
85300,-1400,1000,"bu","13:38:11",1364900
85300,-1400,200,"bu","13:38:07",1363900
85300,-1400,100,"bu","13:38:03",1363700
85200,-1500,300,"sd","13:38:03",1363600
85200,-1500,1000,"sd","13:37:57",1363300
85200,-1500,100,"sd","13:37:56",1362300
85300,-1400,200,"bu","13:37:53",1362200
85300,-1400,100,"bu","13:37:52",1362000
85300,-1400,3000,"bu","13:37:44",1361900
85300,-1400,100,"bu","13:37:38",1358900
85200,-1500,100,"sd","13:37:33",1358800
85300,-1400,300,"bu","13:37:29",1358700
85300,-1400,1200,"bu","13:37:29",1358400
85300,-1400,3500,"bu","13:37:29",1357200
85300,-1400,300,"bu","13:37:20",1353700
85300,-1400,4700,"bu","13:37:20",1353400
85300,-1400,1000,"bu","13:37:17",1348700
85200,-1500,100,"sd","13:37:12",1347700
85300,-1400,1500,"bu","13:37:09",1347600
85300,-1400,500,"bu","13:37:06",1346100
85300,-1400,1000,"bu","13:37:05",1345600
85300,-1400,500,"bu","13:37:03",1344600
85300,-1400,100,"bu","13:36:52",1344100
85200,-1500,100,"sd","13:36:50",1344000
85300,-1400,1200,"bu","13:36:38",1343900
85200,-1500,100,"sd","13:36:28",1342700
85300,-1400,100,"bu","13:36:23",1342600
85300,-1400,1000,"bu","13:36:21",1342500
85300,-1400,100,"bu","13:36:10",1341500
85200,-1500,100,"sd","13:36:06",1341400
85300,-1400,1400,"bu","13:36:06",1341300
85300,-1400,2000,"bu","13:35:58",1339900
85300,-1400,500,"bu","13:35:56",1337900
85300,-1400,1000,"sd","13:35:56",1337400
85300,-1400,100,"sd","13:35:56",1336400
85300,-1400,10000,"sd","13:35:56",1336300
85300,-1400,500,"sd","13:35:56",1326300
85400,-1300,100,"bu","13:35:56",1325800
85300,-1400,200,"sd","13:35:52",1325700
85300,-1400,300,"sd","13:35:52",1325500
85300,-1400,200,"sd","13:35:52",1325200
85300,-1400,400,"sd","13:35:52",1325000
85300,-1400,100,"sd","13:35:44",1324600
85300,-1400,1000,"sd","13:35:41",1324500
85300,-1400,1200,"sd","13:35:41",1323500
85300,-1400,100,"sd","13:35:23",1322300
85300,-1400,100,"sd","13:35:13",1322200
85300,-1400,200,"sd","13:35:13",1322100
85300,-1400,200,"sd","13:35:13",1321900
85300,-1400,1200,"sd","13:35:10",1321700
85300,-1400,400,"sd","13:35:10",1320500
85300,-1400,600,"sd","13:35:07",1320100
85300,-1400,500,"sd","13:35:07",1319500
85300,-1400,100,"sd","13:35:01",1319000
85300,-1400,2200,"sd","13:34:41",1318900
85300,-1400,800,"bu","13:34:39",1316700
85200,-1500,100,"sd","13:34:39",1315900
85300,-1400,700,"bu","13:34:38",1315800
85300,-1400,1100,"bu","13:34:38",1315100
85300,-1400,300,"bu","13:34:38",1314000
85300,-1400,1200,"bu","13:34:38",1313700
85300,-1400,1700,"bu","13:34:38",1312500
85300,-1400,100,"bu","13:34:30",1310800
85200,-1500,100,"sd","13:34:18",1310700
85200,-1500,100,"sd","13:34:15",1310600
85300,-1400,2000,"bu","13:34:13",1310500
85300,-1400,100,"bu","13:34:08",1308500
85200,-1500,200,"sd","13:33:56",1308400
85200,-1500,100,"sd","13:33:56",1308200
85200,-1500,100,"sd","13:33:34",1308100
85300,-1400,1100,"bu","13:33:31",1308000
85300,-1400,700,"bu","13:33:31",1306900
85200,-1500,100,"sd","13:33:13",1306200
85300,-1400,1900,"bu","13:33:08",1306100
85200,-1500,100,"sd","13:32:51",1304200
85300,-1400,1200,"bu","13:32:51",1304100
85300,-1400,100,"bu","13:32:51",1302900
85300,-1400,1000,"bu","13:32:51",1302800
85200,-1500,600,"bu","13:32:50",1301800
85200,-1500,600,"bu","13:32:46",1301200
85200,-1500,400,"bu","13:32:46",1300600
85200,-1500,3400,"bu","13:32:41",1300200
85200,-1500,2000,"bu","13:32:41",1296800
85200,-1500,3600,"bu","13:32:41",1294800
85200,-1500,1400,"bu","13:32:41",1291200
85200,-1500,1000,"bu","13:32:41",1289800
85200,-1500,1200,"bu","13:32:41",1288800
85200,-1500,1400,"bu","13:32:41",1287600
85200,-1500,500,"bu","13:32:38",1286200
85100,-1600,100,"sd","13:32:29",1285700
85200,-1500,200,"bu","13:32:27",1285600
85200,-1500,500,"bu","13:32:18",1285400
85200,-1500,1000,"bu","13:32:17",1284900
85100,-1600,100,"sd","13:32:08",1283900
85100,-1600,100,"sd","13:32:08",1283800
85200,-1500,200,"bu","13:32:03",1283700
85200,-1500,200,"bu","13:32:03",1283500
85200,-1500,600,"bu","13:31:56",1283300
85200,-1500,800,"bu","13:31:56",1282700
85200,-1500,200,"bu","13:31:54",1281900
85100,-1600,100,"sd","13:31:47",1281700
85100,-1600,500,"sd","13:31:39",1281600
85100,-1600,1600,"sd","13:31:37",1281100
85100,-1600,500,"sd","13:31:32",1279500
85100,-1600,600,"sd","13:31:30",1279000
85100,-1600,1000,"sd","13:31:30",1278400
85100,-1600,100,"sd","13:31:25",1277400
85200,-1500,1900,"bu","13:31:15",1277300
85200,-1500,500,"bu","13:31:05",1275400
85100,-1600,1200,"sd","13:31:04",1274900
85100,-1600,100,"sd","13:31:03",1273700
85100,-1600,2600,"sd","13:31:03",1273600
85100,-1600,700,"sd","13:31:03",1271000
85100,-1600,700,"sd","13:31:02",1270300
85100,-1600,100,"sd","13:31:02",1269600
85100,-1600,100,"sd","13:31:02",1269500
85100,-1600,300,"sd","13:31:02",1269400
85100,-1600,700,"sd","13:31:02",1269100
85100,-1600,100,"sd","13:31:02",1268400
85100,-1600,200,"sd","13:31:02",1268300
85100,-1600,1600,"sd","13:31:02",1268100
85100,-1600,100,"sd","13:30:42",1266500
85200,-1500,1400,"bu","13:30:25",1266400
85100,-1600,100,"sd","13:30:20",1265000
85100,-1600,1100,"sd","13:30:15",1264900
85100,-1600,1200,"sd","13:30:12",1263800
85100,-1600,3800,"sd","13:30:11",1262600
85100,-1600,2100,"sd","13:30:04",1258800
85100,-1600,100,"sd","13:30:04",1256700
85100,-1600,1400,"sd","13:30:04",1256600
85100,-1600,100,"sd","13:30:04",1255200
85100,-1600,1000,"sd","13:30:04",1255100
85100,-1600,300,"sd","13:30:04",1254100
85100,-1600,100,"sd","13:29:59",1253800
85100,-1600,100,"sd","13:29:51",1253700
85200,-1500,500,"bu","13:29:47",1253600
85100,-1600,800,"sd","13:29:42",1253100
85100,-1600,1100,"sd","13:29:42",1252300
85100,-1600,100,"sd","13:29:42",1251200
85100,-1600,200,"sd","13:29:42",1251100
85100,-1600,100,"sd","13:29:42",1250900
85100,-1600,100,"sd","13:29:42",1250800
85100,-1600,500,"sd","13:29:42",1250700
85100,-1600,1000,"sd","13:29:42",1250200
85100,-1600,100,"sd","13:29:42",1249200
85100,-1600,100,"sd","13:29:42",1249100
85100,-1600,200,"sd","13:29:42",1249000
85100,-1600,500,"sd","13:29:42",1248800
85100,-1600,200,"sd","13:29:42",1248300
85100,-1600,500,"sd","13:29:42",1248100
85100,-1600,1600,"sd","13:29:42",1247600
85100,-1600,100,"sd","13:29:42",1246000
85100,-1600,100,"sd","13:29:42",1245900
85100,-1600,100,"sd","13:29:42",1245800
85100,-1600,500,"sd","13:29:42",1245700
85100,-1600,1000,"sd","13:29:42",1245200
85100,-1600,500,"sd","13:29:42",1244200
85100,-1600,100,"sd","13:29:42",1243700
85100,-1600,100,"sd","13:29:42",1243600
85100,-1600,200,"sd","13:29:42",1243500
85100,-1600,100,"sd","13:29:42",1243300
85100,-1600,100,"sd","13:29:42",1243200
85200,-1500,100,"bu","13:29:39",1243100
85100,-1600,100,"sd","13:29:37",1243000
85100,-1600,800,"sd","13:29:20",1242900
85100,-1600,200,"sd","13:29:20",1242100
85100,-1600,100,"sd","13:29:20",1241900
85200,-1500,2000,"bu","13:29:16",1241800
85100,-1600,100,"sd","13:29:16",1239800
85100,-1600,800,"sd","13:29:10",1239700
85100,-1600,200,"sd","13:29:10",1238900
85100,-1600,100,"sd","13:29:10",1238700
85100,-1600,100,"sd","13:29:10",1238600
85100,-1600,3800,"sd","13:29:07",1238500
85200,-1500,1000,"bu","13:29:00",1234700
85200,-1500,100,"bu","13:28:59",1233700
85100,-1600,6200,"sd","13:28:58",1233600
85100,-1600,200,"sd","13:28:58",1227400
85100,-1600,1000,"sd","13:28:58",1227200
85100,-1600,2600,"sd","13:28:58",1226200
85100,-1600,100,"sd","13:28:54",1223600
85200,-1500,500,"bu","13:28:50",1223500
85200,-1500,100,"bu","13:28:48",1223000
85100,-1600,100,"sd","13:28:33",1222900
85200,-1500,100,"bu","13:28:25",1222800
85100,-1600,2200,"sd","13:28:23",1222700
85100,-1600,100,"sd","13:28:23",1220500
85100,-1600,1000,"sd","13:28:23",1220400
85200,-1500,800,"bu","13:28:14",1219400
85200,-1500,900,"bu","13:28:14",1218600
85100,-1600,100,"sd","13:28:11",1217700
85100,-1600,1200,"sd","13:28:09",1217600
85100,-1600,2700,"sd","13:28:06",1216400
85100,-1600,1100,"sd","13:28:06",1213700
85100,-1600,800,"sd","13:27:59",1212600
85100,-1600,100,"sd","13:27:50",1211800
85100,-1600,100,"sd","13:27:29",1211700
85100,-1600,100,"sd","13:27:25",1211600
85100,-1600,2900,"sd","13:27:25",1211500
85100,-1600,100,"sd","13:27:25",1208600
85100,-1600,200,"sd","13:27:25",1208500
85200,-1500,100,"bu","13:27:24",1208300
85200,-1500,200,"bu","13:27:20",1208200
85200,-1500,800,"bu","13:27:20",1208000
85200,-1500,100,"bu","13:27:17",1207200
85200,-1500,100,"bu","13:27:12",1207100
85100,-1600,100,"sd","13:27:07",1207000
85200,-1500,2800,"bu","13:27:06",1206900
85200,-1500,2200,"bu","13:27:06",1204100
85200,-1500,100,"bu","13:27:05",1201900
85200,-1500,500,"bu","13:26:56",1201800
85200,-1500,1000,"bu","13:26:50",1201300
85100,-1600,100,"sd","13:26:46",1200300
85200,-1500,1200,"sd","13:26:45",1200200
85200,-1500,300,"bu","13:26:44",1199000
85200,-1500,1300,"bu","13:26:40",1198700
85200,-1500,3700,"bu","13:26:40",1197400
85200,-1500,100,"unknown","13:26:31",1193700
85100,-1600,100,"sd","13:26:25",1193600
85200,-1500,100,"sd","13:26:23",1193500
85200,-1500,200,"sd","13:26:23",1193400
85200,-1500,200,"sd","13:26:23",1193200
85200,-1500,600,"sd","13:26:23",1193000
85200,-1500,500,"sd","13:26:20",1192400
85200,-1500,1600,"sd","13:26:17",1191900
85200,-1500,400,"sd","13:26:16",1190300
85200,-1500,1100,"sd","13:26:13",1189900
85200,-1500,800,"bu","13:26:10",1188800
85200,-1500,2300,"bu","13:26:06",1188000
85200,-1500,300,"unknown","13:26:06",1185700
85200,-1500,1400,"sd","13:26:06",1185400
85200,-1500,900,"sd","13:26:06",1184000
85200,-1500,100,"sd","13:26:03",1183100
85200,-1500,100,"sd","13:25:54",1183000
85200,-1500,3300,"sd","13:25:49",1182900
85200,-1500,100,"sd","13:25:42",1179600
85200,-1500,1500,"sd","13:25:37",1179500
85200,-1500,100,"sd","13:25:37",1178000
85200,-1500,1000,"sd","13:25:37",1177900
85200,-1500,700,"sd","13:25:37",1176900
85200,-1500,300,"sd","13:25:23",1176200
85200,-1500,500,"sd","13:25:23",1175900
85200,-1500,100,"sd","13:25:23",1175400
85200,-1500,200,"sd","13:25:23",1175300
85200,-1500,100,"sd","13:25:21",1175100
85200,-1500,200,"sd","13:25:12",1175000
85300,-1400,100,"bu","13:25:10",1174800
85200,-1500,100,"sd","13:25:00",1174700
85200,-1500,900,"sd","13:24:56",1174600
85200,-1500,100,"sd","13:24:56",1173700
85200,-1500,100,"sd","13:24:56",1173600
85300,-1400,100,"bu","13:24:56",1173500
85200,-1500,500,"sd","13:24:44",1173400
85300,-1400,100,"bu","13:24:44",1172900
85200,-1500,1600,"sd","13:24:41",1172800
85200,-1500,100,"sd","13:24:38",1171200
85200,-1500,800,"sd","13:24:37",1171100
85200,-1500,1400,"sd","13:24:37",1170300
85200,-1500,500,"sd","13:24:33",1168900
85200,-1500,1200,"bu","13:24:21",1168400
85200,-1500,3800,"bu","13:24:21",1167200
85200,-1500,3100,"bu","13:24:21",1163400
85100,-1600,100,"sd","13:24:17",1160300
85200,-1500,1000,"bu","13:24:12",1160200
85100,-1600,100,"sd","13:23:56",1159200
85100,-1600,200,"sd","13:23:53",1159100
85100,-1600,2000,"sd","13:23:53",1158900
85200,-1500,800,"bu","13:23:50",1156900
85200,-1500,1200,"bu","13:23:50",1156100
85100,-1600,100,"sd","13:23:34",1154900
85100,-1600,700,"sd","13:23:26",1154800
85100,-1600,200,"sd","13:23:26",1154100
85100,-1600,1000,"sd","13:23:26",1153900
85100,-1600,1000,"sd","13:23:26",1152900
85200,-1500,3800,"bu","13:23:20",1151900
85200,-1500,2000,"bu","13:23:20",1148100
85200,-1500,1200,"bu","13:23:20",1146100
85200,-1500,1600,"bu","13:23:20",1144900
85100,-1600,100,"sd","13:23:13",1143300
85100,-1600,800,"sd","13:23:09",1143200
85100,-1600,1100,"sd","13:23:08",1142400
85200,-1500,200,"bu","13:22:55",1141300
85100,-1600,100,"sd","13:22:52",1141100
85100,-1600,100,"sd","13:22:31",1141000
85200,-1500,100,"bu","13:22:29",1140900
85200,-1500,100,"bu","13:22:23",1140800
85200,-1500,1000,"bu","13:22:13",1140700
85100,-1600,100,"sd","13:22:09",1139700
85200,-1500,800,"bu","13:22:08",1139600
85200,-1500,100,"bu","13:22:05",1138800
85200,-1500,200,"bu","13:22:04",1138700
85100,-1600,100,"sd","13:21:48",1138500
85100,-1600,600,"sd","13:21:46",1138400
85100,-1600,100,"sd","13:21:46",1137800
85100,-1600,300,"sd","13:21:46",1137700
85100,-1600,100,"sd","13:21:46",1137400
85100,-1600,100,"sd","13:21:46",1137300
85100,-1600,100,"sd","13:21:46",1137200
85100,-1600,100,"sd","13:21:46",1137100
85100,-1600,300,"sd","13:21:46",1137000
85100,-1600,100,"sd","13:21:46",1136700
85100,-1600,100,"sd","13:21:46",1136600
85200,-1500,300,"sd","13:21:33",1136500
85100,-1600,1300,"sd","13:21:31",1136200
85100,-1600,5000,"sd","13:21:31",1134900
85100,-1600,1200,"sd","13:21:31",1129900
85100,-1600,200,"sd","13:21:31",1128700
85100,-1600,100,"sd","13:21:31",1128500
85100,-1600,500,"sd","13:21:31",1128400
85100,-1600,100,"sd","13:21:31",1127900
85100,-1600,300,"sd","13:21:31",1127800
85100,-1600,3000,"sd","13:21:31",1127500
85100,-1600,400,"sd","13:21:31",1124500
85100,-1600,100,"sd","13:21:31",1124100
85100,-1600,400,"sd","13:21:31",1124000
85100,-1600,400,"sd","13:21:31",1123600
85100,-1600,1000,"sd","13:21:31",1123200
85100,-1600,100,"sd","13:21:31",1122200
85100,-1600,500,"sd","13:21:31",1122100
85100,-1600,3000,"sd","13:21:31",1121600
85100,-1600,1600,"sd","13:21:31",1118600
85100,-1600,1100,"sd","13:21:31",1117000
85200,-1500,600,"sd","13:21:31",1115900
85100,-1600,1000,"sd","13:21:31",1115300
85200,-1500,100,"sd","13:21:31",1114300
85100,-1600,200,"sd","13:21:31",1114200
85100,-1600,2000,"sd","13:21:31",1114000
85200,-1500,1000,"sd","13:21:31",1112000
85100,-1600,500,"sd","13:21:31",1111000
85200,-1500,1100,"sd","13:21:31",1110500
85200,-1500,100,"sd","13:21:31",1109400
85100,-1600,5000,"sd","13:21:31",1109300
85200,-1500,300,"sd","13:21:30",1104300
85200,-1500,1000,"sd","13:21:30",1104000
85200,-1500,200,"sd","13:21:30",1103000
85200,-1500,500,"sd","13:21:30",1102800
85200,-1500,1000,"sd","13:21:30",1102300
85200,-1500,100,"sd","13:21:30",1101300
85200,-1500,500,"sd","13:21:30",1101200
85200,-1500,1000,"sd","13:21:30",1100700
85200,-1500,700,"sd","13:21:30",1099700
85200,-1500,400,"sd","13:21:30",1099000
85200,-1500,1000,"sd","13:21:30",1098600
85200,-1500,400,"sd","13:21:30",1097600
85200,-1500,100,"sd","13:21:30",1097200
85200,-1500,300,"sd","13:21:30",1097100
85200,-1500,1000,"sd","13:21:30",1096800
85200,-1500,1000,"sd","13:21:30",1095800
85200,-1500,100,"sd","13:21:30",1094800
85200,-1500,100,"sd","13:21:30",1094700
85200,-1500,100,"sd","13:21:30",1094600
85200,-1500,100,"sd","13:21:30",1094500
85200,-1500,100,"sd","13:21:30",1094400
85200,-1500,100,"sd","13:21:30",1094300
85200,-1500,500,"sd","13:21:30",1094200
85200,-1500,100,"sd","13:21:30",1093700
85200,-1500,100,"sd","13:21:30",1093600
85200,-1500,100,"sd","13:21:30",1093500
85200,-1500,1000,"sd","13:21:30",1093400
85200,-1500,100,"sd","13:21:30",1092400
85200,-1500,5000,"sd","13:21:30",1092300
85200,-1500,1100,"sd","13:21:30",1087300
85200,-1500,100,"sd","13:21:27",1086200
85300,-1400,500,"bu","13:21:27",1086100
85200,-1500,1100,"sd","13:21:26",1085600
85300,-1400,100,"bu","13:21:21",1084500
85200,-1500,1100,"sd","13:21:18",1084400
85300,-1400,200,"bu","13:21:18",1083300
85200,-1500,100,"sd","13:21:06",1083100
85200,-1500,100,"sd","13:20:45",1083000
85300,-1400,100,"bu","13:20:41",1082900
85200,-1500,100,"sd","13:20:24",1082800
85300,-1400,100,"bu","13:20:11",1082700
85200,-1500,100,"sd","13:20:03",1082600
85300,-1400,900,"bu","13:19:44",1082500
85200,-1500,100,"sd","13:19:42",1081600
85200,-1500,700,"sd","13:19:42",1081500
85200,-1500,1500,"sd","13:19:42",1080800
85200,-1500,100,"sd","13:19:41",1079300
85200,-1500,1100,"sd","13:19:36",1079200
85200,-1500,100,"sd","13:19:20",1078100
85300,-1400,100,"bu","13:19:18",1078000
85300,-1400,1300,"bu","13:19:07",1077900
85200,-1500,1100,"sd","13:19:07",1076600
85200,-1500,100,"sd","13:18:59",1075500
85300,-1400,100,"bu","13:18:52",1075400
85300,-1400,100,"sd","13:18:48",1075300
85300,-1400,200,"sd","13:18:48",1075200
85300,-1400,1000,"sd","13:18:48",1075000
85300,-1400,200,"sd","13:18:48",1074000
85300,-1400,100,"sd","13:18:48",1073800
85300,-1400,100,"sd","13:18:48",1073700
85300,-1400,1000,"sd","13:18:48",1073600
85300,-1400,500,"sd","13:18:48",1072600
85300,-1400,100,"sd","13:18:48",1072100
85300,-1400,1000,"sd","13:18:48",1072000
85300,-1400,100,"sd","13:18:48",1071000
85300,-1400,100,"sd","13:18:38",1070900
85300,-1400,800,"sd","13:18:38",1070800
85300,-1400,300,"sd","13:18:38",1070000
85400,-1300,100,"bu","13:18:26",1069700
85300,-1400,100,"sd","13:18:17",1069600
85300,-1400,100,"sd","13:17:56",1069500
85400,-1300,1000,"bu","13:17:52",1069400
85300,-1400,100,"sd","13:17:48",1068400
85300,-1400,400,"sd","13:17:38",1068300
85300,-1400,4000,"sd","13:17:37",1067900
85300,-1400,300,"sd","13:17:37",1063900
85300,-1400,1900,"sd","13:17:37",1063600
85300,-1400,100,"sd","13:17:35",1061700
85300,-1400,300,"sd","13:17:35",1061600
85300,-1400,1200,"sd","13:17:35",1061300
85300,-1400,100,"sd","13:17:35",1060100
85300,-1400,500,"sd","13:17:33",1060000
85300,-1400,600,"sd","13:17:33",1059500
85300,-1400,400,"sd","13:17:28",1058900
85300,-1400,300,"sd","13:17:25",1058500
85300,-1400,200,"sd","13:17:25",1058200
85300,-1400,800,"sd","13:17:25",1058000
85300,-1400,100,"sd","13:17:25",1057200
85300,-1400,200,"sd","13:17:25",1057100
85300,-1400,400,"sd","13:17:24",1056900
85300,-1400,100,"sd","13:17:24",1056500
85300,-1400,100,"sd","13:17:24",1056400
85300,-1400,400,"sd","13:17:24",1056300
85300,-1400,800,"sd","13:17:22",1055900
85300,-1400,1200,"sd","13:17:22",1055100
85300,-1400,100,"sd","13:17:14",1053900
85300,-1400,3300,"sd","13:17:13",1053800
85400,-1300,100,"bu","13:17:07",1050500
85300,-1400,1000,"sd","13:17:04",1050400
85300,-1400,1500,"sd","13:17:04",1049400
85400,-1300,200,"bu","13:16:58",1047900
85300,-1400,100,"sd","13:16:53",1047700
85400,-1300,500,"bu","13:16:50",1047600
85400,-1300,100,"bu","13:16:44",1047100
85300,-1400,100,"sd","13:16:32",1047000
85400,-1300,100,"bu","13:16:11",1046900
85400,-1300,100,"bu","13:16:11",1046800
85300,-1400,100,"sd","13:16:11",1046700
85300,-1400,100,"sd","13:15:50",1046600
85300,-1400,3100,"bu","13:15:37",1046500
85300,-1400,1000,"bu","13:15:33",1043400
85300,-1400,500,"bu","13:15:33",1042400
85200,-1500,100,"sd","13:15:29",1041900
85300,-1400,1000,"bu","13:15:27",1041800
85300,-1400,1100,"sd","13:15:27",1040800
85300,-1400,400,"sd","13:15:27",1039700
85300,-1400,100,"sd","13:15:27",1039300
85300,-1400,1000,"sd","13:15:27",1039200
85300,-1400,100,"sd","13:15:27",1038200
85300,-1400,1000,"sd","13:15:27",1038100
85300,-1400,1000,"sd","13:15:27",1037100
85300,-1400,9700,"sd","13:15:27",1036100
85300,-1400,200,"sd","13:15:22",1026400
85400,-1300,400,"bu","13:15:21",1026200
85400,-1300,1600,"bu","13:15:21",1025800
85300,-1400,100,"sd","13:15:08",1024200
85300,-1400,500,"sd","13:14:59",1024100
85300,-1400,2000,"sd","13:14:48",1023600
85300,-1400,100,"sd","13:14:48",1021600
85300,-1400,1100,"bu","13:14:42",1021500
85300,-1400,500,"bu","13:14:42",1020400
85300,-1400,1600,"bu","13:14:42",1019900
85300,-1400,1000,"bu","13:14:42",1018300
85300,-1400,1600,"bu","13:14:42",1017300
85300,-1400,1100,"bu","13:14:42",1015700
85300,-1400,500,"bu","13:14:42",1014600
85300,-1400,400,"bu","13:14:41",1014100
85300,-1400,100,"bu","13:14:41",1013700
85300,-1400,100,"bu","13:14:38",1013600
85300,-1400,1200,"bu","13:14:38",1013500
85300,-1400,3700,"bu","13:14:38",1012300
85200,-1500,900,"sd","13:14:38",1008600
85200,-1500,200,"sd","13:14:38",1007700
85300,-1400,100,"bu","13:14:28",1007500
85300,-1400,1100,"bu","13:14:28",1007400
85300,-1400,1200,"bu","13:14:28",1006300
85300,-1400,100,"bu","13:14:28",1005100
85200,-1500,100,"sd","13:14:27",1005000
85300,-1400,100,"bu","13:14:21",1004900
85200,-1500,100,"sd","13:14:05",1004800
85300,-1400,100,"bu","13:14:02",1004700
85300,-1400,100,"bu","13:13:57",1004600
85200,-1500,1000,"sd","13:13:55",1004500
85200,-1500,1000,"sd","13:13:55",1003500
85200,-1500,2000,"sd","13:13:55",1002500
85300,-1400,1000,"bu","13:13:46",1000500
85200,-1500,100,"sd","13:13:45",999500
85200,-1500,500,"sd","13:13:36",999400
85200,-1500,500,"sd","13:13:36",998900
85200,-1500,100,"bu","13:13:28",998400
85200,-1500,300,"bu","13:13:28",998300
85200,-1500,1700,"bu","13:13:25",998000
85200,-1500,300,"bu","13:13:25",996300
85100,-1600,100,"sd","13:13:24",996000
85200,-1500,500,"bu","13:13:24",995900
85200,-1500,400,"bu","13:13:21",995400
85200,-1500,1600,"bu","13:13:21",995000
85200,-1500,400,"bu","13:13:18",993400
85200,-1500,1800,"bu","13:13:14",993000
85200,-1500,200,"bu","13:13:14",991200
85200,-1500,6000,"bu","13:13:14",991000
85100,-1600,200,"sd","13:13:05",985000
85100,-1600,100,"sd","13:13:03",984800
85100,-1600,100,"sd","13:12:42",984700
85100,-1600,100,"sd","13:12:40",984600
85200,-1500,1000,"bu","13:12:37",984500
85100,-1600,100,"sd","13:12:21",983500
85100,-1600,300,"sd","13:12:12",983400
85100,-1600,300,"sd","13:12:12",983100
85100,-1600,500,"sd","13:12:12",982800
85100,-1600,100,"sd","13:12:12",982300
85100,-1600,100,"sd","13:12:01",982200
85100,-1600,100,"sd","13:11:56",982100
85200,-1500,600,"bu","13:11:55",982000
85200,-1500,1100,"bu","13:11:55",981400
85200,-1500,100,"bu","13:11:43",980300
85200,-1500,100,"bu","13:11:42",980200
85100,-1600,100,"sd","13:11:40",980100
85200,-1500,1000,"bu","13:11:38",980000
85200,-1500,500,"bu","13:11:25",979000
85200,-1500,100,"bu","13:11:23",978500
85100,-1600,100,"sd","13:11:19",978400
85200,-1500,3200,"bu","13:11:12",978300
85200,-1500,1200,"bu","13:11:12",975100
85200,-1500,600,"bu","13:11:12",973900
85100,-1600,200,"sd","13:11:11",973300
85100,-1600,200,"sd","13:11:11",973100
85200,-1500,100,"bu","13:11:03",972900
85200,-1500,1000,"bu","13:11:03",972800
85100,-1600,100,"sd","13:10:58",971800
85200,-1500,1000,"bu","13:10:53",971700
85200,-1500,1100,"bu","13:10:49",970700
85200,-1500,2900,"bu","13:10:49",969600
85100,-1600,100,"sd","13:10:37",966700
85200,-1500,1000,"bu","13:10:35",966600
85100,-1600,100,"sd","13:10:16",965600
85100,-1600,100,"sd","13:10:16",965500
85100,-1600,300,"sd","13:10:16",965400
85100,-1600,100,"sd","13:10:16",965100
85100,-1600,100,"sd","13:10:16",965000
85100,-1600,200,"sd","13:10:16",964900
85100,-1600,100,"sd","13:09:56",964700
85100,-1600,100,"sd","13:09:35",964600
85200,-1500,100,"bu","13:09:27",964500
85100,-1600,500,"sd","13:09:19",964400
85100,-1600,100,"sd","13:09:14",963900
85100,-1600,100,"sd","13:09:10",963800
85100,-1600,100,"sd","13:09:10",963700
85100,-1600,300,"sd","13:09:10",963600
85100,-1600,100,"sd","13:09:10",963300
85100,-1600,400,"sd","13:09:10",963200
85100,-1600,200,"sd","13:09:10",962800
85100,-1600,500,"sd","13:09:10",962600
85100,-1600,300,"sd","13:09:10",962100
85100,-1600,700,"sd","13:09:09",961800
85100,-1600,200,"sd","13:09:09",961100
85100,-1600,100,"sd","13:09:09",960900
85100,-1600,1000,"sd","13:09:09",960800
85100,-1600,700,"sd","13:08:54",959800
85100,-1600,600,"sd","13:08:54",959100
85100,-1600,500,"sd","13:08:54",958500
85100,-1600,200,"sd","13:08:54",958000
85100,-1600,4800,"sd","13:08:53",957800
85100,-1600,500,"sd","13:08:53",953000
85100,-1600,1000,"sd","13:08:53",952500
85100,-1600,100,"sd","13:08:53",951500
85100,-1600,100,"sd","13:08:53",951400
85100,-1600,100,"sd","13:08:53",951300
85100,-1600,400,"sd","13:08:53",951200
85100,-1600,100,"sd","13:08:53",950800
85100,-1600,1000,"sd","13:08:53",950700
85100,-1600,200,"sd","13:08:53",949700
85100,-1600,900,"sd","13:08:53",949500
85100,-1600,100,"sd","13:08:53",948600
85100,-1600,1000,"sd","13:08:51",948500
85100,-1600,300,"sd","13:08:51",947500
85100,-1600,100,"sd","13:08:51",947200
85100,-1600,100,"sd","13:08:51",947100
85100,-1600,500,"sd","13:08:51",947000
85200,-1500,700,"bu","13:08:34",946500
85100,-1600,100,"sd","13:08:33",945800
85200,-1500,100,"bu","13:08:21",945700
85100,-1600,100,"sd","13:08:12",945600
85100,-1600,100,"sd","13:07:51",945500
85200,-1500,100,"sd","13:07:49",945400
85200,-1500,400,"sd","13:07:49",945300
85200,-1500,100,"sd","13:07:46",944900
85200,-1500,500,"sd","13:07:46",944800
85200,-1500,1000,"sd","13:07:46",944300
85100,-1600,100,"sd","13:07:30",943300
85300,-1400,200,"bu","13:07:13",943200
85100,-1600,100,"sd","13:07:10",943000
85300,-1400,100,"bu","13:07:09",942900
85100,-1600,200,"sd","13:07:05",942800
85100,-1600,200,"sd","13:07:05",942600
85100,-1600,3000,"sd","13:07:05",942400
85100,-1600,100,"sd","13:07:05",939400
85100,-1600,600,"sd","13:07:05",939300
85200,-1500,900,"sd","13:07:05",938700
85200,-1500,100,"sd","13:07:02",937800
85200,-1500,400,"sd","13:07:02",937700
85200,-1500,100,"sd","13:06:59",937300
85200,-1500,1000,"sd","13:06:59",937200
85200,-1500,500,"sd","13:06:59",936200
85200,-1500,100,"sd","13:06:49",935700
85200,-1500,300,"sd","13:06:42",935600
85200,-1500,1000,"sd","13:06:42",935300
85200,-1500,300,"sd","13:06:42",934300
85200,-1500,100,"sd","13:06:28",934000
85200,-1500,100,"sd","13:06:25",933900
85200,-1500,300,"sd","13:06:24",933800
85200,-1500,100,"sd","13:06:24",933500
85200,-1500,500,"sd","13:06:24",933400
85300,-1400,600,"bu","13:06:21",932900
85200,-1500,900,"sd","13:06:19",932300
85200,-1500,1000,"sd","13:06:19",931400
85200,-1500,100,"sd","13:06:19",930400
85200,-1500,100,"sd","13:06:08",930300
85200,-1500,100,"sd","13:05:47",930200
85200,-1500,100,"sd","13:05:46",930100
85300,-1400,100,"bu","13:05:44",930000
85200,-1500,100,"sd","13:05:42",929900
85200,-1500,400,"sd","13:05:42",929800
85200,-1500,1600,"sd","13:05:39",929400
85200,-1500,500,"sd","13:05:36",927800
85200,-1500,1500,"sd","13:05:33",927300
85200,-1500,100,"sd","13:05:33",925800
85200,-1500,100,"sd","13:05:27",925700
85200,-1500,100,"sd","13:05:19",925600
85200,-1500,100,"sd","13:05:19",925500
85200,-1500,200,"sd","13:05:19",925400
85200,-1500,100,"sd","13:05:19",925200
85200,-1500,200,"sd","13:05:19",925100
85200,-1500,500,"sd","13:05:19",924900
85200,-1500,800,"sd","13:05:19",924400
85200,-1500,500,"sd","13:05:15",923600
85200,-1500,100,"sd","13:05:06",923100
85300,-1400,100,"bu","13:04:58",923000
85200,-1500,100,"sd","13:04:55",922900
85200,-1500,100,"sd","13:04:45",922800
85200,-1500,1400,"sd","13:04:40",922700
85200,-1500,100,"sd","13:04:40",921300
85200,-1500,1500,"sd","13:04:40",921200
85200,-1500,100,"sd","13:04:24",919700
85200,-1500,100,"sd","13:04:18",919600
85200,-1500,100,"sd","13:04:14",919500
85300,-1400,100,"bu","13:04:14",919400
85200,-1500,100,"sd","13:04:04",919300
85200,-1500,500,"sd","13:03:50",919200
85200,-1500,500,"sd","13:03:50",918700
85200,-1500,500,"sd","13:03:47",918200
85200,-1500,100,"sd","13:03:47",917700
85200,-1500,100,"sd","13:03:47",917600
85200,-1500,300,"sd","13:03:47",917500
85200,-1500,200,"sd","13:03:44",917200
85200,-1500,800,"sd","13:03:44",917000
85200,-1500,100,"sd","13:03:44",916200
85200,-1500,100,"sd","13:03:23",916100
85200,-1500,100,"sd","13:03:02",916000
85300,-1400,100,"bu","13:02:44",915900
85200,-1500,100,"sd","13:02:42",915800
85200,-1500,100,"sd","13:02:21",915700
85200,-1500,1700,"bu","13:02:09",915600
85200,-1500,100,"bu","13:02:06",913900
85200,-1500,200,"sd","13:02:04",913800
85200,-1500,300,"sd","13:02:01",913600
85200,-1500,700,"sd","13:02:01",913300
85200,-1500,100,"sd","13:02:01",912600
85200,-1500,1200,"sd","13:01:58",912500
85200,-1500,100,"sd","13:01:58",911300
85200,-1500,100,"sd","13:01:58",911200
85200,-1500,1100,"sd","13:01:53",911100
85200,-1500,1000,"sd","13:01:51",910000
85200,-1500,100,"sd","13:01:40",909000
85200,-1500,100,"sd","13:01:20",908900
85200,-1500,1500,"sd","13:01:19",908800
85200,-1500,1100,"sd","13:01:12",907300
85300,-1400,600,"bu","13:01:11",906200
85200,-1500,200,"sd","13:01:05",905600
85200,-1500,100,"sd","13:01:01",905400
85300,-1400,100,"bu","13:00:53",905300
85300,-1400,200,"bu","13:00:29",905200
85300,-1400,100,"bu","13:00:26",905000
85200,-1500,100,"bu","13:00:26",904900
85100,-1600,300,"sd","13:00:21",904800
85100,-1600,100,"sd","13:00:17",904500
85100,-1600,1000,"sd","13:00:11",904400
85100,-1600,200,"sd","13:00:11",903400
85100,-1600,2000,"sd","13:00:11",903200
85100,-1600,3000,"sd","13:00:11",901200
85100,-1600,1300,"sd","13:00:11",898200
85200,-1500,500,"sd","13:00:11",896900
85300,-1400,100,"bu","13:00:02",896400
85100,-1600,300,"sd","13:00:01",896300
85200,-1500,700,"sd","13:00:01",896000
85200,-1500,100,"sd","13:00:01",895300
85200,-1500,100,"sd","13:00:00",895200
85300,-1400,100,"bu","13:00:00",895100
85300,-1400,100,"bu","13:00:00",895000
85100,-1600,400,"sd","11:29:29",894900
85100,-1600,100,"sd","11:29:29",894500
85100,-1600,1100,"sd","11:29:29",894400
85200,-1500,100,"sd","11:29:29",893300
85200,-1500,100,"sd","11:29:29",893200
85200,-1500,100,"sd","11:29:29",893100
85200,-1500,500,"sd","11:29:29",893000
85200,-1500,600,"sd","11:29:29",892500
85300,-1400,100,"bu","11:29:28",891900
85200,-1500,1200,"sd","11:29:19",891800
85300,-1400,100,"bu","11:29:18",890600
85200,-1500,3000,"sd","11:29:17",890500
85200,-1500,800,"sd","11:29:13",887500
85200,-1500,1200,"bu","11:28:36",886700
85200,-1500,3200,"bu","11:28:36",885500
85200,-1500,600,"bu","11:28:32",882300
85200,-1500,400,"bu","11:28:32",881700
85200,-1500,200,"sd","11:28:31",881300
85200,-1500,400,"sd","11:28:31",881100
85200,-1500,600,"bu","11:28:25",880700
85200,-1500,200,"sd","11:28:22",880100
85200,-1500,200,"sd","11:28:21",879900
85200,-1500,1200,"bu","11:28:09",879700
85200,-1500,1400,"bu","11:28:09",878500
85200,-1500,200,"bu","11:27:59",877100
85100,-1600,100,"sd","11:27:39",876900
85100,-1600,100,"sd","11:27:35",876800
85200,-1500,1000,"bu","11:27:35",876700
85200,-1500,1000,"sd","11:27:29",875700
85200,-1500,200,"sd","11:27:29",874700
85300,-1400,200,"bu","11:27:26",874500
85300,-1400,100,"bu","11:27:16",874300
85300,-1400,300,"bu","11:26:59",874200
85300,-1400,1100,"bu","11:26:59",873900
85300,-1400,300,"bu","11:26:59",872800
85200,-1500,300,"bu","11:26:59",872500
85100,-1600,100,"sd","11:26:57",872200
85200,-1500,1000,"bu","11:26:55",872100
85200,-1500,100,"sd","11:26:23",871100
85200,-1500,600,"sd","11:26:23",871000
85200,-1500,200,"sd","11:26:22",870400
85200,-1500,200,"sd","11:26:22",870200
85200,-1500,100,"sd","11:26:22",870000
85200,-1500,200,"sd","11:26:20",869900
85200,-1500,100,"sd","11:26:20",869700
85200,-1500,100,"sd","11:26:20",869600
85200,-1500,100,"sd","11:26:20",869500
85200,-1500,100,"sd","11:26:15",869400
85200,-1500,100,"sd","11:26:13",869300
85200,-1500,100,"sd","11:26:13",869200
85200,-1500,1000,"sd","11:26:13",869100
85200,-1500,100,"sd","11:26:11",868100
85200,-1500,800,"sd","11:26:11",868000
85200,-1500,200,"sd","11:26:09",867200
85200,-1500,1400,"sd","11:26:09",867000
85200,-1500,100,"sd","11:26:09",865600
85200,-1500,1000,"sd","11:26:09",865500
85200,-1500,100,"sd","11:26:09",864500
85200,-1500,900,"sd","11:26:09",864400
85200,-1500,100,"sd","11:26:09",863500
85300,-1400,100,"bu","11:26:01",863400
85200,-1500,1200,"sd","11:25:57",863300
85200,-1500,300,"sd","11:25:56",862100
85200,-1500,200,"sd","11:25:55",861800
85200,-1500,200,"sd","11:25:55",861600
85200,-1500,2500,"sd","11:25:55",861400
85200,-1500,1000,"sd","11:25:55",858900
85200,-1500,100,"sd","11:25:55",857900
85200,-1500,200,"sd","11:25:46",857800
85200,-1500,700,"sd","11:25:41",857600
85200,-1500,100,"sd","11:25:41",856900
85200,-1500,100,"sd","11:25:41",856800
85200,-1500,100,"sd","11:25:41",856700
85300,-1400,500,"bu","11:25:40",856600
85200,-1500,100,"sd","11:25:33",856100
85200,-1500,100,"sd","11:25:28",856000
85200,-1500,100,"sd","11:25:28",855900
85200,-1500,500,"sd","11:25:11",855800
85200,-1500,300,"sd","11:25:11",855300
85200,-1500,200,"sd","11:25:11",855000
85200,-1500,200,"sd","11:25:11",854800
85200,-1500,300,"sd","11:25:06",854600
85200,-1500,500,"sd","11:25:06",854300
85200,-1500,500,"sd","11:25:06",853800
85200,-1500,200,"sd","11:25:06",853300
85200,-1500,100,"sd","11:25:06",853100
85200,-1500,300,"sd","11:25:06",853000
85200,-1500,1000,"sd","11:25:06",852700
85200,-1500,100,"sd","11:25:06",851700
85200,-1500,300,"sd","11:25:06",851600
85200,-1500,300,"sd","11:25:06",851300
85200,-1500,200,"sd","11:25:06",851000
85200,-1500,100,"sd","11:24:50",850800
85300,-1400,100,"bu","11:24:35",850700
85200,-1500,200,"sd","11:24:32",850600
85200,-1500,300,"sd","11:24:32",850400
85200,-1500,1500,"sd","11:24:32",850100
85200,-1500,100,"sd","11:24:09",848600
85300,-1400,200,"bu","11:24:05",848500
85300,-1400,100,"bu","11:24:05",848300
85300,-1400,100,"bu","11:23:54",848200
85300,-1400,1000,"bu","11:23:27",848100
85200,-1500,100,"sd","11:23:27",847100
85200,-1500,100,"sd","11:22:44",847000
85300,-1400,1000,"bu","11:22:22",846900
85300,-1400,1000,"bu","11:22:05",845900
85200,-1500,100,"sd","11:22:02",844900
85300,-1400,100,"bu","11:21:55",844800
85300,-1400,100,"bu","11:21:38",844700
85200,-1500,500,"sd","11:21:31",844600
85200,-1500,1600,"sd","11:21:27",844100
85200,-1500,100,"sd","11:21:20",842500
85300,-1400,100,"bu","11:21:11",842400
85300,-1400,100,"bu","11:20:53",842300
85200,-1500,100,"sd","11:20:38",842200
85300,-1400,100,"bu","11:20:32",842100
85200,-1500,600,"sd","11:20:27",842000
85300,-1400,100,"bu","11:20:23",841400
85300,-1400,800,"bu","11:20:09",841300
85300,-1400,1000,"bu","11:20:09",840500
85300,-1400,200,"bu","11:20:09",839500
85200,-1500,100,"sd","11:19:56",839300
85300,-1400,300,"bu","11:19:53",839200
85300,-1400,200,"bu","11:19:53",838900
85300,-1400,200,"bu","11:19:51",838700
85300,-1400,100,"bu","11:19:46",838500
85300,-1400,500,"bu","11:19:41",838400
85300,-1400,600,"bu","11:19:30",837900
85300,-1400,200,"bu","11:19:30",837300
85200,-1500,100,"sd","11:19:14",837100
85200,-1500,200,"sd","11:19:10",837000
85200,-1500,100,"sd","11:19:10",836800
85200,-1500,100,"sd","11:19:10",836700
85200,-1500,100,"sd","11:19:10",836600
85200,-1500,900,"sd","11:19:06",836500
85200,-1500,700,"sd","11:19:06",835600
85300,-1400,100,"bu","11:18:57",834900
85200,-1500,1100,"sd","11:18:47",834800
85300,-1400,100,"bu","11:18:38",833700
85200,-1500,100,"sd","11:18:32",833600
85300,-1400,100,"sd","11:18:31",833500
85300,-1400,400,"sd","11:18:28",833400
85300,-1400,500,"sd","11:18:28",833000
85300,-1400,700,"sd","11:18:28",832500
85300,-1400,300,"sd","11:18:27",831800
85300,-1400,800,"sd","11:18:27",831500
85300,-1400,200,"sd","11:17:53",830700
85300,-1400,100,"sd","11:17:53",830500
85300,-1400,500,"sd","11:17:53",830400
85300,-1400,100,"sd","11:17:53",829900
85300,-1400,200,"sd","11:17:53",829800
85300,-1400,100,"sd","11:17:50",829600
85400,-1300,100,"bu","11:17:47",829500
85300,-1400,200,"sd","11:17:34",829400
85300,-1400,200,"sd","11:17:32",829200
85300,-1400,600,"sd","11:17:32",829000
85300,-1400,200,"sd","11:17:26",828400
85300,-1400,800,"sd","11:17:23",828200
85300,-1400,400,"sd","11:17:18",827400
85300,-1400,100,"sd","11:17:08",827000
85400,-1300,400,"bu","11:16:58",826900
85400,-1300,1600,"bu","11:16:57",826500
85400,-1300,500,"bu","11:16:57",824900
85400,-1300,100,"bu","11:16:57",824400
85300,-1400,400,"bu","11:16:57",824300
85300,-1400,100,"sd","11:16:51",823900
85300,-1400,100,"sd","11:16:26",823800
85300,-1400,100,"bu","11:16:24",823700
85300,-1400,100,"bu","11:16:23",823600
85300,-1400,900,"bu","11:16:13",823500
85300,-1400,100,"bu","11:16:13",822600
85300,-1400,1600,"bu","11:16:02",822500
85300,-1400,500,"bu","11:16:02",820900
85300,-1400,1100,"bu","11:16:02",820400
85300,-1400,1500,"bu","11:16:02",819300
85300,-1400,300,"bu","11:16:02",817800
85300,-1400,500,"bu","11:16:02",817500
85200,-1500,100,"sd","11:15:44",817000
85200,-1500,200,"sd","11:15:31",816900
85300,-1400,500,"bu","11:15:31",816700
85200,-1500,100,"sd","11:15:26",816200
85200,-1500,100,"sd","11:15:02",816100
85200,-1500,600,"sd","11:15:01",816000
85200,-1500,500,"sd","11:14:41",815400
85200,-1500,1600,"sd","11:14:39",814900
85200,-1500,500,"sd","11:14:34",813300
85200,-1500,1600,"sd","11:14:31",812800
85200,-1500,500,"bu","11:14:25",811200
85200,-1500,1600,"bu","11:14:25",810700
85200,-1500,700,"bu","11:14:25",809100
85200,-1500,200,"bu","11:14:24",808400
85100,-1600,100,"sd","11:14:21",808200
85200,-1500,100,"bu","11:14:10",808100
85200,-1500,100,"bu","11:14:00",808000
85100,-1600,500,"sd","11:13:55",807900
85100,-1600,100,"sd","11:13:55",807400
85100,-1600,1000,"sd","11:13:55",807300
85200,-1500,1000,"bu","11:13:54",806300
85200,-1500,500,"bu","11:13:45",805300
85200,-1500,300,"sd","11:13:42",804800
85200,-1500,2000,"sd","11:13:42",804500
85200,-1500,100,"sd","11:13:42",802500
85200,-1500,200,"sd","11:13:42",802400
85200,-1500,500,"sd","11:13:42",802200
85200,-1500,100,"sd","11:13:42",801700
85200,-1500,100,"sd","11:13:42",801600
85200,-1500,100,"sd","11:13:42",801500
85200,-1500,100,"sd","11:13:42",801400
85200,-1500,100,"sd","11:13:42",801300
85200,-1500,300,"sd","11:13:42",801200
85200,-1500,500,"sd","11:13:42",800900
85200,-1500,100,"sd","11:13:42",800400
85200,-1500,2000,"sd","11:13:42",800300
85200,-1500,300,"sd","11:13:42",798300
85200,-1500,100,"sd","11:13:42",798000
85200,-1500,10500,"sd","11:13:42",797900
85200,-1500,2000,"sd","11:13:42",787400
85200,-1500,900,"sd","11:13:42",785400
85200,-1500,300,"sd","11:13:42",784500
85300,-1400,100,"sd","11:13:42",784200
85200,-1500,100,"sd","11:13:42",784100
85300,-1400,500,"sd","11:13:42",784000
85200,-1500,500,"sd","11:13:42",783500
85300,-1400,500,"sd","11:13:42",783000
85300,-1400,2000,"sd","11:13:42",782500
85200,-1500,2000,"sd","11:13:42",780500
85200,-1500,100,"sd","11:13:42",778500
85200,-1500,1000,"sd","11:13:42",778400
85300,-1400,100,"sd","11:13:38",777400
85300,-1400,500,"bu","11:13:34",777300
85300,-1400,1600,"bu","11:13:34",776800
85300,-1400,800,"bu","11:13:34",775200
85300,-1400,200,"bu","11:13:28",774400
85300,-1400,100,"bu","11:13:12",774200
85300,-1400,400,"bu","11:13:12",774100
85200,-1500,100,"sd","11:12:57",773700
85200,-1500,100,"sd","11:12:54",773600
85200,-1500,1500,"sd","11:12:39",773500
85300,-1400,100,"bu","11:12:26",772000
85200,-1500,100,"sd","11:12:15",771900
85300,-1400,500,"bu","11:12:10",771800
85200,-1500,1100,"sd","11:12:09",771300
85200,-1500,500,"sd","11:12:09",770200
85200,-1500,800,"sd","11:12:09",769700
85200,-1500,100,"sd","11:12:09",768900
85200,-1500,500,"sd","11:12:09",768800
85300,-1400,100,"bu","11:12:05",768300
85300,-1400,500,"bu","11:12:01",768200
85300,-1400,300,"sd","11:11:57",767700
85300,-1400,100,"sd","11:11:57",767400
85300,-1400,6900,"sd","11:11:57",767300
85300,-1400,1100,"sd","11:11:50",760400
85300,-1400,500,"sd","11:11:48",759300
85300,-1400,1500,"bu","11:11:47",758800
85300,-1400,100,"sd","11:11:44",757300
85300,-1400,1400,"sd","11:11:40",757200
85300,-1400,300,"sd","11:11:40",755800
85300,-1400,300,"sd","11:11:40",755500
85300,-1400,100,"sd","11:11:40",755200
85300,-1400,100,"sd","11:11:40",755100
85300,-1400,500,"sd","11:11:40",755000
85300,-1400,100,"sd","11:11:40",754500
85300,-1400,2000,"sd","11:11:40",754400
85300,-1400,400,"sd","11:11:40",752400
85300,-1400,100,"sd","11:11:40",752000
85300,-1400,300,"sd","11:11:40",751900
85300,-1400,200,"sd","11:11:39",751600
85300,-1400,100,"sd","11:11:39",751400
85300,-1400,100,"sd","11:11:39",751300
85300,-1400,100,"sd","11:11:39",751200
85300,-1400,100,"sd","11:11:39",751100
85300,-1400,500,"sd","11:11:39",751000
85300,-1400,100,"sd","11:11:39",750500
85300,-1400,200,"sd","11:11:39",750400
85300,-1400,100,"sd","11:11:39",750200
85300,-1400,200,"sd","11:11:39",750100
85300,-1400,100,"sd","11:11:39",749900
85300,-1400,1000,"sd","11:11:39",749800
85300,-1400,500,"sd","11:11:39",748800
85300,-1400,2700,"sd","11:11:39",748300
85300,-1400,100,"sd","11:11:33",745600
85400,-1300,1500,"bu","11:11:30",745500
85400,-1300,500,"bu","11:11:30",744000
85400,-1300,500,"bu","11:11:30",743500
85400,-1300,1000,"bu","11:11:22",743000
85400,-1300,100,"bu","11:11:07",742000
85300,-1400,1100,"sd","11:11:01",741900
85300,-1400,1500,"sd","11:11:01",740800
85400,-1300,100,"bu","11:11:00",739300
85300,-1400,500,"sd","11:10:58",739200
85300,-1400,100,"sd","11:10:56",738700
85300,-1400,1600,"sd","11:10:55",738600
85400,-1300,100,"bu","11:10:54",737000
85300,-1400,1100,"sd","11:10:51",736900
85300,-1400,100,"sd","11:10:51",735800
85400,-1300,300,"bu","11:10:49",735700
85400,-1300,100,"bu","11:10:49",735400
85300,-1400,1100,"sd","11:10:41",735300
85400,-1300,400,"sd","11:10:30",734200
85400,-1300,100,"sd","11:10:09",733800
85300,-1400,100,"sd","11:09:28",733700
85300,-1400,100,"sd","11:09:06",733600
85300,-1400,400,"sd","11:09:06",733500
85300,-1400,100,"sd","11:08:52",733100
85300,-1400,100,"sd","11:08:52",733000
85300,-1400,800,"sd","11:08:49",732900
85300,-1400,100,"sd","11:08:46",732100
85400,-1300,200,"sd","11:08:43",732000
85300,-1400,300,"sd","11:08:40",731800
85300,-1400,500,"sd","11:08:40",731500
85300,-1400,1000,"sd","11:08:30",731000
85300,-1400,100,"sd","11:08:29",730000
85300,-1400,100,"sd","11:08:29",729900
85300,-1400,100,"sd","11:08:29",729800
85400,-1300,1000,"sd","11:08:29",729700
85400,-1300,100,"sd","11:08:29",728700
85400,-1300,100,"sd","11:08:29",728600
85400,-1300,1000,"sd","11:08:29",728500
85400,-1300,200,"sd","11:08:29",727500
85400,-1300,500,"sd","11:08:29",727300
85400,-1300,200,"sd","11:08:29",726800
85400,-1300,200,"sd","11:08:29",726600
85400,-1300,500,"sd","11:08:29",726400
85400,-1300,100,"sd","11:08:29",725900
85400,-1300,4800,"sd","11:08:29",725800
85400,-1300,1200,"sd","11:08:22",721000
85400,-1300,3800,"sd","11:08:19",719800
85400,-1300,200,"sd","11:08:14",716000
85400,-1300,300,"sd","11:08:14",715800
85400,-1300,700,"sd","11:08:11",715500
85400,-1300,900,"sd","11:08:11",714800
85400,-1300,100,"sd","11:08:04",713900
85500,-1200,500,"bu","11:07:58",713800
85500,-1200,1000,"bu","11:07:47",713300
85500,-1200,100,"sd","11:07:46",712300
85500,-1200,1000,"sd","11:07:46",712200
85500,-1200,100,"sd","11:07:46",711200
85500,-1200,1000,"sd","11:07:46",711100
85500,-1200,300,"sd","11:07:46",710100
85500,-1200,5000,"sd","11:07:46",709800
85500,-1200,700,"sd","11:07:46",704800
85500,-1200,300,"sd","11:07:46",704100
85500,-1200,1000,"sd","11:07:46",703800
85500,-1200,2000,"sd","11:07:46",702800
85500,-1200,100,"sd","11:07:46",700800
85500,-1200,500,"sd","11:07:46",700700
85500,-1200,100,"sd","11:07:46",700200
85500,-1200,100,"sd","11:07:46",700100
85500,-1200,200,"sd","11:07:46",700000
85500,-1200,500,"sd","11:07:46",699800
85500,-1200,500,"sd","11:07:46",699300
85500,-1200,200,"sd","11:07:46",698800
85600,-1100,100,"sd","11:07:46",698600
85500,-1200,100,"sd","11:07:46",698500
85600,-1100,300,"sd","11:07:46",698400
85500,-1200,200,"sd","11:07:46",698100
85600,-1100,2300,"sd","11:07:46",697900
85600,-1100,500,"sd","11:07:46",695600
85500,-1200,200,"sd","11:07:46",695100
85600,-1100,2600,"sd","11:07:46",694900
85500,-1200,3100,"sd","11:07:46",692300
85600,-1100,500,"sd","11:07:46",689200
85500,-1200,100,"sd","11:07:46",688700
85500,-1200,300,"sd","11:07:46",688600
85500,-1200,300,"sd","11:07:46",688300
85600,-1100,700,"sd","11:07:46",688000
85500,-1200,100,"sd","11:07:46",687300
85600,-1100,100,"sd","11:07:46",687200
85500,-1200,1000,"sd","11:07:46",687100
85500,-1200,500,"sd","11:07:46",686100
85600,-1100,100,"sd","11:07:46",685600
85500,-1200,100,"sd","11:07:46",685500
85600,-1100,1000,"sd","11:07:46",685400
85500,-1200,300,"sd","11:07:46",684400
85600,-1100,100,"sd","11:07:46",684100
85500,-1200,1000,"sd","11:07:46",684000
85500,-1200,500,"sd","11:07:46",683000
85600,-1100,600,"sd","11:07:46",682500
85500,-1200,6000,"sd","11:07:46",681900
85500,-1200,200,"sd","11:07:46",675900
85600,-1100,5000,"sd","11:07:46",675700
85600,-1100,100,"sd","11:07:46",670700
85600,-1100,100,"sd","11:07:46",670600
85600,-1100,400,"sd","11:07:46",670500
85600,-1100,200,"sd","11:07:46",670100
85600,-1100,100,"sd","11:07:46",669900
85600,-1100,100,"sd","11:07:46",669800
85600,-1100,700,"sd","11:07:46",669700
85600,-1100,100,"sd","11:07:46",669000
85600,-1100,200,"sd","11:07:46",668900
85600,-1100,600,"sd","11:07:46",668700
85600,-1100,300,"sd","11:07:46",668100
85600,-1100,100,"sd","11:07:46",667800
85600,-1100,100,"sd","11:07:46",667700
85600,-1100,1600,"sd","11:07:46",667600
85600,-1100,100,"sd","11:07:46",666000
85600,-1100,400,"sd","11:07:46",665900
85600,-1100,300,"sd","11:07:46",665500
85600,-1100,200,"sd","11:07:46",665200
85600,-1100,200,"sd","11:07:46",665000
85600,-1100,1000,"sd","11:07:46",664800
85600,-1100,100,"sd","11:07:46",663800
85600,-1100,500,"sd","11:07:46",663700
85600,-1100,100,"sd","11:07:46",663200
85600,-1100,3300,"sd","11:07:46",663100
85600,-1100,1700,"sd","11:07:39",659800
85600,-1100,100,"sd","11:07:39",658100
85600,-1100,200,"sd","11:07:39",658000
85700,-1000,100,"bu","11:07:36",657800
85600,-1100,100,"sd","11:07:22",657700
85700,-1000,600,"bu","11:07:05",657600
85700,-1000,400,"bu","11:07:05",657000
85600,-1100,100,"sd","11:06:41",656600
85600,-1100,600,"sd","11:06:20",656500
85600,-1100,100,"sd","11:06:20",655900
85600,-1100,100,"sd","11:06:20",655800
85600,-1100,100,"sd","11:06:20",655700
85600,-1100,700,"sd","11:06:20",655600
85600,-1100,100,"sd","11:05:59",654900
85600,-1100,500,"sd","11:05:58",654800
85600,-1100,1600,"sd","11:05:55",654300
85700,-1000,100,"bu","11:05:37",652700
85600,-1100,100,"sd","11:05:30",652600
85700,-1000,400,"bu","11:05:23",652500
85700,-1000,600,"bu","11:05:23",652100
85600,-1100,100,"sd","11:05:17",651500
85700,-1000,200,"bu","11:05:17",651400
85700,-1000,300,"bu","11:04:58",651200
85700,-1000,200,"bu","11:04:58",650900
85700,-1000,500,"bu","11:04:54",650700
85700,-1000,500,"bu","11:04:54",650200
85600,-1100,100,"sd","11:04:36",649700
85700,-1000,300,"bu","11:04:29",649600
85700,-1000,100,"bu","11:04:12",649300
85600,-1100,300,"sd","11:04:09",649200
85600,-1100,100,"sd","11:03:54",648900
85600,-1100,500,"sd","11:03:48",648800
85600,-1100,1600,"sd","11:03:45",648300
85600,-1100,100,"sd","11:03:12",646700
85700,-1000,100,"bu","11:02:53",646600
85700,-1000,100,"bu","11:02:52",646500
85700,-1000,1100,"bu","11:02:52",646400
85700,-1000,500,"bu","11:02:52",645300
85700,-1000,1500,"bu","11:02:52",644800
85700,-1000,1100,"bu","11:02:52",643300
85700,-1000,200,"bu","11:02:52",642200
85700,-1000,500,"bu","11:02:52",642000
85700,-1000,100,"bu","11:02:36",641500
85600,-1100,100,"sd","11:02:31",641400
85700,-1000,500,"bu","11:02:03",641300
85700,-1000,900,"bu","11:02:02",640800
85600,-1100,100,"sd","11:01:49",639900
85700,-1000,100,"bu","11:01:40",639800
85700,-1000,400,"bu","11:01:17",639700
85600,-1100,100,"sd","11:01:08",639300
85700,-1000,100,"bu","11:01:04",639200
85700,-1000,100,"bu","11:01:04",639100
85700,-1000,1000,"bu","11:00:53",639000
85700,-1000,100,"bu","11:00:49",638000
85700,-1000,200,"bu","11:00:49",637900
85700,-1000,100,"bu","11:00:48",637700
85700,-1000,100,"bu","11:00:48",637600
85700,-1000,600,"bu","11:00:44",637500
85700,-1000,400,"bu","11:00:44",636900
85700,-1000,300,"bu","11:00:41",636500
85600,-1100,100,"sd","11:00:26",636200
85700,-1000,100,"bu","11:00:12",636100
85700,-1000,100,"bu","11:00:03",636000
85600,-1100,500,"sd","10:59:50",635900
85600,-1100,1600,"sd","10:59:46",635400
85600,-1100,100,"sd","10:59:45",633800
85700,-1000,100,"bu","10:59:32",633700
85700,-1000,100,"bu","10:59:23",633600
85700,-1000,100,"bu","10:59:17",633500
85600,-1100,100,"sd","10:59:07",633400
85600,-1100,100,"sd","10:59:03",633300
85600,-1100,500,"sd","10:58:55",633200
85600,-1100,900,"sd","10:58:52",632700
85600,-1100,100,"sd","10:58:52",631800
85600,-1100,500,"sd","10:58:52",631700
85600,-1100,100,"sd","10:58:21",631200
85600,-1100,300,"sd","10:57:59",631100
85600,-1100,100,"sd","10:57:40",630800
85700,-1000,100,"bu","10:57:36",630700
85700,-1000,100,"bu","10:57:24",630600
85700,-1000,300,"bu","10:57:24",630500
85600,-1100,100,"sd","10:57:24",630200
85600,-1100,200,"sd","10:57:24",630100
85600,-1100,100,"sd","10:56:59",629900
85600,-1100,100,"sd","10:56:17",629800
85600,-1100,100,"sd","10:55:56",629700
85600,-1100,100,"sd","10:55:36",629600
85600,-1100,400,"sd","10:55:28",629500
85600,-1100,300,"sd","10:55:28",629100
85600,-1100,100,"sd","10:55:09",628800
85600,-1100,100,"sd","10:54:54",628700
85700,-1000,100,"bu","10:54:52",628600
85700,-1000,100,"bu","10:54:26",628500
85600,-1100,100,"sd","10:54:13",628400
85700,-1000,100,"bu","10:54:02",628300
85600,-1100,100,"sd","10:53:38",628200
85600,-1100,100,"sd","10:53:31",628100
85600,-1100,100,"sd","10:53:21",628000
85600,-1100,300,"sd","10:53:05",627900
85600,-1100,300,"sd","10:53:03",627600
85600,-1100,100,"sd","10:52:50",627300
85700,-1000,100,"bu","10:52:40",627200
85700,-1000,300,"bu","10:52:34",627100
85600,-1100,100,"sd","10:52:08",626800
85700,-1000,1000,"bu","10:52:04",626700
85700,-1000,600,"bu","10:51:56",625700
85700,-1000,600,"bu","10:51:56",625100
85700,-1000,200,"bu","10:51:49",624500
85700,-1000,800,"bu","10:51:39",624300
85700,-1000,200,"bu","10:51:39",623500
85700,-1000,100,"bu","10:51:37",623300
85600,-1100,100,"sd","10:51:27",623200
85600,-1100,2000,"sd","10:51:24",623100
85600,-1100,2100,"sd","10:51:14",621100
85700,-1000,100,"bu","10:51:04",619000
85600,-1100,100,"sd","10:50:46",618900
85700,-1000,200,"bu","10:50:37",618800
85700,-1000,100,"bu","10:50:31",618600
85700,-1000,100,"sd","10:50:09",618500
85700,-1000,500,"sd","10:50:09",618400
85700,-1000,1000,"sd","10:50:09",617900
85700,-1000,1400,"sd","10:50:09",616900
85700,-1000,300,"sd","10:50:09",615500
85700,-1000,100,"sd","10:50:04",615200
85700,-1000,600,"sd","10:49:57",615100
85700,-1000,100,"sd","10:49:57",614500
85700,-1000,500,"sd","10:49:57",614400
85700,-1000,1500,"sd","10:49:47",613900
85700,-1000,2000,"sd","10:49:47",612400
85700,-1000,200,"sd","10:49:47",610400
85700,-1000,100,"sd","10:49:47",610200
85700,-1000,900,"sd","10:49:44",610100
85700,-1000,300,"sd","10:49:44",609200
85800,-900,100,"bu","10:49:42",608900
85700,-1000,1700,"sd","10:49:27",608800
85700,-1000,1000,"sd","10:49:27",607100
85700,-1000,1000,"sd","10:49:27",606100
85700,-1000,100,"sd","10:49:27",605100
85700,-1000,100,"sd","10:49:23",605000
85700,-1000,300,"sd","10:49:23",604900
85700,-1000,900,"sd","10:49:23",604600
85700,-1000,2100,"sd","10:49:19",603700
85700,-1000,200,"sd","10:49:19",601600
85700,-1000,1500,"sd","10:49:19",601400
85700,-1000,1200,"sd","10:49:15",599900
85800,-900,100,"bu","10:49:08",598700
85700,-1000,100,"sd","10:48:42",598600
85700,-1000,100,"sd","10:48:00",598500
85700,-1000,100,"bu","10:47:40",598400
85700,-1000,2000,"bu","10:47:40",598300
85700,-1000,200,"bu","10:47:24",596300
85600,-1100,100,"sd","10:47:19",596100
85700,-1000,500,"bu","10:47:17",596000
85700,-1000,100,"bu","10:47:13",595500
85700,-1000,500,"bu","10:47:06",595400
85700,-1000,1000,"bu","10:47:02",594900
85700,-1000,700,"bu","10:47:02",593900
85700,-1000,300,"bu","10:47:02",593200
85700,-1000,400,"bu","10:46:52",592900
85700,-1000,100,"bu","10:46:52",592500
85600,-1100,200,"sd","10:46:47",592400
85600,-1100,100,"sd","10:46:38",592200
85700,-1000,900,"bu","10:46:13",592100
85700,-1000,100,"bu","10:46:13",591200
85700,-1000,200,"bu","10:46:13",591100
85700,-1000,800,"bu","10:46:13",590900
85700,-1000,1700,"bu","10:46:02",590100
85700,-1000,1300,"bu","10:45:59",588400
85700,-1000,500,"bu","10:45:59",587100
85600,-1100,100,"sd","10:45:57",586600
85700,-1000,100,"bu","10:45:17",586500
85600,-1100,100,"sd","10:45:15",586400
85700,-1000,600,"bu","10:44:52",586300
85700,-1000,400,"bu","10:44:52",585700
85700,-1000,1000,"bu","10:44:42",585300
85700,-1000,1000,"bu","10:44:36",584300
85600,-1100,100,"sd","10:44:34",583300
85700,-1000,1400,"bu","10:44:28",583200
85700,-1000,500,"bu","10:44:28",581800
85700,-1000,1200,"bu","10:44:28",581300
85700,-1000,1900,"bu","10:44:28",580100
85700,-1000,500,"bu","10:44:07",578200
85700,-1000,500,"bu","10:43:59",577700
85600,-1100,100,"sd","10:43:53",577200
85700,-1000,100,"bu","10:43:49",577100
85700,-1000,100,"bu","10:43:47",577000
85700,-1000,100,"bu","10:43:37",576900
85600,-1100,100,"sd","10:43:23",576800
85700,-1000,100,"bu","10:43:20",576700
85600,-1100,100,"sd","10:43:12",576600
85700,-1000,100,"bu","10:42:57",576500
85600,-1100,100,"sd","10:42:31",576400
85700,-1000,400,"bu","10:42:20",576300
85700,-1000,600,"bu","10:42:20",575900
85600,-1100,2900,"sd","10:41:54",575300
85600,-1100,100,"sd","10:41:54",572400
85600,-1100,100,"sd","10:41:54",572300
85600,-1100,500,"sd","10:41:54",572200
85600,-1100,500,"sd","10:41:54",571700
85600,-1100,5900,"sd","10:41:54",571200
85600,-1100,100,"sd","10:41:49",565300
85700,-1000,500,"bu","10:41:33",565200
85600,-1100,100,"sd","10:41:08",564700
85700,-1000,100,"bu","10:40:58",564600
85700,-1000,100,"bu","10:40:31",564500
85600,-1100,100,"sd","10:40:27",564400
85800,-900,100,"bu","10:40:25",564300
85700,-1000,100,"unknown","10:40:13",564200
85700,-1000,100,"sd","10:40:02",564100
85700,-1000,5000,"sd","10:40:02",564000
85700,-1000,100,"sd","10:40:02",559000
85700,-1000,1000,"sd","10:40:02",558900
85700,-1000,500,"sd","10:40:02",557900
85700,-1000,100,"sd","10:40:02",557400
85700,-1000,2000,"sd","10:40:02",557300
85700,-1000,1000,"sd","10:40:01",555300
85700,-1000,2000,"sd","10:40:01",554300
85700,-1000,2000,"sd","10:40:01",552300
85700,-1000,100,"sd","10:40:01",550300
85700,-1000,100,"sd","10:40:01",550200
85700,-1000,1000,"sd","10:40:01",550100
85700,-1000,1900,"sd","10:40:01",549100
85700,-1000,100,"sd","10:39:46",547200
85700,-1000,500,"sd","10:39:17",547100
85800,-900,900,"bu","10:39:07",546600
85800,-900,100,"bu","10:39:07",545700
85700,-1000,100,"sd","10:39:05",545600
85800,-900,100,"bu","10:38:38",545500
85800,-900,300,"bu","10:38:38",545400
85800,-900,400,"bu","10:38:38",545100
85800,-900,200,"bu","10:38:38",544700
85700,-1000,100,"sd","10:38:24",544500
85700,-1000,300,"sd","10:38:06",544400
85700,-1000,100,"sd","10:37:42",544100
85800,-900,300,"bu","10:37:37",544000
85800,-900,500,"bu","10:37:37",543700
85800,-900,200,"bu","10:37:37",543200
85800,-900,300,"bu","10:37:33",543000
85800,-900,700,"bu","10:37:33",542700
85700,-1000,200,"sd","10:37:27",542000
85700,-1000,100,"sd","10:37:02",541800
85800,-900,200,"bu","10:37:01",541700
85800,-900,500,"bu","10:36:51",541500
85800,-900,1000,"bu","10:36:39",541000
85800,-900,1400,"bu","10:36:28",540000
85800,-900,600,"bu","10:36:28",538600
85700,-1000,100,"sd","10:36:20",538000
85800,-900,600,"bu","10:36:17",537900
85800,-900,400,"bu","10:36:17",537300
85700,-1000,100,"sd","10:35:40",536900
85800,-900,100,"bu","10:35:33",536800
85800,-900,900,"bu","10:35:33",536700
85800,-900,600,"bu","10:35:30",535800
85800,-900,400,"bu","10:35:30",535200
85800,-900,500,"bu","10:35:12",534800
85700,-1000,600,"sd","10:35:09",534300
85800,-900,100,"bu","10:35:03",533700
85700,-1000,300,"sd","10:35:00",533600
85700,-1000,200,"sd","10:35:00",533300
85700,-1000,100,"sd","10:34:59",533100
85700,-1000,100,"sd","10:34:45",533000
85700,-1000,100,"sd","10:34:45",532900
85700,-1000,100,"sd","10:34:18",532800
85700,-1000,100,"sd","10:34:09",532700
85700,-1000,700,"bu","10:34:05",532600
85700,-1000,1000,"bu","10:33:54",531900
85700,-1000,500,"sd","10:33:50",530900
85700,-1000,1000,"sd","10:33:50",530400
85700,-1000,4200,"sd","10:33:50",529400
85700,-1000,2600,"sd","10:33:50",525200
85700,-1000,100,"sd","10:33:39",522600
85800,-900,100,"bu","10:33:37",522500
85700,-1000,100,"sd","10:33:36",522400
85700,-1000,500,"sd","10:33:31",522300
85700,-1000,400,"sd","10:33:30",521800
85800,-900,500,"bu","10:33:22",521400
85700,-1000,3300,"bu","10:32:58",520900
85600,-1100,100,"sd","10:32:55",517600
85700,-1000,500,"bu","10:32:53",517500
85700,-1000,1200,"bu","10:32:53",517000
85700,-1000,300,"bu","10:32:53",515800
85700,-1000,200,"bu","10:32:51",515500
85700,-1000,300,"bu","10:32:51",515300
85700,-1000,500,"bu","10:32:43",515000
85700,-1000,10000,"bu","10:32:38",514500
85600,-1100,3700,"sd","10:32:24",504500
85600,-1100,100,"sd","10:32:24",500800
85600,-1100,400,"sd","10:32:21",500700
85600,-1100,800,"sd","10:32:21",500300
85600,-1100,100,"sd","10:32:14",499500
85600,-1100,100,"sd","10:32:11",499400
85600,-1100,100,"sd","10:32:08",499300
85600,-1100,500,"sd","10:32:08",499200
85600,-1100,400,"sd","10:32:08",498700
85700,-1000,100,"bu","10:32:00",498300
85600,-1100,100,"sd","10:31:52",498200
85600,-1100,900,"sd","10:31:52",498100
85600,-1100,100,"sd","10:31:37",497200
85600,-1100,100,"sd","10:31:37",497100
85600,-1100,300,"sd","10:31:37",497000
85600,-1100,100,"sd","10:31:34",496700
85700,-1000,100,"bu","10:31:31",496600
85700,-1000,100,"bu","10:31:12",496500
85700,-1000,1000,"bu","10:31:12",496400
85700,-1000,1000,"bu","10:31:09",495400
85700,-1000,400,"bu","10:31:03",494400
85600,-1100,100,"sd","10:31:03",494000
85700,-1000,100,"sd","10:30:56",493900
85700,-1000,500,"sd","10:30:56",493800
85700,-1000,500,"sd","10:30:56",493300
85700,-1000,200,"sd","10:30:56",492800
85700,-1000,2000,"sd","10:30:56",492600
85700,-1000,2000,"sd","10:30:56",490600
85700,-1000,100,"sd","10:30:56",488600
85700,-1000,1100,"sd","10:30:56",488500
85700,-1000,100,"sd","10:30:56",487400
85700,-1000,200,"sd","10:30:56",487300
85700,-1000,400,"sd","10:30:56",487100
85700,-1000,200,"sd","10:30:56",486700
85700,-1000,200,"sd","10:30:56",486500
85700,-1000,500,"sd","10:30:56",486300
85700,-1000,800,"sd","10:30:56",485800
85700,-1000,1800,"sd","10:30:56",485000
85700,-1000,500,"sd","10:30:56",483200
85700,-1000,100,"sd","10:30:56",482700
85700,-1000,1000,"sd","10:30:56",482600
85700,-1000,100,"sd","10:30:56",481600
85700,-1000,100,"sd","10:30:56",481500
85700,-1000,500,"sd","10:30:56",481400
85700,-1000,100,"sd","10:30:56",480900
85700,-1000,100,"sd","10:30:56",480800
85700,-1000,100,"sd","10:30:56",480700
85700,-1000,100,"sd","10:30:56",480600
85700,-1000,100,"sd","10:30:56",480500
85700,-1000,5000,"sd","10:30:56",480400
85700,-1000,800,"sd","10:30:56",475400
85700,-1000,500,"sd","10:30:56",474600
85700,-1000,100,"sd","10:30:56",474100
85700,-1000,100,"sd","10:30:56",474000
85700,-1000,900,"sd","10:30:56",473900
85700,-1000,100,"sd","10:30:56",473000
85700,-1000,200,"sd","10:30:56",472900
85700,-1000,1000,"sd","10:30:56",472700
85700,-1000,4300,"sd","10:30:56",471700
85700,-1000,100,"sd","10:30:53",467400
85800,-900,1000,"bu","10:30:47",467300
85800,-900,1000,"bu","10:30:39",466300
85800,-900,100,"bu","10:30:37",465300
85700,-1000,4000,"sd","10:30:37",465200
85800,-900,100,"bu","10:30:37",461200
85800,-900,900,"bu","10:30:37",461100
85800,-900,100,"bu","10:30:30",460200
85800,-900,100,"bu","10:30:14",460100
85700,-1000,100,"sd","10:30:12",460000
85800,-900,100,"bu","10:30:03",459900
85800,-900,500,"bu","10:29:48",459800
85800,-900,500,"bu","10:29:48",459300
85800,-900,1000,"bu","10:29:45",458800
85700,-1000,100,"sd","10:29:39",457800
85700,-1000,100,"sd","10:29:31",457700
85700,-1000,500,"sd","10:29:02",457600
85700,-1000,100,"sd","10:28:50",457100
85700,-1000,100,"sd","10:28:27",457000
85700,-1000,100,"sd","10:28:09",456900
85700,-1000,500,"sd","10:27:53",456800
85700,-1000,300,"sd","10:27:53",456300
85800,-900,100,"sd","10:27:53",456000
85800,-900,200,"sd","10:27:53",455900
85800,-900,400,"sd","10:27:53",455700
85800,-900,100,"sd","10:27:28",455300
85900,-800,200,"bu","10:26:50",455200
85800,-900,100,"sd","10:26:47",455000
85800,-900,400,"sd","10:26:31",454900
85800,-900,100,"sd","10:26:31",454500
85800,-900,100,"sd","10:26:30",454400
85800,-900,100,"sd","10:26:15",454300
85800,-900,100,"sd","10:26:06",454200
85800,-900,600,"sd","10:25:53",454100
85800,-900,100,"sd","10:25:52",453500
85800,-900,1300,"sd","10:25:52",453400
85800,-900,1800,"sd","10:25:52",452100
85800,-900,200,"sd","10:25:45",450300
85800,-900,1000,"sd","10:25:45",450100
85800,-900,100,"sd","10:25:25",449100
85800,-900,100,"sd","10:25:23",449000
85800,-900,200,"sd","10:25:18",448900
85800,-900,200,"sd","10:25:01",448700
85800,-900,400,"bu","10:24:58",448500
85800,-900,300,"bu","10:24:57",448100
85800,-900,100,"bu","10:24:52",447800
85800,-900,200,"sd","10:24:48",447700
85800,-900,100,"sd","10:24:44",447500
85900,-800,100,"bu","10:24:43",447400
85800,-900,200,"bu","10:24:39",447300
85900,-800,100,"bu","10:24:36",447100
85800,-900,100,"bu","10:24:36",447000
85800,-900,300,"bu","10:24:36",446900
85800,-900,100,"bu","10:24:17",446600
85800,-900,200,"sd","10:24:12",446500
85800,-900,100,"sd","10:24:12",446300
85800,-900,1000,"sd","10:24:07",446200
85800,-900,800,"sd","10:24:07",445200
85800,-900,100,"sd","10:24:03",444400
85800,-900,500,"sd","10:23:51",444300
85800,-900,300,"sd","10:23:51",443800
85800,-900,100,"sd","10:23:41",443500
85800,-900,100,"sd","10:23:36",443400
85800,-900,1000,"sd","10:23:36",443300
85800,-900,600,"sd","10:23:36",442300
85800,-900,200,"sd","10:23:36",441700
85800,-900,100,"sd","10:23:36",441500
85800,-900,100,"sd","10:23:33",441400
85800,-900,400,"sd","10:23:32",441300
85800,-900,100,"sd","10:23:31",440900
85900,-800,100,"bu","10:23:26",440800
85800,-900,1500,"sd","10:23:24",440700
85800,-900,100,"sd","10:23:24",439200
85800,-900,1000,"sd","10:23:24",439100
85800,-900,100,"sd","10:23:24",438100
85800,-900,100,"sd","10:23:24",438000
85800,-900,1000,"sd","10:23:24",437900
85800,-900,100,"sd","10:23:23",436900
85800,-900,1100,"sd","10:23:21",436800
85800,-900,100,"sd","10:23:21",435700
85800,-900,100,"sd","10:23:16",435600
85800,-900,900,"sd","10:23:16",435500
85800,-900,1000,"sd","10:23:02",434600
85800,-900,300,"sd","10:22:52",433600
85800,-900,100,"sd","10:22:52",433300
85800,-900,100,"sd","10:22:52",433200
85800,-900,100,"sd","10:22:52",433100
85800,-900,400,"sd","10:22:52",433000
85800,-900,100,"sd","10:22:42",432600
85800,-900,100,"sd","10:22:24",432500
85800,-900,400,"sd","10:22:14",432400
85800,-900,600,"sd","10:22:14",432000
85800,-900,500,"sd","10:22:07",431400
85800,-900,500,"sd","10:22:04",430900
85800,-900,900,"sd","10:22:02",430400
85800,-900,400,"sd","10:22:02",429500
85800,-900,100,"sd","10:22:02",429100
85800,-900,500,"sd","10:21:59",429000
85800,-900,500,"sd","10:21:58",428500
85800,-900,100,"sd","10:21:58",428000
85800,-900,100,"sd","10:21:58",427900
85800,-900,100,"sd","10:21:54",427800
85800,-900,100,"sd","10:21:54",427700
85800,-900,100,"sd","10:21:54",427600
85800,-900,400,"sd","10:21:54",427500
85800,-900,100,"sd","10:21:51",427100
85800,-900,100,"sd","10:21:51",427000
