"price","change","match_qtty","side","time","total_vol"
81500,500,12700,"unknown","14:45:06",434600
81200,200,200,"bu","14:29:47",421900
81100,100,1000,"bu","14:29:22",421700
81000,0,300,"sd","14:29:19",420700
81100,100,3000,"bu","14:28:58",420400
81000,0,100,"bu","14:28:54",417400
81000,0,100,"bu","14:28:48",417300
81000,0,1000,"sd","14:28:27",417200
81000,0,500,"sd","14:28:27",416200
81000,0,100,"sd","14:28:27",415700
81000,0,100,"sd","14:28:27",415600
81000,0,500,"sd","14:28:27",415500
81000,0,3000,"sd","14:28:27",415000
81000,0,500,"sd","14:28:13",412000
81000,0,700,"sd","14:28:01",411500
81000,0,200,"sd","14:27:00",410800
81000,0,1100,"bu","14:27:00",410600
81000,0,100,"bu","14:26:56",409500
81000,0,300,"bu","14:26:55",409400
81000,0,200,"bu","14:26:55",409100
81000,0,200,"bu","14:26:49",408900
81000,0,700,"sd","14:26:36",408700
81000,0,2000,"sd","14:26:36",408000
81000,0,3000,"sd","14:26:36",406000
81000,0,100,"sd","14:26:36",403000
81000,0,100,"sd","14:26:36",402900
81000,0,500,"sd","14:26:36",402800
81000,0,100,"sd","14:26:36",402300
81000,0,3100,"sd","14:26:36",402200
81000,0,200,"sd","14:26:31",399100
81000,0,300,"sd","14:26:20",398900
81100,100,300,"sd","14:26:20",398600
81100,100,100,"sd","14:26:20",398300
81100,100,100,"sd","14:26:20",398200
81100,100,200,"sd","14:26:20",398100
81200,200,200,"bu","14:25:38",397900
81200,200,100,"bu","14:25:34",397700
81200,200,100,"bu","14:25:34",397600
81200,200,500,"bu","14:25:34",397500
81200,200,1000,"bu","14:25:34",397000
81200,200,400,"bu","14:25:34",396000
81200,200,600,"sd","14:25:34",395600
81200,200,100,"sd","14:25:34",395000
81300,300,700,"sd","14:25:34",394900
81400,400,1000,"bu","14:24:43",394200
81400,400,200,"bu","14:23:27",393200
81500,500,1600,"bu","14:21:44",393000
81400,400,100,"bu","14:21:44",391400
81400,400,1000,"bu","14:21:44",391300
81400,400,300,"bu","14:21:44",390300
81400,400,300,"bu","14:21:44",390000
81400,400,100,"bu","14:21:38",389700
81400,400,1000,"bu","14:21:23",389600
81300,300,1000,"bu","14:21:04",388600
81300,300,1000,"bu","14:21:04",387600
81300,300,500,"bu","14:21:04",386600
81300,300,1000,"bu","14:21:04",386100
81300,300,1700,"bu","14:21:04",385100
81300,300,2000,"bu","14:20:00",383400
81200,200,100,"sd","14:18:29",381400
81200,200,100,"sd","14:16:54",381300
81200,200,700,"sd","14:16:54",381200
81200,200,500,"sd","14:16:33",380500
81300,300,100,"bu","14:15:26",380000
81300,300,400,"bu","14:15:23",379900
81300,300,400,"sd","14:15:23",379500
81300,300,400,"sd","14:15:23",379100
81300,300,2200,"bu","14:14:46",378700
81300,300,300,"bu","14:14:19",376500
81300,300,100,"bu","14:14:18",376200
81300,300,2000,"bu","14:14:02",376100
81300,300,400,"bu","14:13:38",374100
81200,200,100,"sd","14:13:18",373700
81300,300,100,"bu","14:13:17",373600
81300,300,500,"bu","14:13:00",373500
81200,200,100,"bu","14:12:45",373000
81200,200,1000,"bu","14:12:45",372900
81200,200,100,"bu","14:12:45",371900
81200,200,100,"bu","14:12:45",371800
81200,200,200,"bu","14:12:45",371700
81100,100,200,"bu","14:12:10",371500
81100,100,100,"bu","14:12:10",371300
81100,100,100,"bu","14:12:02",371200
81100,100,100,"bu","14:12:02",371100
81100,100,100,"bu","14:12:01",371000
81100,100,700,"bu","14:12:01",370900
81000,0,2000,"bu","14:11:35",370200
81000,0,4400,"bu","14:11:35",368200
81000,0,100,"bu","14:11:32",363800
81000,0,2900,"bu","14:11:28",363700
81000,0,500,"bu","14:11:28",360800
81000,0,400,"bu","14:11:28",360300
81000,0,200,"bu","14:11:28",359900
81000,0,2000,"bu","14:11:28",359700
81000,0,4000,"bu","14:11:28",357700
81000,0,1000,"bu","14:09:50",353700
81000,0,100,"bu","14:08:40",352700
81000,0,500,"bu","14:07:54",352600
81000,0,200,"sd","14:07:43",352100
81000,0,200,"sd","14:07:43",351900
81000,0,100,"bu","14:07:16",351700
81000,0,300,"bu","14:07:16",351600
81000,0,200,"bu","14:07:15",351300
80900,-100,400,"sd","14:05:28",351100
81000,0,200,"sd","14:05:26",350700
81000,0,1000,"bu","14:05:08",350500
81000,0,200,"sd","14:04:36",349500
81000,0,700,"bu","14:04:22",349300
81000,0,500,"bu","14:04:22",348600
81000,0,2600,"bu","14:04:22",348100
81000,0,100,"sd","14:03:33",345500
81000,0,600,"sd","14:03:33",345400
81000,0,500,"sd","14:03:19",344800
81000,0,200,"sd","14:03:02",344300
81000,0,2000,"sd","14:03:02",344100
81000,0,2500,"sd","14:03:02",342100
81000,0,500,"sd","14:03:02",339600
81000,0,100,"sd","14:03:00",339100
81000,0,1900,"bu","14:02:29",339000
81000,0,500,"bu","14:02:29",337100
81000,0,2000,"bu","14:02:18",336600
81000,0,100,"bu","14:01:51",334600
81000,0,200,"bu","14:01:51",334500
80900,-100,300,"sd","14:00:51",334300
81000,0,800,"bu","14:00:23",334000
81000,0,200,"bu","14:00:23",333200
81000,0,300,"sd","13:59:53",333000
81000,0,2700,"sd","13:59:45",332700
81000,0,5900,"sd","13:59:45",330000
81000,0,100,"sd","13:59:45",324100
81000,0,900,"sd","13:59:45",324000
81000,0,400,"sd","13:59:45",323100
81000,0,600,"sd","13:59:20",322700
81000,0,400,"sd","13:59:20",322100
81000,0,100,"sd","13:58:42",321700
81100,100,300,"bu","13:56:14",321600
81100,100,100,"bu","13:56:14",321300
81100,100,100,"bu","13:54:56",321200
81000,0,2000,"sd","13:54:21",321100
81100,100,100,"bu","13:54:07",319100
81000,0,500,"sd","13:54:05",319000
81000,0,500,"sd","13:53:32",318500
81000,0,300,"sd","13:53:32",318000
81000,0,500,"sd","13:53:32",317700
81000,0,200,"sd","13:53:32",317200
81000,0,300,"sd","13:53:32",317000
81000,0,200,"sd","13:53:32",316700
81000,0,100,"sd","13:52:40",316500
81000,0,400,"sd","13:52:40",316400
81000,0,600,"sd","13:52:21",316000
81000,0,100,"sd","13:51:41",315400
81000,0,300,"sd","13:50:41",315300
81000,0,300,"sd","13:49:26",315000
81000,0,300,"sd","13:49:26",314700
81000,0,200,"bu","13:48:59",314400
81000,0,200,"bu","13:48:59",314200
81000,0,100,"bu","13:48:59",314000
81000,0,100,"bu","13:48:59",313900
80900,-100,200,"sd","13:48:39",313800
80900,-100,100,"sd","13:48:39",313600
80900,-100,100,"sd","13:48:39",313500
80900,-100,200,"sd","13:48:37",313400
81000,0,1000,"bu","13:48:37",313200
81000,0,100,"bu","13:48:28",312200
81000,0,100,"bu","13:48:28",312100
81000,0,1000,"bu","13:48:28",312000
81000,0,800,"bu","13:48:28",311000
81000,0,100,"bu","13:48:15",310200
81000,0,100,"bu","13:47:27",310100
81000,0,1000,"bu","13:47:18",310000
80900,-100,100,"sd","13:47:11",309000
81000,0,4200,"bu","13:47:01",308900
81000,0,100,"bu","13:47:01",304700
81000,0,100,"bu","13:47:01",304600
81000,0,100,"bu","13:47:01",304500
81000,0,200,"bu","13:47:01",304400
81000,0,100,"bu","13:47:01",304200
81000,0,200,"bu","13:47:01",304100
80900,-100,400,"sd","13:46:17",303900
81000,0,700,"bu","13:46:06",303500
80900,-100,100,"sd","13:45:31",302800
80900,-100,1000,"bu","13:44:35",302700
80900,-100,100,"bu","13:44:35",301700
80900,-100,200,"bu","13:44:06",301600
80900,-100,4700,"bu","13:43:27",301400
80900,-100,200,"bu","13:43:27",296700
80900,-100,100,"bu","13:43:27",296500
80800,-200,800,"sd","13:43:20",296400
80800,-200,100,"sd","13:42:59",295600
80800,-200,500,"bu","13:41:42",295500
80800,-200,3000,"bu","13:41:42",295000
80800,-200,600,"bu","13:41:42",292000
80800,-200,1000,"bu","13:41:23",291400
80800,-200,300,"bu","13:40:20",290400
80800,-200,100,"bu","13:40:11",290100
80700,-300,200,"sd","13:40:04",290000
80800,-200,100,"bu","13:39:31",289800
80800,-200,2000,"bu","13:37:42",289700
80800,-200,1000,"sd","13:37:24",287700
80800,-200,4900,"sd","13:37:24",286700
80800,-200,1000,"bu","13:36:01",281800
80800,-200,100,"bu","13:36:01",280800
80800,-200,4000,"bu","13:36:01",280700
80700,-300,1000,"bu","13:36:00",276700
80600,-400,100,"sd","13:35:44",275700
80600,-400,400,"sd","13:35:04",275600
80700,-300,200,"bu","13:34:52",275200
80700,-300,100,"bu","13:34:52",275000
80700,-300,1000,"bu","13:34:52",274900
80700,-300,200,"bu","13:34:52",273900
80600,-400,200,"sd","13:34:07",273700
80600,-400,100,"sd","13:34:07",273500
80600,-400,100,"sd","13:34:07",273400
80600,-400,100,"sd","13:34:07",273300
80700,-300,700,"bu","13:33:49",273200
80600,-400,200,"sd","13:32:31",272500
80600,-400,100,"sd","13:32:30",272300
80700,-300,100,"bu","13:32:01",272200
80700,-300,100,"bu","13:31:09",272100
80700,-300,900,"bu","13:30:07",272000
80700,-300,1100,"bu","13:30:07",271100
80700,-300,100,"bu","13:30:06",270000
80600,-400,200,"sd","13:28:07",269900
80700,-300,100,"bu","13:27:27",269700
80700,-300,100,"bu","13:26:55",269600
80600,-400,400,"sd","13:26:33",269500
80600,-400,100,"sd","13:26:33",269100
80700,-300,100,"bu","13:25:35",269000
80700,-300,100,"bu","13:25:19",268900
80600,-400,100,"sd","13:25:16",268800
80700,-300,100,"bu","13:23:27",268700
80700,-300,100,"bu","13:23:27",268600
80700,-300,300,"bu","13:23:27",268500
80700,-300,100,"bu","13:23:20",268200
80700,-300,200,"bu","13:23:10",268100
80700,-300,600,"bu","13:22:41",267900
80700,-300,500,"bu","13:22:39",267300
80700,-300,200,"bu","13:22:16",266800
80700,-300,700,"bu","13:22:16",266600
80700,-300,200,"bu","13:22:16",265900
80700,-300,100,"bu","13:22:01",265700
80700,-300,100,"bu","13:21:27",265600
80600,-400,500,"sd","13:19:40",265500
80700,-300,500,"bu","13:19:37",265000
80700,-300,100,"bu","13:19:31",264500
80700,-300,300,"bu","13:17:58",264400
80700,-300,700,"bu","13:17:58",264100
80600,-400,100,"sd","13:16:04",263400
80600,-400,100,"sd","13:16:04",263300
80600,-400,100,"sd","13:16:03",263200
80600,-400,500,"bu","13:15:33",263100
80600,-400,200,"bu","13:15:33",262600
80600,-400,200,"bu","13:15:18",262400
80600,-400,900,"bu","13:14:23",262200
80600,-400,100,"bu","13:14:23",261300
80600,-400,100,"bu","13:13:55",261200
80600,-400,100,"bu","13:12:56",261100
80600,-400,100,"bu","13:12:46",261000
80600,-400,600,"sd","13:12:17",260900
80600,-400,400,"sd","13:12:13",260300
80600,-400,100,"sd","13:12:13",259900
80600,-400,1400,"sd","13:11:46",259800
80700,-300,100,"bu","13:09:17",258400
80700,-300,100,"bu","13:09:08",258300
80700,-300,100,"bu","13:08:47",258200
80700,-300,100,"bu","13:08:47",258100
80700,-300,900,"bu","13:07:17",258000
80700,-300,100,"bu","13:07:17",257100
80700,-300,500,"bu","13:04:32",257000
80700,-300,400,"bu","13:04:32",256500
80700,-300,100,"bu","13:04:32",256100
80700,-300,100,"bu","13:03:22",256000
80700,-300,400,"bu","13:03:22",255900
80700,-300,1000,"bu","13:02:56",255500
80700,-300,1200,"bu","13:02:19",254500
80700,-300,100,"bu","13:02:19",253300
80700,-300,700,"bu","13:02:19",253200
80600,-400,3400,"sd","13:01:38",252500
80600,-400,800,"bu","13:01:21",249100
80600,-400,300,"bu","13:01:21",248300
80500,-500,200,"sd","13:00:48",248000
80500,-500,500,"sd","13:00:44",247800
80500,-500,100,"sd","13:00:39",247300
80600,-400,100,"bu","13:00:34",247200
80600,-400,200,"bu","13:00:29",247100
80600,-400,400,"bu","13:00:28",246900
80600,-400,200,"bu","13:00:23",246500
80600,-400,400,"bu","13:00:20",246300
80600,-400,400,"bu","13:00:20",245900
80700,-300,100,"bu","13:00:08",245500
80700,-300,700,"bu","11:27:19",245400
80700,-300,400,"bu","11:27:04",244700
80700,-300,100,"bu","11:27:04",244300
80700,-300,100,"bu","11:26:26",244200
80600,-400,400,"bu","11:25:04",244100
80600,-400,200,"bu","11:25:04",243700
80500,-500,400,"sd","11:24:03",243500
80500,-500,500,"sd","11:24:03",243100
80500,-500,100,"sd","11:24:03",242600
80600,-400,100,"bu","11:23:13",242500
80600,-400,100,"bu","11:23:13",242400
80600,-400,100,"bu","11:22:22",242300
80600,-400,200,"bu","11:22:22",242200
80600,-400,500,"bu","11:22:22",242000
80600,-400,1200,"bu","11:22:22",241500
80500,-500,100,"bu","11:21:07",240300
80500,-500,100,"bu","11:20:44",240200
80400,-600,100,"sd","11:19:12",240100
80400,-600,700,"bu","11:19:02",240000
80400,-600,200,"bu","11:19:02",239300
80400,-600,100,"bu","11:19:01",239100
80400,-600,1000,"bu","11:18:58",239000
80400,-600,1200,"bu","11:18:18",238000
80400,-600,1000,"bu","11:18:00",236800
80400,-600,500,"bu","11:17:46",235800
80300,-700,900,"sd","11:16:41",235300
80300,-700,600,"sd","11:16:41",234400
80400,-600,200,"sd","11:16:20",233800
80400,-600,2000,"sd","11:16:20",233600
80400,-600,500,"sd","11:16:20",231600
80400,-600,100,"sd","11:16:20",231100
80400,-600,3000,"sd","11:16:20",231000
80400,-600,200,"sd","11:16:20",228000
80500,-500,200,"sd","11:16:07",227800
80500,-500,200,"sd","11:16:07",227600
80500,-500,100,"sd","11:16:07",227400
80500,-500,100,"sd","11:16:07",227300
80500,-500,300,"sd","11:16:07",227200
80500,-500,100,"sd","11:15:55",226900
80500,-500,100,"sd","11:13:53",226800
80500,-500,200,"sd","11:13:52",226700
80500,-500,600,"sd","11:13:52",226500
80500,-500,8700,"sd","11:13:52",225900
80500,-500,100,"sd","11:13:52",217200
80500,-500,200,"sd","11:13:52",217100
80500,-500,100,"sd","11:13:52",216900
80500,-500,100,"sd","11:13:52",216800
80600,-400,100,"bu","11:08:20",216700
80600,-400,500,"sd","11:07:56",216600
80600,-400,200,"sd","11:07:56",216100
80600,-400,500,"sd","11:07:56",215900
80600,-400,100,"sd","11:07:47",215400
80600,-400,300,"sd","11:07:47",215300
80600,-400,1000,"sd","11:07:47",215000
80600,-400,100,"sd","11:07:47",214000
80600,-400,100,"sd","11:06:41",213900
80600,-400,200,"sd","11:06:40",213800
80600,-400,100,"sd","11:05:28",213600
80600,-400,300,"sd","11:05:28",213500
80600,-400,200,"sd","11:05:26",213200
80600,-400,400,"sd","11:05:11",213000
80600,-400,100,"sd","11:05:10",212600
80600,-400,100,"sd","11:05:10",212500
80700,-300,1000,"sd","11:05:07",212400
80700,-300,500,"sd","11:05:07",211400
80700,-300,200,"sd","11:05:07",210900
80700,-300,300,"sd","11:05:05",210700
80700,-300,600,"sd","11:05:05",210400
80700,-300,100,"sd","11:05:05",209800
80700,-300,100,"sd","11:04:21",209700
80700,-300,100,"sd","11:03:11",209600
80700,-300,1000,"sd","11:02:43",209500
80700,-300,100,"sd","11:01:09",208500
80800,-200,100,"bu","11:00:04",208400
80700,-300,100,"sd","10:59:56",208300
80800,-200,400,"sd","10:58:02",208200
80800,-200,200,"bu","10:58:02",207800
80800,-200,100,"bu","10:58:02",207600
80800,-200,200,"bu","10:58:02",207500
80800,-200,100,"bu","10:58:01",207300
80700,-300,200,"sd","10:57:58",207200
80700,-300,100,"sd","10:57:56",207000
80800,-200,200,"bu","10:57:54",206900
80700,-300,300,"sd","10:57:50",206700
80800,-200,500,"bu","10:57:06",206400
80800,-200,200,"sd","10:56:29",205900
80700,-300,100,"sd","10:54:38",205700
80700,-300,100,"sd","10:54:38",205600
80700,-300,100,"sd","10:54:37",205500
80700,-300,200,"sd","10:54:37",205400
80700,-300,300,"sd","10:51:57",205200
80700,-300,300,"sd","10:51:57",204900
80800,-200,200,"bu","10:51:39",204600
80700,-300,300,"sd","10:50:42",204400
80700,-300,700,"sd","10:50:42",204100
80800,-200,100,"bu","10:50:27",203400
80700,-300,200,"sd","10:48:42",203300
80700,-300,100,"sd","10:48:40",203100
80700,-300,1000,"sd","10:48:28",203000
81000,0,300,"bu","10:47:15",202000
81000,0,100,"bu","10:47:15",201700
81000,0,1100,"bu","10:47:14",201600
81000,0,900,"bu","10:46:45",200500
81000,0,300,"bu","10:46:45",199600
81000,0,800,"bu","10:46:45",199300
80800,-200,1000,"unknown","10:44:44",198500
80800,-200,100,"sd","10:43:22",197500
81000,0,200,"bu","10:42:36",197400
81000,0,100,"bu","10:38:28",197200
81000,0,3000,"bu","10:37:42",197100
81000,0,300,"bu","10:37:13",194100
81000,0,100,"bu","10:37:13",193800
81000,0,100,"bu","10:37:03",193700
81000,0,300,"bu","10:35:05",193600
81000,0,500,"sd","10:34:41",193300
81000,0,500,"sd","10:34:39",192800
81000,0,200,"bu","10:33:45",192300
81000,0,100,"bu","10:33:38",192100
81000,0,100,"bu","10:33:29",192000
81000,0,100,"bu","10:33:29",191900
81000,0,100,"bu","10:33:29",191800
81000,0,900,"bu","10:33:23",191700
81000,0,400,"bu","10:33:22",190800
81000,0,1000,"bu","10:33:18",190400
81000,0,100,"bu","10:33:07",189400
81000,0,100,"bu","10:32:54",189300
81000,0,1000,"bu","10:32:53",189200
81000,0,700,"bu","10:32:49",188200
81000,0,500,"bu","10:32:47",187500
81000,0,200,"bu","10:32:41",187000
81000,0,100,"bu","10:32:41",186800
81000,0,100,"bu","10:32:25",186700
81000,0,100,"bu","10:32:25",186600
81000,0,100,"bu","10:32:25",186500
81000,0,200,"bu","10:32:25",186400
81000,0,200,"bu","10:32:25",186200
81000,0,1300,"bu","10:32:25",186000
80900,-100,300,"sd","10:32:24",184700
81000,0,700,"bu","10:32:18",184400
81000,0,1000,"bu","10:32:18",183700
81000,0,1000,"bu","10:32:18",182700
81000,0,100,"bu","10:32:18",181700
81000,0,1000,"bu","10:32:18",181600
81000,0,200,"bu","10:32:18",180600
81000,0,1000,"bu","10:32:18",180400
80900,-100,200,"bu","10:31:43",179400
80900,-100,1000,"bu","10:31:17",179200
80900,-100,200,"bu","10:31:17",178200
80900,-100,100,"bu","10:31:17",178000
80900,-100,700,"bu","10:31:17",177900
80900,-100,500,"bu","10:29:52",177200
80900,-100,100,"bu","10:28:06",176700
80900,-100,300,"bu","10:28:06",176600
80900,-100,100,"bu","10:28:06",176300
80800,-200,800,"bu","10:26:09",176200
80800,-200,200,"sd","10:24:36",175400
80800,-200,100,"sd","10:23:59",175200
80900,-100,1000,"bu","10:23:42",175100
80900,-100,100,"sd","10:23:22",174100
80900,-100,100,"sd","10:23:09",174000
80900,-100,200,"bu","10:21:04",173900
80900,-100,100,"bu","10:21:04",173700
80900,-100,200,"bu","10:21:04",173600
80900,-100,200,"bu","10:20:13",173400
80800,-200,100,"sd","10:19:41",173200
80800,-200,100,"sd","10:19:34",173100
80800,-200,100,"sd","10:19:34",173000
80800,-200,100,"bu","10:18:57",172900
80800,-200,100,"bu","10:18:40",172800
80800,-200,100,"bu","10:18:40",172700
80600,-400,500,"sd","10:18:25",172600
80600,-400,500,"sd","10:18:24",172100
80600,-400,200,"sd","10:18:24",171600
80600,-400,300,"sd","10:18:24",171400
80600,-400,100,"sd","10:16:56",171100
80700,-300,1000,"bu","10:16:49",171000
80600,-400,600,"sd","10:16:26",170000
80600,-400,400,"sd","10:16:26",169400
80600,-400,100,"sd","10:13:38",169000
80600,-400,100,"bu","10:13:33",168900
80600,-400,400,"bu","10:13:33",168800
80500,-500,1300,"sd","10:13:16",168400
80400,-600,100,"sd","10:12:49",167100
80400,-600,100,"sd","10:12:44",167000
80500,-500,1000,"bu","10:12:34",166900
80500,-500,1700,"bu","10:12:15",165900
80500,-500,500,"bu","10:12:15",164200
80500,-500,800,"bu","10:12:15",163700
80500,-500,100,"bu","10:12:07",162900
80500,-500,100,"bu","10:12:07",162800
80500,-500,2200,"bu","10:12:07",162700
80500,-500,400,"bu","10:12:07",160500
80500,-500,200,"bu","10:12:07",160100
80500,-500,2800,"bu","10:12:00",159900
80500,-500,100,"bu","10:12:00",157100
80500,-500,100,"bu","10:12:00",157000
80400,-600,100,"sd","10:11:41",156900
80400,-600,400,"sd","10:11:41",156800
80400,-600,500,"sd","10:11:19",156400
80400,-600,100,"sd","10:11:02",155900
80400,-600,100,"unknown","10:10:47",155800
80400,-600,100,"bu","10:10:40",155700
80400,-600,900,"bu","10:10:40",155600
80400,-600,400,"bu","10:10:31",154700
80400,-600,200,"bu","10:10:31",154300
80400,-600,100,"bu","10:10:31",154100
80400,-600,200,"bu","10:10:31",154000
80300,-700,100,"sd","10:10:20",153800
80400,-600,100,"bu","10:09:41",153700
80400,-600,100,"sd","10:09:36",153600
80400,-600,200,"sd","10:09:36",153500
80400,-600,700,"sd","10:09:36",153300
80400,-600,200,"sd","10:09:36",152600
80400,-600,500,"sd","10:09:36",152400
80400,-600,200,"sd","10:09:36",151900
80400,-600,300,"sd","10:08:34",151700
80400,-600,500,"sd","10:08:04",151400
80400,-600,200,"sd","10:08:03",150900
80400,-600,300,"sd","10:08:03",150700
80400,-600,100,"sd","10:08:00",150400
80400,-600,100,"sd","10:07:57",150300
80400,-600,100,"sd","10:07:57",150200
80400,-600,200,"sd","10:07:57",150100
80400,-600,100,"sd","10:07:57",149900
80400,-600,100,"sd","10:07:29",149800
80400,-600,700,"bu","10:06:28",149700
80400,-600,1500,"bu","10:06:28",149000
80400,-600,100,"bu","10:06:28",147500
80400,-600,500,"bu","10:06:28",147400
80400,-600,100,"bu","10:05:45",146900
80400,-600,500,"bu","10:05:22",146800
80300,-700,2300,"sd","10:05:06",146300
80300,-700,100,"sd","10:05:06",144000
80300,-700,600,"sd","10:05:06",143900
80300,-700,100,"sd","10:03:56",143300
80300,-700,1200,"sd","10:03:56",143200
80300,-700,100,"sd","10:03:56",142000
80300,-700,100,"sd","10:03:56",141900
80300,-700,100,"sd","10:03:56",141800
80300,-700,100,"sd","10:03:56",141700
80300,-700,100,"sd","10:03:56",141600
80300,-700,100,"sd","10:03:56",141500
80300,-700,100,"sd","10:03:56",141400
80400,-600,700,"bu","10:03:43",141300
80400,-600,300,"bu","10:03:43",140600
80400,-600,900,"bu","10:03:22",140300
80400,-600,200,"bu","10:03:22",139400
80400,-600,700,"bu","10:03:13",139200
80400,-600,100,"bu","10:02:45",138500
80400,-600,100,"bu","10:02:18",138400
80400,-600,300,"bu","10:02:01",138300
80400,-600,500,"bu","10:02:01",138000
80400,-600,200,"bu","10:02:01",137500
80400,-600,200,"bu","10:01:25",137300
80400,-600,600,"bu","10:01:25",137100
80400,-600,2000,"bu","10:01:19",136500
80400,-600,1200,"bu","10:00:40",134500
80300,-700,100,"sd","10:00:34",133300
80400,-600,100,"sd","09:59:36",133200
80400,-600,400,"sd","09:59:36",133100
80400,-600,200,"bu","09:59:17",132700
80400,-600,300,"bu","09:59:15",132500
80400,-600,100,"sd","09:59:01",132200
80400,-600,100,"sd","09:59:01",132100
80400,-600,300,"sd","09:59:01",132000
80400,-600,100,"sd","09:59:01",131700
80400,-600,100,"bu","09:58:11",131600
80400,-600,300,"bu","09:58:11",131500
80300,-700,600,"sd","09:57:50",131200
80300,-700,200,"sd","09:57:41",130600
80300,-700,100,"sd","09:57:33",130400
80300,-700,100,"sd","09:57:32",130300
80400,-600,200,"bu","09:57:17",130200
80400,-600,500,"bu","09:57:14",130000
80400,-600,1000,"bu","09:57:14",129500
80400,-600,100,"bu","09:57:14",128500
80400,-600,100,"bu","09:57:14",128400
80400,-600,2200,"bu","09:57:14",128300
80400,-600,300,"bu","09:57:14",126100
80400,-600,100,"bu","09:57:14",125800
80400,-600,100,"bu","09:57:14",125700
80400,-600,1000,"bu","09:57:14",125600
80400,-600,100,"bu","09:57:14",124600
80400,-600,100,"sd","09:56:02",124500
80400,-600,500,"sd","09:55:34",124400
80400,-600,600,"sd","09:54:28",123900
80400,-600,1000,"sd","09:54:28",123300
80400,-600,1700,"sd","09:54:08",122300
80400,-600,100,"sd","09:53:57",120600
80400,-600,600,"sd","09:52:38",120500
80400,-600,100,"bu","09:51:36",119900
80400,-600,300,"bu","09:51:36",119800
80400,-600,100,"bu","09:51:30",119500
80400,-600,700,"bu","09:51:29",119400
80400,-600,500,"bu","09:51:28",118700
80400,-600,200,"bu","09:51:20",118200
80400,-600,200,"bu","09:51:19",118000
80400,-600,200,"bu","09:51:15",117800
80400,-600,100,"bu","09:50:54",117600
80400,-600,100,"bu","09:50:49",117500
80400,-600,300,"bu","09:50:34",117400
80400,-600,100,"bu","09:50:04",117100
80300,-700,1000,"sd","09:49:47",117000
80400,-600,1200,"bu","09:49:00",116000
80400,-600,800,"bu","09:49:00",114800
80400,-600,200,"bu","09:48:54",114000
80400,-600,200,"bu","09:48:46",113800
80400,-600,1000,"bu","09:48:30",113600
80400,-600,100,"unknown","09:48:29",112600
80400,-600,100,"sd","09:48:29",112500
80400,-600,100,"sd","09:48:29",112400
80400,-600,100,"sd","09:48:29",112300
80400,-600,100,"sd","09:48:29",112200
80400,-600,100,"sd","09:48:29",112100
80400,-600,100,"sd","09:48:29",112000
80500,-500,300,"bu","09:48:28",111900
80500,-500,100,"bu","09:48:12",111600
80500,-500,300,"bu","09:48:12",111500
80500,-500,100,"bu","09:48:12",111200
80400,-600,200,"sd","09:46:49",111100
80400,-600,100,"sd","09:46:46",110900
80500,-500,1000,"bu","09:45:55",110800
80500,-500,100,"bu","09:45:34",109800
80500,-500,100,"bu","09:43:25",109700
80400,-600,100,"sd","09:43:07",109600
80400,-600,1000,"sd","09:43:07",109500
80400,-600,100,"sd","09:43:07",108500
80400,-600,100,"sd","09:43:07",108400
80400,-600,100,"sd","09:43:07",108300
80400,-600,100,"sd","09:43:07",108200
80400,-600,100,"sd","09:43:07",108100
80400,-600,300,"sd","09:43:07",108000
80400,-600,100,"sd","09:43:07",107700
80400,-600,100,"sd","09:42:39",107600
80400,-600,100,"sd","09:42:39",107500
80500,-500,100,"bu","09:42:28",107400
80500,-500,100,"bu","09:42:22",107300
80500,-500,100,"bu","09:42:08",107200
80500,-500,100,"bu","09:42:05",107100
80500,-500,100,"bu","09:42:03",107000
80500,-500,400,"bu","09:42:01",106900
80500,-500,300,"sd","09:41:56",106500
80600,-400,100,"bu","09:41:52",106200
80500,-500,500,"sd","09:41:45",106100
80500,-500,200,"bu","09:41:33",105600
80500,-500,100,"bu","09:41:25",105400
80500,-500,100,"bu","09:41:22",105300
80500,-500,100,"bu","09:41:22",105200
80500,-500,200,"bu","09:41:10",105100
80500,-500,100,"bu","09:41:10",104900
80500,-500,500,"bu","09:41:06",104800
80500,-500,200,"bu","09:40:39",104300
80500,-500,1000,"bu","09:39:53",104100
80500,-500,200,"bu","09:39:30",103100
80500,-500,300,"bu","09:39:24",102900
80500,-500,100,"bu","09:38:40",102600
80500,-500,100,"bu","09:37:32",102500
80500,-500,400,"bu","09:37:30",102400
80400,-600,200,"sd","09:36:57",102000
80400,-600,100,"sd","09:36:56",101800
80400,-600,600,"sd","09:36:44",101700
80400,-600,400,"sd","09:36:44",101100
80500,-500,200,"bu","09:36:27",100700
80500,-500,400,"bu","09:36:27",100500
80500,-500,100,"bu","09:36:27",100100
80500,-500,100,"bu","09:36:01",100000
80500,-500,100,"bu","09:35:53",99900
80500,-500,200,"bu","09:35:53",99800
80500,-500,100,"bu","09:35:53",99600
80500,-500,100,"bu","09:35:19",99500
80500,-500,100,"bu","09:34:56",99400
80500,-500,700,"bu","09:34:41",99300
80500,-500,700,"bu","09:34:41",98600
80500,-500,100,"bu","09:34:33",97900
80500,-500,100,"bu","09:34:21",97800
80400,-600,500,"sd","09:34:07",97700
80400,-600,100,"bu","09:33:43",97200
80300,-700,100,"sd","09:33:26",97100
80300,-700,100,"sd","09:33:26",97000
80300,-700,100,"sd","09:33:26",96900
80300,-700,200,"sd","09:33:26",96800
80300,-700,100,"sd","09:33:26",96600
80300,-700,200,"sd","09:33:26",96500
80300,-700,200,"sd","09:33:26",96300
80400,-600,100,"bu","09:33:03",96100
80400,-600,500,"bu","09:33:03",96000
80400,-600,100,"bu","09:33:03",95500
80300,-700,800,"bu","09:32:35",95400
80300,-700,300,"bu","09:32:23",94600
80300,-700,200,"bu","09:32:20",94300
80300,-700,800,"bu","09:32:20",94100
80300,-700,100,"bu","09:32:18",93300
80300,-700,100,"bu","09:32:13",93200
80300,-700,200,"bu","09:32:09",93100
80300,-700,100,"bu","09:32:07",92900
80300,-700,1000,"bu","09:32:04",92800
80300,-700,500,"bu","09:31:50",91800
80300,-700,2200,"bu","09:31:37",91300
80300,-700,600,"bu","09:31:37",89100
80300,-700,200,"bu","09:31:37",88500
80300,-700,100,"bu","09:30:42",88300
80200,-800,1000,"sd","09:30:24",88200
80300,-700,100,"bu","09:30:22",87200
80300,-700,200,"bu","09:30:22",87100
80200,-800,400,"sd","09:30:16",86900
80200,-800,100,"sd","09:30:10",86500
80200,-800,100,"sd","09:29:55",86400
80200,-800,1200,"sd","09:29:52",86300
80200,-800,200,"sd","09:29:50",85100
80200,-800,200,"bu","09:29:29",84900
80200,-800,100,"bu","09:29:23",84700
80200,-800,100,"bu","09:29:16",84600
80100,-900,200,"sd","09:29:14",84500
80100,-900,300,"sd","09:29:14",84300
80100,-900,3000,"sd","09:29:08",84000
80100,-900,500,"sd","09:28:57",81000
80100,-900,200,"sd","09:28:25",80500
80100,-900,100,"sd","09:28:25",80300
80200,-800,100,"unknown","09:28:24",80200
80200,-800,400,"unknown","09:28:24",80100
80100,-900,900,"sd","09:28:24",79700
80100,-900,500,"sd","09:28:24",78800
80100,-900,1000,"sd","09:28:24",78300
80100,-900,100,"sd","09:28:24",77300
80100,-900,2000,"sd","09:28:24",77200
80200,-800,100,"sd","09:28:21",75200
80200,-800,100,"sd","09:28:21",75100
80200,-800,200,"sd","09:28:21",75000
80200,-800,100,"sd","09:28:21",74800
80200,-800,1000,"sd","09:28:21",74700
80200,-800,100,"sd","09:28:21",73700
80200,-800,400,"sd","09:28:21",73600
80200,-800,100,"sd","09:28:20",73200
80200,-800,200,"sd","09:28:20",73100
80200,-800,400,"sd","09:28:20",72900
80300,-700,1000,"bu","09:28:06",72500
80200,-800,400,"sd","09:28:06",71500
80200,-800,200,"sd","09:28:04",71100
80300,-700,100,"bu","09:27:57",70900
80300,-700,100,"bu","09:27:52",70800
80300,-700,100,"bu","09:27:34",70700
80300,-700,300,"bu","09:26:14",70600
80300,-700,700,"bu","09:26:14",70300
80200,-800,200,"sd","09:26:10",69600
80300,-700,500,"bu","09:26:09",69400
80300,-700,500,"bu","09:25:46",68900
80300,-700,100,"bu","09:25:46",68400
80300,-700,100,"bu","09:25:46",68300
80300,-700,1000,"bu","09:25:46",68200
80300,-700,100,"bu","09:25:46",67200
80300,-700,100,"sd","09:25:38",67100
80300,-700,200,"sd","09:25:37",67000
80300,-700,1800,"sd","09:25:37",66800
80300,-700,100,"sd","09:25:36",65000
80300,-700,3200,"sd","09:25:27",64900
80400,-600,300,"bu","09:25:26",61700
80400,-600,200,"bu","09:25:23",61400
80400,-600,1200,"bu","09:25:22",61200
80400,-600,100,"bu","09:25:13",60000
80400,-600,200,"bu","09:25:12",59900
80400,-600,1000,"bu","09:25:08",59700
80400,-600,1000,"bu","09:25:00",58700
80400,-600,100,"bu","09:24:23",57700
80400,-600,100,"bu","09:24:11",57600
80400,-600,200,"bu","09:24:11",57500
80400,-600,100,"bu","09:24:11",57300
80400,-600,100,"bu","09:24:11",57200
80400,-600,100,"bu","09:24:11",57100
80400,-600,100,"bu","09:24:11",57000
80400,-600,200,"bu","09:24:10",56900
80400,-600,100,"bu","09:24:10",56700
80500,-500,100,"bu","09:24:10",56600
80400,-600,1000,"bu","09:24:10",56500
80500,-500,1000,"bu","09:24:10",55500
80400,-600,100,"bu","09:24:10",54500
80500,-500,100,"sd","09:24:10",54400
80400,-600,100,"sd","09:24:10",54300
80500,-500,300,"sd","09:24:10",54200
80400,-600,1000,"sd","09:24:10",53900
80500,-500,400,"sd","09:24:09",52900
80400,-600,1000,"sd","09:24:09",52500
80400,-600,200,"sd","09:24:09",51500
80400,-600,100,"sd","09:24:09",51300
80500,-500,100,"sd","09:23:52",51200
80500,-500,700,"sd","09:23:52",51100
80500,-500,400,"sd","09:23:36",50400
80500,-500,400,"sd","09:23:11",50000
80500,-500,500,"bu","09:23:11",49600
80500,-500,200,"bu","09:23:10",49100
80500,-500,400,"sd","09:23:08",48900
80500,-500,1200,"bu","09:23:02",48500
80500,-500,100,"bu","09:23:02",47300
80500,-500,500,"bu","09:22:56",47200
80500,-500,1000,"unknown","09:22:56",46700
80500,-500,100,"sd","09:22:56",45700
80500,-500,800,"sd","09:22:56",45600
80500,-500,1000,"sd","09:22:56",44800
80500,-500,100,"sd","09:22:56",43800
80500,-500,200,"sd","09:22:56",43700
80500,-500,200,"sd","09:22:36",43500
80500,-500,100,"sd","09:22:34",43300
80500,-500,100,"bu","09:22:10",43200
80500,-500,500,"bu","09:22:10",43100
80500,-500,600,"bu","09:21:56",42600
80500,-500,1200,"bu","09:21:48",42000
80500,-500,200,"bu","09:21:27",40800
80500,-500,700,"bu","09:21:19",40600
80500,-500,100,"bu","09:21:19",39900
80500,-500,100,"bu","09:21:15",39800
80500,-500,100,"bu","09:21:11",39700
80500,-500,100,"bu","09:21:10",39600
80500,-500,1500,"bu","09:21:06",39500
80500,-500,500,"bu","09:20:45",38000
80400,-600,100,"sd","09:20:37",37500
80500,-500,300,"bu","09:20:36",37400
80500,-500,100,"bu","09:20:29",37100
80500,-500,100,"bu","09:20:21",37000
80500,-500,100,"bu","09:20:11",36900
80500,-500,800,"bu","09:20:03",36800
80500,-500,100,"sd","09:19:56",36000
80500,-500,2000,"sd","09:19:56",35900
80500,-500,800,"sd","09:19:56",33900
80500,-500,800,"sd","09:19:29",33100
80500,-500,500,"sd","09:19:29",32300
80500,-500,200,"bu","09:19:20",31800
80500,-500,200,"bu","09:19:20",31600
80500,-500,100,"bu","09:19:20",31400
80400,-600,200,"sd","09:19:18",31300
80400,-600,100,"sd","09:19:18",31100
80400,-600,100,"sd","09:19:18",31000
80500,-500,100,"bu","09:19:16",30900
80500,-500,500,"bu","09:19:14",30800
80500,-500,100,"bu","09:19:12",30300
80400,-600,100,"sd","09:19:10",30200
80400,-600,300,"sd","09:19:10",30100
80400,-600,100,"sd","09:19:09",29800
80400,-600,100,"sd","09:19:09",29700
80400,-600,100,"sd","09:19:09",29600
80400,-600,100,"sd","09:19:06",29500
80500,-500,100,"bu","09:19:01",29400
80500,-500,200,"bu","09:19:01",29300
80500,-500,100,"bu","09:19:00",29100
80500,-500,1000,"bu","09:18:55",29000
80500,-500,200,"bu","09:18:49",28000
80500,-500,400,"bu","09:18:45",27800
80500,-500,100,"bu","09:18:19",27400
80500,-500,100,"bu","09:18:16",27300
80500,-500,100,"bu","09:18:16",27200
80500,-500,100,"bu","09:18:14",27100
80500,-500,100,"bu","09:17:48",27000
80500,-500,500,"bu","09:17:47",26900
80500,-500,2000,"sd","09:17:39",26400
80500,-500,400,"sd","09:17:39",24400
80600,-400,100,"sd","09:17:39",24000
80500,-500,100,"sd","09:17:32",23900
80500,-500,100,"sd","09:17:32",23800
80500,-500,500,"sd","09:17:32",23700
80500,-500,100,"sd","09:17:32",23200
80500,-500,100,"sd","09:17:32",23100
80500,-500,2600,"sd","09:17:32",23000
80500,-500,1800,"sd","09:17:31",20400
80500,-500,100,"sd","09:17:31",18600
80500,-500,500,"sd","09:16:58",18500
80500,-500,100,"sd","09:16:58",18000
80500,-500,100,"sd","09:16:58",17900
80500,-500,200,"sd","09:16:58",17800
80500,-500,100,"sd","09:16:58",17600
80500,-500,200,"sd","09:16:58",17500
80500,-500,100,"sd","09:16:57",17300
80600,-400,500,"bu","09:16:57",17200
80600,-400,5000,"sd","09:16:57",16700
80600,-400,100,"sd","09:16:57",11700
80600,-400,100,"sd","09:16:57",11600
80700,-300,100,"sd","09:16:57",11500
80700,-300,200,"sd","09:16:57",11400
80800,-200,100,"bu","09:16:56",11200
80800,-200,100,"sd","09:16:53",11100
80900,-100,200,"bu","09:16:53",11000
80800,-200,100,"sd","09:16:38",10800
80800,-200,100,"sd","09:16:38",10700
80800,-200,100,"sd","09:16:38",10600
80800,-200,600,"sd","09:16:38",10500
80800,-200,400,"sd","09:16:30",9900
80900,-100,200,"sd","09:16:29",9500
81000,0,100,"bu","09:15:30",9300
81000,0,100,"sd","09:15:29",9200
81000,0,1000,"sd","09:15:29",9100
81000,0,8100,"unknown","09:15:05",8100
