"price","change","match_qtty","side","time","total_vol"
10700,700,1800,"bu","14:45:02",1605100
10700,700,300,"sd","14:18:23",1603300
10700,700,1000,"sd","14:14:38",1603000
10700,700,1000,"sd","14:09:27",1602000
10700,700,400,"sd","14:08:58",1601000
10700,700,1000,"sd","13:58:15",1600600
10700,700,5000,"sd","13:56:59",1599600
10700,700,7000,"sd","13:52:42",1594600
10700,700,300,"sd","13:52:26",1587600
10700,700,100,"sd","13:51:43",1587300
10700,700,100,"sd","13:51:31",1587200
10700,700,5000,"sd","13:50:38",1587100
10700,700,1000,"sd","13:50:33",1582100
10700,700,1000,"sd","13:50:08",1581100
10700,700,6800,"sd","13:50:02",1580100
10700,700,700,"sd","13:49:37",1573300
10700,700,1000,"sd","13:46:59",1572600
10700,700,100,"sd","13:45:47",1571600
10700,700,800,"sd","13:40:11",1571500
10700,700,100,"sd","13:33:09",1570700
10700,700,500,"sd","13:28:27",1570600
10700,700,1500,"sd","13:26:42",1570100
10700,700,500,"sd","13:23:56",1568600
10700,700,1000,"sd","13:23:49",1568100
10700,700,3500,"sd","13:21:40",1567100
10700,700,1200,"sd","13:20:35",1563600
10700,700,15000,"bu","13:20:34",1562400
10700,700,1500,"bu","13:20:34",1547400
10700,700,2700,"bu","13:20:19",1545900
10700,700,1000,"bu","13:20:18",1543200
10700,700,2300,"bu","13:20:18",1542200
10700,700,1000,"bu","13:20:13",1539900
10700,700,1500,"bu","13:20:12",1538900
10700,700,100,"bu","13:20:12",1537400
10700,700,600,"bu","13:20:12",1537300
10700,700,2800,"bu","13:20:12",1536700
10700,700,2200,"bu","13:19:58",1533900
10700,700,1800,"bu","13:19:58",1531700
10700,700,5000,"bu","13:19:57",1529900
10700,700,3200,"bu","13:19:54",1524900
10700,700,1400,"bu","13:19:54",1521700
10700,700,300,"bu","13:19:54",1520300
10700,700,500,"bu","13:19:54",1520000
10700,700,4000,"bu","13:19:54",1519500
10700,700,500,"bu","13:19:54",1515500
10700,700,100,"bu","13:19:54",1515000
10700,700,100,"bu","13:19:53",1514900
10700,700,400,"bu","13:19:52",1514800
10700,700,100,"bu","13:19:52",1514400
10700,700,2000,"bu","13:19:52",1514300
10700,700,3000,"bu","13:19:52",1512300
10700,700,100,"bu","13:19:52",1509300
10700,700,4400,"bu","13:19:52",1509200
10700,700,2000,"bu","13:19:51",1504800
10700,700,2000,"bu","13:19:49",1502800
10700,700,4900,"bu","13:19:45",1500800
10700,700,100,"bu","13:19:44",1495900
10700,700,2000,"bu","13:19:43",1495800
10700,700,3600,"bu","13:19:42",1493800
10700,700,1400,"bu","13:19:42",1490200
10700,700,600,"bu","13:19:42",1488800
10700,700,3000,"bu","13:19:42",1488200
10700,700,1400,"bu","13:19:42",1485200
10700,700,1000,"bu","13:19:38",1483800
10700,700,1000,"bu","13:19:38",1482800
10700,700,100,"bu","13:19:38",1481800
10700,700,500,"bu","13:19:38",1481700
10700,700,3600,"bu","13:19:38",1481200
10700,700,400,"bu","13:19:38",1477600
10700,700,2800,"bu","13:19:38",1477200
10700,700,400,"bu","13:19:38",1474400
10700,700,4000,"bu","13:19:36",1474000
10700,700,600,"bu","13:19:31",1470000
10700,700,500,"bu","13:19:31",1469400
10700,700,1300,"bu","13:19:30",1468900
10700,700,900,"bu","13:19:30",1467600
10700,700,100,"bu","13:19:30",1466700
10700,700,600,"bu","13:19:30",1466600
10700,700,4400,"bu","13:19:30",1466000
10700,700,500,"bu","13:19:13",1461600
10700,700,3200,"bu","13:19:13",1461100
10700,700,1000,"bu","13:19:13",1457900
10700,700,100,"bu","13:19:13",1456900
10700,700,300,"bu","13:19:13",1456800
10700,700,200,"bu","13:19:13",1456500
10700,700,300,"bu","13:19:13",1456300
10700,700,200,"bu","13:19:13",1456000
10700,700,400,"bu","13:19:13",1455800
10700,700,1000,"bu","13:19:13",1455400
10700,700,10000,"bu","13:19:13",1454400
10700,700,500,"bu","13:19:13",1444400
10700,700,400,"bu","13:19:13",1443900
10700,700,2900,"bu","13:19:13",1443500
10700,700,100,"bu","13:18:21",1440600
10650,650,100,"sd","13:17:58",1440500
10700,700,1000,"bu","13:17:50",1440400
10700,700,400,"bu","13:17:42",1439400
10650,650,1300,"sd","13:17:40",1439000
10650,650,1900,"sd","13:17:40",1437700
10650,650,600,"sd","13:17:40",1435800
10650,650,5000,"sd","13:17:40",1435200
10650,650,2100,"sd","13:17:40",1430200
10650,650,2400,"sd","13:17:40",1428100
10650,650,1700,"sd","13:17:40",1425700
10700,700,600,"bu","13:17:34",1424000
10700,700,400,"bu","13:17:34",1423400
10700,700,2600,"bu","13:16:23",1423000
10700,700,100,"bu","13:16:23",1420400
10700,700,1500,"bu","13:16:23",1420300
10700,700,200,"bu","13:16:23",1418800
10700,700,300,"bu","13:16:23",1418600
10700,700,100,"bu","13:16:23",1418300
10700,700,2000,"bu","13:16:23",1418200
10700,700,500,"bu","13:16:23",1416200
10700,700,100,"bu","13:16:23",1415700
10700,700,400,"bu","13:16:23",1415600
10700,700,700,"bu","13:16:23",1415200
10650,650,100,"sd","13:16:05",1414500
10700,700,100,"bu","13:15:39",1414400
10700,700,400,"bu","13:15:32",1414300
10700,700,500,"bu","13:15:09",1413900
10700,700,100,"bu","13:14:19",1413400
10700,700,1700,"bu","13:14:13",1413300
10700,700,1000,"bu","13:14:13",1411600
10700,700,400,"bu","13:14:13",1410600
10700,700,100,"bu","13:14:13",1410200
10700,700,1000,"bu","13:14:13",1410100
10700,700,800,"bu","13:14:13",1409100
10700,700,200,"bu","13:14:12",1408300
10700,700,600,"bu","13:13:49",1408100
10700,700,400,"bu","13:13:49",1407500
10700,700,500,"bu","13:13:47",1407100
10700,700,3100,"bu","13:13:46",1406600
10700,700,1900,"bu","13:13:46",1403500
10700,700,500,"bu","13:13:44",1401600
10700,700,600,"bu","13:13:23",1401100
10700,700,7400,"bu","13:13:23",1400500
10700,700,100,"bu","13:13:23",1393100
10700,700,300,"bu","13:13:23",1393000
10700,700,3000,"bu","13:13:23",1392700
10700,700,100,"bu","13:13:23",1389700
10700,700,1300,"bu","13:13:23",1389600
10700,700,200,"bu","13:13:23",1388300
10700,700,2000,"bu","13:13:23",1388100
10700,700,7000,"bu","13:13:19",1386100
10700,700,5000,"bu","13:12:59",1379100
10700,700,500,"bu","13:12:47",1374100
10700,700,6400,"bu","13:12:20",1373600
10700,700,1000,"bu","13:12:20",1367200
10700,700,100,"bu","13:12:20",1366200
10700,700,1300,"bu","13:12:20",1366100
10700,700,1400,"bu","13:11:53",1364800
10700,700,300,"bu","13:11:23",1363400
10700,700,200,"bu","13:11:23",1363100
10700,700,1000,"bu","13:10:53",1362900
10700,700,100,"bu","13:09:45",1361900
10700,700,2300,"bu","13:09:16",1361800
10700,700,100,"bu","13:09:00",1359500
10650,650,200,"sd","13:08:35",1359400
10650,650,300,"bu","13:07:53",1359200
10650,650,600,"bu","13:07:53",1358900
10650,650,400,"bu","13:07:49",1358300
10650,650,200,"bu","13:07:49",1357900
10650,650,4400,"bu","13:07:49",1357700
10650,650,600,"bu","13:07:45",1353300
10650,650,3700,"bu","13:07:45",1352700
10650,650,500,"bu","13:07:12",1349000
10650,650,3100,"bu","13:06:34",1348500
10600,600,100,"bu","13:03:30",1345400
10600,600,400,"sd","13:03:25",1345300
10600,600,200,"bu","13:03:17",1344900
10600,600,3600,"bu","13:02:28",1344700
10600,600,500,"sd","13:02:06",1341100
10600,600,500,"sd","13:02:06",1340600
10600,600,200,"sd","13:02:06",1340100
10600,600,100,"bu","13:01:04",1339900
10600,600,800,"bu","13:01:04",1339800
10600,600,8900,"bu","13:01:04",1339000
10600,600,9900,"bu","13:00:56",1330100
10550,550,1000,"bu","13:00:15",1320200
10550,550,1000,"bu","13:00:15",1319200
10550,550,3600,"bu","13:00:15",1318200
10550,550,4000,"bu","13:00:15",1314600
10500,500,200,"sd","13:00:02",1310600
10550,550,200,"bu","13:00:00",1310400
10550,550,200,"bu","11:28:10",1310200
10550,550,100,"bu","11:22:11",1310000
10550,550,2000,"bu","11:22:01",1309900
10500,500,500,"sd","11:21:56",1307900
10550,550,100,"bu","11:21:37",1307400
10550,550,200,"sd","11:16:59",1307300
10550,550,1500,"sd","11:15:02",1307100
10600,600,10000,"bu","11:15:00",1305600
10550,550,1800,"bu","11:14:56",1295600
10550,550,1000,"bu","11:14:56",1293800
10550,550,800,"bu","11:11:21",1292800
10550,550,500,"bu","11:10:50",1292000
10550,550,100,"bu","11:09:56",1291500
10550,550,100,"bu","11:09:54",1291400
10550,550,1000,"sd","11:08:50",1291300
10550,550,500,"sd","11:08:48",1290300
10550,550,4500,"sd","11:08:48",1289800
10550,550,500,"sd","11:08:05",1285300
10550,550,500,"sd","11:08:05",1284800
10600,600,600,"bu","11:07:15",1284300
10600,600,200,"sd","11:06:03",1283700
10600,600,600,"sd","11:06:03",1283500
10600,600,2000,"sd","11:06:03",1282900
10600,600,1000,"sd","11:06:03",1280900
10600,600,3800,"sd","11:06:03",1279900
10600,600,3000,"sd","11:06:03",1276100
10650,650,500,"bu","11:05:11",1273100
10650,650,200,"bu","11:05:05",1272600
10650,650,1000,"bu","11:03:17",1272400
10650,650,1000,"sd","11:02:42",1271400
10700,700,200,"bu","10:59:54",1270400
10700,700,100,"bu","10:59:42",1270200
10700,700,6000,"bu","10:59:39",1270100
10700,700,100,"bu","10:59:39",1264100
10700,700,1000,"bu","10:59:39",1264000
10700,700,200,"bu","10:59:39",1263000
10700,700,1000,"bu","10:59:39",1262800
10700,700,1000,"bu","10:59:39",1261800
10700,700,700,"bu","10:59:39",1260800
10700,700,1500,"bu","10:57:30",1260100
10700,700,1600,"bu","10:55:47",1258600
10700,700,100,"bu","10:55:30",1257000
10700,700,300,"bu","10:54:08",1256900
10700,700,500,"bu","10:53:58",1256600
10700,700,1200,"bu","10:53:48",1256100
10700,700,500,"bu","10:53:32",1254900
10700,700,100,"bu","10:52:28",1254400
10650,650,100,"bu","10:52:04",1254300
10700,700,1800,"bu","10:51:30",1254200
10700,700,900,"bu","10:51:29",1252400
10700,700,800,"bu","10:51:13",1251500
10700,700,200,"bu","10:51:13",1250700
10700,700,300,"bu","10:50:13",1250500
10700,700,500,"bu","10:50:13",1250200
10700,700,100,"bu","10:50:13",1249700
10700,700,1000,"bu","10:50:13",1249600
10700,700,100,"bu","10:50:13",1248600
10700,700,500,"bu","10:50:13",1248500
10700,700,600,"bu","10:50:13",1248000
10700,700,4400,"bu","10:49:37",1247400
10700,700,500,"bu","10:49:37",1243000
10700,700,100,"bu","10:49:37",1242500
10700,700,300,"bu","10:49:25",1242400
10700,700,1000,"bu","10:49:25",1242100
10700,700,2000,"bu","10:49:25",1241100
10700,700,2400,"bu","10:49:25",1239100
10700,700,500,"bu","10:49:11",1236700
10700,700,2000,"bu","10:49:11",1236200
10700,700,1000,"bu","10:49:11",1234200
10700,700,2100,"bu","10:49:11",1233200
10700,700,700,"bu","10:49:11",1231100
10700,700,600,"bu","10:49:11",1230400
10700,700,1000,"bu","10:49:08",1229800
10700,700,6900,"bu","10:49:05",1228800
10700,700,200,"bu","10:49:05",1221900
10700,700,1000,"bu","10:49:05",1221700
10700,700,1000,"bu","10:49:05",1220700
10700,700,900,"bu","10:49:05",1219700
10700,700,100,"bu","10:48:15",1218800
10700,700,900,"bu","10:48:15",1218700
10700,700,1100,"bu","10:46:59",1217800
10700,700,500,"bu","10:46:59",1216700
10700,700,1000,"bu","10:46:59",1216200
10700,700,5000,"bu","10:46:59",1215200
10700,700,1700,"bu","10:46:59",1210200
10700,700,700,"bu","10:46:59",1208500
10700,700,3400,"bu","10:46:36",1207800
10650,650,200,"bu","10:46:22",1204400
10650,650,1000,"bu","10:46:22",1204200
10650,650,3700,"bu","10:46:22",1203200
10650,650,100,"bu","10:46:22",1199500
10650,650,1000,"bu","10:46:22",1199400
10650,650,8000,"bu","10:46:22",1198400
10650,650,200,"bu","10:46:22",1190400
10650,650,500,"bu","10:46:22",1190200
10650,650,63800,"bu","10:46:22",1189700
10600,600,2000,"bu","10:42:34",1125900
10600,600,300,"bu","10:42:34",1123900
10600,600,100,"bu","10:42:34",1123600
10600,600,100,"bu","10:42:34",1123500
10600,600,100,"bu","10:42:34",1123400
10600,600,11000,"bu","10:42:34",1123300
10550,550,10000,"bu","10:42:17",1112300
10550,550,1000,"bu","10:42:17",1102300
10550,550,500,"bu","10:42:17",1101300
10550,550,700,"bu","10:42:17",1100800
10550,550,6000,"bu","10:42:17",1100100
10550,550,1000,"bu","10:42:17",1094100
10550,550,1300,"bu","10:42:17",1093100
10500,500,10000,"bu","10:42:01",1091800
10500,500,500,"bu","10:42:01",1081800
10500,500,3900,"bu","10:42:01",1081300
10500,500,400,"bu","10:42:01",1077400
10400,400,1200,"sd","10:41:37",1077000
10400,400,300,"sd","10:41:37",1075800
10450,450,1000,"sd","10:41:37",1075500
10450,450,5000,"sd","10:41:37",1074500
10450,450,5000,"sd","10:41:37",1069500
10450,450,200,"sd","10:41:37",1064500
10500,500,600,"bu","10:40:44",1064300
10500,500,4100,"sd","10:37:44",1063700
10500,500,1000,"bu","10:37:09",1059600
10500,500,1000,"bu","10:37:09",1058600
10500,500,900,"bu","10:37:09",1057600
10500,500,1000,"sd","10:35:43",1056700
10500,500,200,"sd","10:35:43",1055700
10500,500,1000,"sd","10:35:43",1055500
10500,500,1900,"sd","10:35:43",1054500
10500,500,100,"sd","10:35:21",1052600
10500,500,400,"sd","10:35:21",1052500
10500,500,1000,"sd","10:35:21",1052100
10500,500,300,"sd","10:35:21",1051100
10500,500,1200,"sd","10:35:21",1050800
10500,500,200,"sd","10:32:29",1049600
10500,500,3000,"sd","10:30:39",1049400
10550,550,400,"bu","10:28:43",1046400
10550,550,1100,"sd","10:27:39",1046000
10550,550,200,"bu","10:27:25",1044900
10550,550,10000,"bu","10:26:48",1044700
10550,550,300,"bu","10:25:44",1034700
10550,550,2700,"bu","10:25:03",1034400
10550,550,400,"bu","10:25:03",1031700
10550,550,6900,"bu","10:25:03",1031300
10500,500,300,"sd","10:24:19",1024400
10500,500,300,"sd","10:24:18",1024100
10500,500,100,"sd","10:24:18",1023800
10500,500,400,"sd","10:24:18",1023700
10500,500,1200,"sd","10:24:18",1023300
10500,500,400,"sd","10:22:37",1022100
10500,500,3400,"sd","10:21:59",1021700
10500,500,600,"sd","10:21:59",1018300
10550,550,1000,"bu","10:21:53",1017700
10500,500,1400,"sd","10:21:38",1016700
10500,500,600,"sd","10:21:38",1015300
10550,550,800,"bu","10:20:51",1014700
10550,550,2000,"bu","10:18:41",1013900
10550,550,400,"bu","10:18:41",1011900
10550,550,3900,"sd","10:18:32",1011500
10550,550,1000,"sd","10:18:20",1007600
10550,550,700,"sd","10:18:06",1006600
10550,550,300,"sd","10:18:06",1005900
10550,550,700,"sd","10:17:50",1005600
10550,550,5000,"sd","10:17:39",1004900
10550,550,2600,"sd","10:17:34",999900
10550,550,2000,"sd","10:17:26",997300
10550,550,500,"sd","10:17:26",995300
10550,550,2000,"sd","10:17:02",994800
10550,550,4000,"sd","10:17:02",992800
10550,550,100,"sd","10:16:23",988800
10550,550,500,"sd","10:16:10",988700
10550,550,1000,"sd","10:14:14",988200
10550,550,500,"sd","10:13:47",987200
10550,550,5100,"sd","10:13:21",986700
10550,550,200,"sd","10:13:21",981600
10550,550,1000,"sd","10:13:21",981400
10550,550,200,"sd","10:13:21",980400
10550,550,100,"sd","10:13:00",980200
10600,600,500,"bu","10:12:59",980100
10550,550,100,"sd","10:10:45",979600
10550,550,100,"sd","10:09:21",979500
10550,550,900,"sd","10:09:21",979400
10600,600,500,"bu","10:08:55",978500
10550,550,4100,"sd","10:08:54",978000
10550,550,500,"sd","10:08:54",973900
10600,600,3000,"bu","10:08:02",973400
10600,600,1000,"bu","10:05:48",970400
10550,550,100,"sd","10:05:05",969400
10550,550,100,"sd","10:03:59",969300
10600,600,100,"sd","10:03:38",969200
10600,600,3300,"sd","10:03:38",969100
10600,600,2000,"sd","10:03:38",965800
10600,600,5000,"sd","10:03:38",963800
10600,600,2000,"sd","10:03:26",958800
10650,650,800,"bu","10:03:09",956800
10650,650,100,"sd","10:03:04",956000
10650,650,400,"sd","10:03:04",955900
10650,650,100,"sd","10:03:04",955500
10650,650,2000,"sd","10:02:32",955400
10650,650,400,"bu","10:02:07",953400
10650,650,600,"sd","10:02:05",953000
10650,650,100,"bu","10:02:01",952400
10650,650,500,"bu","10:02:01",952300
10600,600,4700,"sd","10:01:59",951800
10600,600,5000,"sd","10:01:59",947100
10600,600,200,"sd","10:01:59",942100
10600,600,5000,"sd","10:01:59",941900
10600,600,100,"sd","10:01:59",936900
10650,650,200,"bu","10:01:45",936800
10650,650,300,"bu","10:01:10",936600
10650,650,100,"bu","10:01:10",936300
10650,650,1500,"bu","10:00:51",936200
10650,650,400,"bu","10:00:51",934700
10650,650,500,"bu","10:00:51",934300
10650,650,4100,"bu","10:00:47",933800
10650,650,900,"bu","10:00:47",929700
10650,650,200,"bu","10:00:40",928800
10650,650,900,"sd","10:00:10",928600
10650,650,100,"bu","10:00:08",927700
10650,650,400,"bu","09:59:52",927600
10650,650,600,"bu","09:59:52",927200
10650,650,1000,"bu","09:59:50",926600
10650,650,2000,"sd","09:59:36",925600
10650,650,2500,"sd","09:59:34",923600
10650,650,2400,"bu","09:59:33",921100
10650,650,2000,"bu","09:59:33",918700
10650,650,11100,"bu","09:59:33",916700
10650,650,4000,"sd","09:58:46",905600
10650,650,100,"sd","09:58:46",901600
10650,650,4800,"sd","09:58:46",901500
10700,700,2100,"bu","09:58:16",896700
10700,700,100,"bu","09:58:14",894600
10700,700,400,"bu","09:58:14",894500
10650,650,200,"sd","09:58:06",894100
10650,650,500,"sd","09:58:06",893900
10700,700,4600,"bu","09:58:03",893400
10700,700,1000,"bu","09:58:03",888800
10700,700,200,"bu","09:58:03",887800
10700,700,2200,"bu","09:58:03",887600
10700,700,800,"bu","09:57:44",885400
10700,700,2000,"bu","09:57:38",884600
10700,700,300,"bu","09:57:38",882600
10700,700,100,"bu","09:57:38",882300
10700,700,600,"bu","09:57:38",882200
10700,700,1000,"bu","09:57:31",881600
10700,700,500,"bu","09:57:03",880600
10700,700,2000,"bu","09:56:57",880100
10700,700,2900,"bu","09:56:53",878100
10700,700,3000,"bu","09:56:53",875200
10700,700,1500,"bu","09:56:53",872200
10700,700,2600,"bu","09:56:53",870700
10700,700,500,"bu","09:56:27",868100
10700,700,9500,"bu","09:56:27",867600
10700,700,500,"bu","09:56:20",858100
10700,700,1300,"bu","09:56:20",857600
10700,700,200,"bu","09:56:20",856300
10700,700,500,"bu","09:56:19",856100
10700,700,900,"bu","09:56:19",855600
10700,700,300,"bu","09:56:13",854700
10700,700,300,"bu","09:56:02",854400
10650,650,500,"sd","09:55:50",854100
10700,700,500,"bu","09:55:40",853600
10700,700,500,"bu","09:55:40",853100
10700,700,100,"bu","09:55:40",852600
10700,700,900,"bu","09:55:40",852500
10700,700,2000,"bu","09:55:12",851600
10700,700,3000,"bu","09:54:49",849600
10700,700,300,"bu","09:54:49",846600
10700,700,200,"bu","09:54:49",846300
10700,700,2500,"bu","09:54:49",846100
10700,700,500,"bu","09:54:37",843600
10650,650,500,"sd","09:54:25",843100
10650,650,100,"sd","09:54:22",842600
10650,650,800,"sd","09:54:15",842500
10650,650,100,"sd","09:54:01",841700
10700,700,1300,"bu","09:53:51",841600
10650,650,1000,"sd","09:53:50",840300
10650,650,1900,"sd","09:53:43",839300
10650,650,500,"sd","09:53:37",837400
10650,650,100,"sd","09:53:36",836900
10700,700,700,"sd","09:53:25",836800
10700,700,300,"sd","09:53:24",836100
10700,700,400,"sd","09:53:24",835800
10700,700,4000,"sd","09:53:24",835400
10700,700,1000,"sd","09:53:24",831400
10700,700,100,"sd","09:53:24",830400
10700,700,4300,"sd","09:53:24",830300
10700,700,100,"sd","09:53:23",826000
10700,700,600,"sd","09:53:22",825900
10700,700,900,"sd","09:53:22",825300
10700,700,1000,"sd","09:53:22",824400
10700,700,1000,"sd","09:53:22",823400
10700,700,100,"sd","09:53:22",822400
10700,700,600,"sd","09:53:22",822300
10700,700,1100,"sd","09:53:22",821700
10700,700,1000,"sd","09:53:22",820600
10700,700,20000,"sd","09:53:22",819600
10700,700,100,"sd","09:53:22",799600
10700,700,500,"sd","09:53:22",799500
10700,700,19100,"sd","09:53:22",799000
10700,700,7400,"sd","09:53:21",779900
10700,700,2000,"sd","09:53:20",772500
10700,700,200,"sd","09:53:20",770500
10700,700,500,"sd","09:53:15",770300
10700,700,200,"sd","09:53:14",769800
10700,700,500,"sd","09:53:14",769600
10700,700,1300,"sd","09:53:14",769100
10700,700,500,"sd","09:53:12",767800
10700,700,1600,"sd","09:53:10",767300
10700,700,10000,"sd","09:53:08",765700
10700,700,1000,"sd","09:53:08",755700
10700,700,1000,"sd","09:53:05",754700
10700,700,900,"sd","09:53:03",753700
10700,700,1100,"sd","09:53:00",752800
10700,700,12000,"sd","09:53:00",751700
10700,700,500,"sd","09:52:50",739700
10700,700,100,"sd","09:52:45",739200
10700,700,500,"sd","09:52:43",739100
10700,700,1800,"sd","09:52:36",738600
10700,700,200,"sd","09:52:35",736800
10700,700,500,"sd","09:52:32",736600
10700,700,400,"sd","09:52:31",736100
10700,700,2400,"sd","09:52:27",735700
10700,700,1000,"sd","09:52:27",733300
10700,700,23100,"sd","09:52:27",732300
10700,700,600,"sd","09:52:27",709200
10700,700,10000,"sd","09:52:27",708600
10700,700,16300,"sd","09:52:27",698600
10700,700,1000,"sd","09:52:25",682300
10700,700,10000,"sd","09:52:15",681300
10700,700,2700,"sd","09:52:13",671300
10700,700,500,"sd","09:52:13",668600
10700,700,5000,"sd","09:52:13",668100
10700,700,400,"sd","09:52:13",663100
10700,700,2600,"sd","09:52:09",662700
10700,700,5400,"sd","09:52:09",660100
10700,700,44600,"sd","09:52:06",654700
10700,700,100,"sd","09:52:06",610100
10700,700,200,"sd","09:52:06",610000
10700,700,3000,"sd","09:52:06",609800
10700,700,3000,"sd","09:52:06",606800
10700,700,500,"sd","09:52:06",603800
10700,700,10000,"sd","09:52:06",603300
10700,700,5000,"sd","09:52:06",593300
10700,700,1800,"sd","09:52:06",588300
10700,700,10000,"sd","09:52:06",586500
10700,700,1000,"sd","09:52:06",576500
10700,700,3300,"sd","09:52:06",575500
10700,700,100,"sd","09:52:00",572200
10700,700,1000,"sd","09:51:58",572100
10700,700,2000,"sd","09:51:39",571100
10700,700,1000,"sd","09:51:26",569100
10700,700,2000,"sd","09:51:19",568100
10700,700,600,"sd","09:51:03",566100
10700,700,5000,"sd","09:51:03",565500
10700,700,5000,"sd","09:51:03",560500
10700,700,100,"sd","09:51:03",555500
10700,700,3000,"sd","09:51:03",555400
10700,700,16300,"sd","09:51:03",552400
10700,700,100,"sd","09:50:56",536100
10700,700,100,"sd","09:50:54",536000
10700,700,500,"sd","09:50:53",535900
10700,700,2200,"sd","09:50:44",535400
10700,700,300,"sd","09:50:41",533200
10700,700,3000,"sd","09:50:37",532900
10700,700,100,"sd","09:50:32",529900
10700,700,800,"sd","09:50:28",529800
10700,700,700,"sd","09:50:08",529000
10700,700,700,"sd","09:49:35",528300
10700,700,1500,"sd","09:49:25",527600
10700,700,10000,"sd","09:49:20",526100
10700,700,500,"sd","09:49:19",516100
10700,700,20000,"sd","09:49:15",515600
10700,700,1000,"sd","09:49:15",495600
10700,700,10000,"sd","09:49:03",494600
10700,700,500,"sd","09:49:01",484600
10700,700,200,"sd","09:48:50",484100
10700,700,100,"sd","09:48:44",483900
10700,700,5000,"bu","09:48:43",483800
10700,700,10000,"bu","09:48:43",478800
10700,700,300,"bu","09:48:43",468800
10700,700,400,"bu","09:48:43",468500
10700,700,500,"bu","09:48:43",468100
10700,700,200,"bu","09:48:43",467600
10700,700,500,"bu","09:48:43",467400
10700,700,8200,"bu","09:48:43",466900
10700,700,5800,"bu","09:48:43",458700
10700,700,5200,"bu","09:48:43",452900
10700,700,4000,"bu","09:48:43",447700
10700,700,1000,"bu","09:48:43",443700
10700,700,5000,"bu","09:48:43",442700
10700,700,3400,"bu","09:48:43",437700
10700,700,2000,"bu","09:48:43",434300
10700,700,1000,"bu","09:48:43",432300
10700,700,800,"bu","09:48:43",431300
10700,700,1000,"bu","09:48:43",430500
10700,700,4000,"bu","09:48:43",429500
10700,700,500,"bu","09:48:43",425500
10700,700,1000,"bu","09:48:43",425000
10700,700,900,"bu","09:48:43",424000
10700,700,2000,"bu","09:48:43",423100
10700,700,300,"bu","09:48:43",421100
10700,700,5000,"bu","09:48:43",420800
10700,700,700,"bu","09:48:43",415800
10700,700,2000,"bu","09:48:43",415100
10700,700,1000,"bu","09:48:43",413100
10700,700,20000,"bu","09:48:43",412100
10700,700,10000,"bu","09:48:43",392100
10700,700,5000,"bu","09:48:43",382100
10700,700,2000,"bu","09:48:43",377100
10700,700,500,"bu","09:48:43",355100
10650,650,20000,"bu","09:48:43",375100
10650,650,2200,"bu","09:48:43",354600
10600,600,100,"sd","09:48:43",352400
10600,600,100,"bu","09:48:14",352300
10600,600,200,"bu","09:48:14",352200
10600,600,100,"bu","09:48:11",352000
10600,600,1400,"bu","09:48:04",351900
10600,600,1000,"bu","09:48:04",350500
10600,600,1000,"bu","09:48:04",349500
10600,600,12000,"bu","09:48:04",348500
10600,600,200,"bu","09:48:04",336500
10550,550,500,"bu","09:48:04",336300
10550,550,100,"bu","09:48:04",335800
10550,550,3000,"bu","09:48:04",335700
10550,550,500,"bu","09:48:04",332700
10550,550,300,"bu","09:48:04",332200
10550,550,200,"bu","09:48:01",331900
10550,550,600,"bu","09:47:47",331700
10550,550,1000,"bu","09:47:47",331100
10500,500,700,"bu","09:47:47",330100
10500,500,300,"sd","09:47:44",329400
10500,500,500,"bu","09:47:44",329100
10500,500,200,"bu","09:47:44",328600
10500,500,1000,"bu","09:47:39",328400
10500,500,2000,"bu","09:47:08",327300
10500,500,100,"bu","09:47:08",327400
10450,450,300,"sd","09:47:06",325300
10450,450,2200,"bu","09:46:56",325000
10450,450,400,"bu","09:46:56",322800
10450,450,8000,"bu","09:46:44",322400
10450,450,1100,"bu","09:46:44",314400
10450,450,100,"bu","09:46:23",313300
10450,450,400,"bu","09:45:58",313200
10450,450,100,"bu","09:45:21",312800
10450,450,300,"bu","09:45:18",312700
10450,450,200,"bu","09:45:18",312400
10450,450,500,"bu","09:45:18",311800
10450,450,400,"bu","09:45:18",312200
10350,350,100,"sd","09:45:01",311300
10350,350,2400,"bu","09:44:52",311200
10350,350,700,"bu","09:44:46",308800
10350,350,2300,"bu","09:44:20",308100
10350,350,100,"bu","09:44:01",305800
10250,250,100,"bu","09:44:01",305700
10200,200,200,"bu","09:43:30",305600
10100,100,10000,"bu","09:43:18",304400
10100,100,1000,"bu","09:43:18",305400
10000,0,7600,"bu","09:42:13",294400
10000,0,4000,"bu","09:42:13",286800
10000,0,500,"bu","09:42:13",282800
10000,0,500,"bu","09:42:13",282300
10000,0,1000,"bu","09:42:13",281800
10000,0,6200,"bu","09:42:13",280800
10000,0,4000,"bu","09:42:13",274600
10000,0,500,"bu","09:42:13",270600
10000,0,500,"bu","09:42:13",270100
9980,-20,3500,"bu","09:42:13",269600
9980,-20,6500,"bu","09:41:59",266100
9980,-20,10000,"sd","09:41:55",259600
9980,-20,5000,"bu","09:41:37",249600
9980,-20,500,"bu","09:41:37",244600
9980,-20,13500,"bu","09:41:37",244100
9980,-20,3500,"bu","09:41:17",230600
9970,-30,100,"sd","09:41:02",227100
9980,-20,100,"bu","09:40:44",227000
9980,-20,100,"bu","09:40:30",226900
9980,-20,2000,"bu","09:40:22",226800
9980,-20,200,"bu","09:40:16",224800
9980,-20,1000,"bu","09:40:04",224600
9970,-30,500,"sd","09:40:03",223600
9980,-20,300,"bu","09:40:03",223100
9980,-20,1000,"bu","09:39:38",222800
9980,-20,100,"bu","09:39:32",221800
9980,-20,2000,"bu","09:39:27",221700
9970,-30,300,"bu","09:39:25",219700
9970,-30,2100,"sd","09:39:18",219400
9980,-20,200,"bu","09:39:15",217300
9980,-20,1000,"bu","09:39:10",217100
9970,-30,11100,"sd","09:38:56",216100
9970,-30,500,"sd","09:38:56",205000
9960,-40,1300,"sd","09:38:56",204500
9960,-40,3700,"bu","09:38:38",203200
9950,-50,5000,"bu","09:37:10",199500
9950,-50,6000,"bu","09:37:10",194500
9910,-90,1000,"bu","09:35:08",188500
9910,-90,200,"bu","09:35:08",187500
9910,-90,500,"bu","09:34:59",187300
9900,-100,100,"bu","09:34:59",186800
9900,-100,2700,"sd","09:34:55",186700
9900,-100,200,"sd","09:34:55",184000
9910,-90,100,"bu","09:34:40",183800
9910,-90,100,"bu","09:34:36",183700
9910,-90,100,"bu","09:34:27",183600
9910,-90,300,"bu","09:34:27",183500
9900,-100,500,"bu","09:34:18",183200
9900,-100,1000,"bu","09:34:18",182700
9900,-100,100,"bu","09:34:18",181700
9900,-100,200,"bu","09:34:18",181600
9900,-100,1000,"bu","09:33:56",181400
9870,-130,5000,"bu","09:33:29",180400
9870,-130,300,"bu","09:33:29",175400
9860,-140,4000,"sd","09:33:22",175100
9860,-140,400,"bu","09:33:22",171100
9850,-150,2000,"sd","09:32:54",170700
9860,-140,2600,"bu","09:31:45",168700
9860,-140,5000,"bu","09:31:45",166100
9810,-190,100,"sd","09:31:45",161100
9850,-150,600,"bu","09:31:45",161000
9850,-150,1200,"bu","09:31:45",160400
9850,-150,1000,"bu","09:31:45",159200
9850,-150,500,"bu","09:31:45",158200
9800,-200,200,"sd","09:31:31",157700
9810,-190,100,"sd","09:31:31",157500
9810,-190,100,"sd","09:31:31",157400
9810,-190,200,"sd","09:31:31",157300
9810,-190,400,"sd","09:31:31",157100
9810,-190,100,"sd","09:30:56",156700
9800,-200,1700,"sd","09:30:49",156600
9800,-200,200,"sd","09:30:49",154900
9800,-200,8500,"sd","09:30:49",154700
9810,-190,300,"sd","09:30:49",146200
9810,-190,1000,"sd","09:30:49",145900
9800,-200,4000,"sd","09:30:11",144900
9810,-190,1000,"sd","09:30:11",140900
9800,-200,200,"sd","09:29:49",139900
9800,-200,2500,"sd","09:29:30",139700
9810,-190,500,"sd","09:29:30",137200
9810,-190,1000,"sd","09:29:30",136700
9810,-190,5000,"sd","09:29:30",135700
9810,-190,500,"sd","09:29:30",130700
9820,-180,600,"sd","09:29:30",130200
9820,-180,500,"sd","09:29:30",129600
9820,-180,500,"sd","09:29:30",129100
9820,-180,100,"sd","09:29:30",128600
9830,-170,1000,"sd","09:29:30",128500
9820,-180,3000,"sd","09:29:30",127500
9840,-160,100,"sd","09:29:30",124500
9820,-180,1800,"sd","09:29:30",124400
9840,-160,4000,"sd","09:29:30",122600
9830,-170,500,"sd","09:29:30",118600
9840,-160,100,"sd","09:29:30",118100
9830,-170,500,"sd","09:29:30",118000
9830,-170,100,"sd","09:29:30",117500
9830,-170,1000,"sd","09:29:30",117400
9830,-170,500,"sd","09:29:30",116400
9840,-160,200,"sd","09:29:19",115900
9840,-160,500,"sd","09:28:12",115700
9840,-160,500,"sd","09:27:50",115200
9850,-150,400,"sd","09:27:50",114700
9850,-150,600,"bu","09:27:18",114300
9850,-150,200,"bu","09:27:14",113700
9850,-150,1000,"sd","09:26:46",113500
9840,-160,4000,"sd","09:26:02",112500
9840,-160,1000,"sd","09:26:02",108500
9840,-160,700,"sd","09:26:00",107500
9850,-150,300,"sd","09:25:50",106800
9850,-150,1100,"sd","09:25:27",106500
9850,-150,500,"sd","09:25:21",105400
9850,-150,100,"sd","09:25:18",104900
9840,-160,2300,"sd","09:25:08",104800
9840,-160,1700,"sd","09:25:08",102500
9850,-150,100,"sd","09:25:08",100800
9850,-150,500,"sd","09:25:08",100700
9850,-150,400,"sd","09:25:08",100200
9850,-150,1000,"sd","09:24:51",99800
9870,-130,1000,"bu","09:24:29",98800
9900,-100,300,"unknown","09:23:29",97800
9900,-100,3500,"bu","09:22:57",97500
9900,-100,100,"bu","09:22:35",94000
9900,-100,500,"bu","09:22:30",93900
9900,-100,5000,"sd","09:22:12",93400
9900,-100,900,"sd","09:22:12",88400
9900,-100,4100,"bu","09:21:57",87500
9850,-150,1000,"sd","09:21:56",83400
9900,-100,300,"bu","09:21:53",82400
9900,-100,200,"bu","09:21:53",82100
9900,-100,1000,"bu","09:21:53",81900
9900,-100,100,"bu","09:21:53",80900
9900,-100,1400,"bu","09:21:53",80800
9850,-150,600,"sd","09:21:53",79400
9850,-150,1600,"sd","09:21:53",78800
9850,-150,5000,"sd","09:21:53",77200
9850,-150,500,"sd","09:21:53",72200
9850,-150,1100,"sd","09:21:53",71700
9850,-150,400,"sd","09:21:53",70600
9850,-150,1300,"sd","09:21:53",70200
9850,-150,100,"sd","09:21:53",68900
9850,-150,100,"sd","09:21:53",68800
9850,-150,400,"sd","09:21:19",68700
9850,-150,300,"sd","09:20:58",68300
9840,-160,8300,"sd","09:20:41",68000
9830,-170,1000,"sd","09:20:01",59700
9820,-180,200,"sd","09:19:25",58700
9820,-180,100,"sd","09:19:25",58500
9820,-180,800,"sd","09:19:25",58400
9820,-180,300,"sd","09:19:25",57600
9830,-170,300,"sd","09:19:25",57300
9830,-170,1000,"sd","09:19:25",57000
9830,-170,500,"sd","09:19:25",56000
9830,-170,100,"sd","09:19:25",55500
9820,-180,200,"sd","09:19:02",55400
9820,-180,200,"sd","09:19:02",55200
9820,-180,100,"bu","09:18:35",55000
9820,-180,200,"sd","09:18:33",54900
9820,-180,500,"sd","09:18:15",54700
9900,-100,5000,"sd","09:17:53",54200
9900,-100,500,"sd","09:17:53",49200
9900,-100,3100,"sd","09:17:53",48700
9910,-90,1700,"bu","09:17:46",45600
9910,-90,300,"bu","09:17:46",43900
9900,-100,500,"sd","09:17:43",43600
9910,-90,5000,"bu","09:17:19",43100
9910,-90,1000,"bu","09:17:18",38100
9910,-90,200,"sd","09:17:12",37100
9910,-90,500,"sd","09:17:12",36900
9910,-90,1400,"bu","09:16:52",36400
9910,-90,1600,"bu","09:16:49",35000
9910,-90,400,"bu","09:16:49",33400
9910,-90,500,"bu","09:16:48",33000
9910,-90,300,"sd","09:16:39",32500
9910,-90,200,"sd","09:16:22",32200
9950,-50,200,"bu","09:15:29",32000
9910,-90,500,"bu","09:15:29",31800
9900,-100,5200,"sd","09:15:25",31300
9900,-100,500,"bu","09:15:22",25400
9900,-100,700,"bu","09:15:22",26100
9800,-200,300,"sd","09:15:21",24900
9800,-200,24600,"sd","09:15:00",24600
