"price","change","match_qtty","side","time","total_vol"
19550,0,22900,"unknown","14:45:00",496000
19300,-250,100,"sd","14:29:25",473100
19300,-250,1000,"sd","14:29:25",473000
19300,-250,100,"sd","14:29:25",472000
19300,-250,100,"sd","14:29:25",471900
19300,-250,100,"sd","14:29:25",471800
19300,-250,1000,"sd","14:29:25",471700
19300,-250,500,"sd","14:29:25",470700
19300,-250,1000,"sd","14:29:25",470200
19300,-250,300,"sd","14:29:25",469200
19350,-200,300,"unknown","14:29:25",468900
19350,-200,200,"unknown","14:29:25",468600
19350,-200,2200,"unknown","14:29:25",468400
19350,-200,2800,"sd","14:27:51",466200
19350,-200,500,"bu","14:27:46",463400
19350,-200,200,"bu","14:27:41",462900
19350,-200,200,"bu","14:27:23",462700
19350,-200,1000,"bu","14:27:18",462500
19350,-200,100,"bu","14:26:57",461500
19350,-200,500,"bu","14:26:38",461400
19300,-250,1600,"sd","14:25:44",460900
19300,-250,300,"sd","14:25:44",459300
19350,-200,200,"bu","14:25:35",459000
19350,-200,1000,"sd","14:25:04",458800
19350,-200,300,"sd","14:25:04",457800
19350,-200,500,"sd","14:25:04",457500
19350,-200,1000,"sd","14:25:04",457000
19350,-200,200,"sd","14:25:04",456000
19400,-150,500,"sd","14:25:04",455800
19400,-150,1000,"sd","14:25:04",455300
19450,-100,100,"bu","14:24:08",454300
19400,-150,1000,"sd","14:22:59",454200
19400,-150,3000,"sd","14:22:47",453200
19400,-150,900,"bu","14:21:52",450200
19400,-150,100,"bu","14:21:40",449300
19400,-150,900,"bu","14:21:40",449200
19400,-150,300,"bu","14:21:39",448300
19350,-200,300,"sd","14:21:38",448000
19400,-150,2800,"bu","14:21:21",447700
19350,-200,200,"bu","14:19:33",444900
19350,-200,800,"bu","14:19:33",444700
19350,-200,100,"bu","14:19:22",443900
19350,-200,100,"bu","14:19:12",443800
19300,-250,800,"sd","14:18:46",443700
19300,-250,3900,"sd","14:17:22",442900
19300,-250,1000,"sd","14:17:22",439000
19300,-250,100,"sd","14:17:22",438000
19350,-200,1000,"bu","14:17:12",437900
19350,-200,500,"bu","14:16:56",436900
19350,-200,200,"bu","14:16:56",436400
19350,-200,1000,"bu","14:16:56",436200
19350,-200,500,"bu","14:16:56",435200
19350,-200,1000,"bu","14:16:56",434700
19350,-200,100,"bu","14:16:56",433700
19350,-200,1000,"bu","14:16:56",433600
19350,-200,1000,"bu","14:16:56",432600
19350,-200,5000,"bu","14:16:56",431600
19350,-200,100,"bu","14:16:56",426600
19350,-200,1000,"bu","14:16:56",426500
19350,-200,500,"bu","14:16:56",425500
19350,-200,100,"bu","14:16:56",425000
19350,-200,900,"sd","14:16:48",424900
19350,-200,7100,"sd","14:16:48",424000
19350,-200,2900,"sd","14:16:39",416900
19350,-200,1100,"sd","14:16:39",414000
19350,-200,400,"sd","14:16:18",412900
19350,-200,8500,"sd","14:16:11",412500
19350,-200,100,"sd","14:16:11",404000
19350,-200,1000,"sd","14:16:11",403900
19350,-200,4000,"sd","14:16:11",402900
19350,-200,1400,"sd","14:16:11",398900
19350,-200,1000,"sd","14:14:56",397500
19350,-200,1000,"sd","14:14:41",396500
19350,-200,1600,"sd","14:14:00",395500
19350,-200,500,"sd","14:14:00",393900
19350,-200,100,"sd","14:14:00",393400
19350,-200,500,"sd","14:14:00",393300
19350,-200,1000,"sd","14:14:00",392800
19350,-200,1300,"sd","14:14:00",391800
19350,-200,300,"sd","14:13:42",390500
19350,-200,1000,"sd","14:12:45",390200
19400,-150,600,"bu","14:12:17",389200
19400,-150,500,"bu","14:12:17",388600
19400,-150,1000,"bu","14:12:17",388100
19400,-150,200,"bu","14:12:17",387100
19400,-150,700,"sd","14:12:09",386900
19400,-150,100,"sd","14:11:57",386200
19400,-150,400,"sd","14:09:58",386100
19400,-150,300,"sd","14:09:58",385700
19400,-150,300,"sd","14:09:58",385400
19400,-150,100,"sd","14:08:58",385100
19400,-150,500,"sd","14:06:21",385000
19400,-150,100,"sd","14:06:13",384500
19350,-200,1200,"sd","14:06:00",384400
19350,-200,1000,"sd","14:06:00",383200
19350,-200,800,"sd","14:02:28",382200
19350,-200,1000,"sd","14:02:28",381400
19350,-200,400,"sd","14:02:28",380400
19400,-150,100,"sd","14:02:28",380000
19400,-150,100,"sd","14:01:10",379900
19400,-150,1000,"sd","14:01:10",379800
19400,-150,100,"sd","14:01:10",378800
19400,-150,500,"sd","14:01:10",378700
19400,-150,100,"bu","13:59:48",378200
19400,-150,500,"bu","13:59:41",378100
19350,-200,200,"sd","13:57:49",377600
19350,-200,2000,"sd","13:57:47",377400
19350,-200,2400,"sd","13:56:05",375400
19400,-150,100,"sd","13:56:05",373000
19400,-150,2000,"sd","13:55:53",372900
19400,-150,2000,"sd","13:55:03",370900
19400,-150,200,"sd","13:54:55",368900
19400,-150,1000,"sd","13:54:55",368700
19400,-150,700,"sd","13:54:55",367700
19400,-150,100,"sd","13:54:55",367000
19400,-150,100,"sd","13:54:55",366900
19400,-150,300,"sd","13:54:55",366800
19400,-150,600,"sd","13:54:55",366500
19400,-150,2000,"sd","13:54:35",365900
19400,-150,1000,"sd","13:53:55",363900
19400,-150,1500,"sd","13:53:25",362900
19400,-150,900,"sd","13:52:52",361400
19400,-150,4000,"sd","13:52:25",360500
19400,-150,100,"sd","13:52:25",356500
19400,-150,500,"sd","13:52:25",356400
19400,-150,200,"sd","13:52:25",355900
19400,-150,200,"sd","13:52:25",355700
19400,-150,500,"sd","13:52:25",355500
19400,-150,1000,"sd","13:52:25",355000
19400,-150,100,"sd","13:52:25",354000
19400,-150,1000,"sd","13:52:25",353900
19400,-150,2400,"sd","13:52:25",352900
19400,-150,1200,"sd","13:52:21",350500
19400,-150,1000,"sd","13:52:21",349300
19400,-150,500,"sd","13:52:21",348300
19400,-150,1000,"sd","13:52:21",347800
19400,-150,100,"sd","13:52:21",346800
19400,-150,500,"sd","13:52:21",346700
19400,-150,100,"sd","13:52:21",346200
19400,-150,500,"sd","13:52:21",346100
19400,-150,100,"sd","13:52:21",345600
19400,-150,100,"sd","13:52:01",345500
19400,-150,200,"sd","13:52:01",345400
19400,-150,200,"sd","13:52:01",345200
19400,-150,100,"sd","13:51:50",345000
19400,-150,900,"sd","13:51:50",344900
19400,-150,2000,"sd","13:51:30",344000
19400,-150,1000,"sd","13:51:13",342000
19400,-150,4000,"sd","13:48:37",341000
19400,-150,300,"sd","13:47:28",337000
19400,-150,1200,"sd","13:47:28",336700
19400,-150,600,"sd","13:45:57",335500
19400,-150,100,"sd","13:45:57",334900
19400,-150,100,"sd","13:45:57",334800
19400,-150,1000,"sd","13:45:15",334700
19400,-150,900,"sd","13:45:15",333700
19400,-150,700,"sd","13:44:24",332800
19400,-150,300,"sd","13:43:20",332100
19450,-100,200,"sd","13:43:20",331800
19450,-100,300,"sd","13:42:50",331600
19450,-100,200,"sd","13:42:50",331300
19450,-100,100,"sd","13:42:50",331100
19450,-100,100,"sd","13:42:50",331000
19450,-100,1000,"sd","13:42:01",330900
19450,-100,900,"sd","13:41:03",329900
19450,-100,100,"sd","13:41:03",329000
19450,-100,100,"sd","13:41:03",328900
19450,-100,200,"sd","13:41:03",328800
19450,-100,100,"sd","13:41:03",328600
19450,-100,1000,"sd","13:41:03",328500
19450,-100,600,"sd","13:41:03",327500
19450,-100,300,"sd","13:40:21",326900
19450,-100,1000,"sd","13:38:46",326600
19450,-100,100,"bu","13:38:36",325600
19400,-150,100,"sd","13:38:15",325500
19400,-150,1200,"sd","13:38:15",325400
19400,-150,1000,"sd","13:38:05",324200
19400,-150,2800,"sd","13:37:41",323200
19450,-100,100,"unknown","13:37:41",320400
19450,-100,100,"unknown","13:37:41",320300
19450,-100,100,"unknown","13:37:41",320200
19450,-100,200,"unknown","13:37:41",320100
19450,-100,100,"unknown","13:37:41",319900
19450,-100,200,"sd","13:37:41",319800
19450,-100,100,"sd","13:37:41",319600
19450,-100,600,"sd","13:37:41",319500
19450,-100,100,"sd","13:37:41",318900
19450,-100,400,"sd","13:37:41",318800
19450,-100,500,"sd","13:37:41",318400
19450,-100,4700,"sd","13:37:41",317900
19450,-100,300,"sd","13:37:36",313200
19450,-100,1200,"sd","13:37:36",312900
19500,-50,2000,"bu","13:36:15",311700
19450,-100,400,"sd","13:35:16",309700
19450,-100,500,"sd","13:34:34",309300
19450,-100,4000,"sd","13:34:26",308800
19450,-100,500,"sd","13:33:19",304800
19450,-100,1000,"sd","13:30:56",304300
19450,-100,400,"sd","13:30:23",303300
19450,-100,3000,"sd","13:30:20",302900
19450,-100,4000,"sd","13:29:57",299900
19450,-100,500,"sd","13:29:57",295900
19450,-100,100,"sd","13:29:57",295400
19450,-100,100,"sd","13:29:57",295300
19450,-100,1000,"sd","13:29:57",295200
19450,-100,500,"sd","13:29:57",294200
19500,-50,100,"bu","13:28:56",293700
19500,-50,1000,"sd","13:28:35",293600
19500,-50,100,"sd","13:28:35",292600
19500,-50,1000,"sd","13:28:35",292500
19500,-50,4000,"sd","13:28:19",291500
19500,-50,1000,"sd","13:28:19",287500
19500,-50,2600,"sd","13:28:15",286500
19500,-50,100,"sd","13:28:15",283900
19500,-50,500,"sd","13:28:15",283800
19500,-50,300,"sd","13:28:15",283300
19500,-50,300,"sd","13:28:15",283000
19500,-50,500,"sd","13:28:15",282700
19500,-50,500,"sd","13:28:15",282200
19500,-50,11000,"sd","13:28:15",281700
19500,-50,4200,"sd","13:28:15",270700
19500,-50,100,"sd","13:27:24",266500
19500,-50,700,"sd","13:26:59",266400
19500,-50,300,"sd","13:26:59",265700
19500,-50,800,"sd","13:26:52",265400
19500,-50,600,"sd","13:26:22",264600
19500,-50,1000,"sd","13:26:20",264000
19500,-50,1000,"sd","13:23:05",263000
19550,0,1000,"bu","13:20:19",262000
19550,0,2500,"bu","13:20:19",261000
19550,0,500,"bu","13:19:10",258500
19550,0,3000,"sd","13:15:40",258000
19550,0,100,"sd","13:15:34",255000
19550,0,100,"sd","13:14:48",254900
19550,0,100,"bu","13:13:39",254800
19550,0,2700,"bu","13:13:39",254700
19550,0,2300,"sd","13:12:46",252000
19550,0,2700,"bu","13:12:31",249700
19550,0,1100,"bu","13:11:03",247000
19550,0,200,"bu","13:11:03",245900
19550,0,1800,"bu","13:10:06",245700
19550,0,200,"bu","13:10:06",243900
19550,0,800,"sd","13:09:18",243700
19550,0,500,"sd","13:09:10",242900
19550,0,3700,"bu","13:08:49",242400
19550,0,1800,"sd","13:08:22",238700
19550,0,1000,"bu","13:08:04",236900
19550,0,1000,"bu","13:08:04",235900
19550,0,200,"bu","13:08:04",234900
19550,0,300,"bu","13:08:04",234700
19550,0,100,"bu","13:08:04",234400
19550,0,100,"bu","13:08:04",234300
19500,-50,1000,"sd","13:06:48",234200
19500,-50,100,"sd","13:06:41",233200
19500,-50,200,"sd","13:04:50",233100
19500,-50,500,"sd","13:00:43",232900
19500,-50,200,"sd","13:00:43",232400
19500,-50,200,"sd","13:00:43",232200
19500,-50,100,"sd","13:00:43",232000
19500,-50,100,"sd","13:00:08",231900
19500,-50,100,"sd","11:28:33",231800
19550,0,4900,"bu","11:24:27",231700
19550,0,5100,"bu","11:24:27",226800
19550,0,600,"bu","11:22:15",221700
19550,0,4000,"bu","11:21:26",221100
19550,0,1000,"bu","11:21:26",217100
19550,0,500,"bu","11:21:26",216100
19550,0,300,"bu","11:21:26",215600
19550,0,4500,"bu","11:21:26",215300
19550,0,200,"sd","11:20:20",210800
19550,0,300,"sd","11:18:25",210600
19550,0,1500,"unknown","11:15:02",210300
19550,0,900,"unknown","11:15:02",208800
19600,50,100,"bu","11:12:59",207900
19550,0,500,"bu","11:12:52",207800
19550,0,9500,"bu","11:12:52",207300
19550,0,500,"bu","11:12:37",197800
19550,0,500,"bu","11:12:37",197300
19500,-50,300,"sd","11:12:31",196800
19500,-50,1700,"sd","11:12:09",196500
19500,-50,500,"sd","11:12:09",194800
19500,-50,1300,"sd","11:12:09",194300
19500,-50,2000,"sd","11:12:09",193000
19500,-50,100,"sd","11:12:09",191000
19500,-50,100,"sd","11:12:09",190900
19500,-50,1000,"sd","11:12:09",190800
19500,-50,200,"sd","11:12:09",189800
19500,-50,100,"sd","11:12:09",189600
19500,-50,1000,"sd","11:12:09",189500
19500,-50,2000,"sd","11:12:09",188500
19550,0,500,"sd","11:08:13",186500
19550,0,500,"bu","11:05:55",186000
19550,0,1500,"bu","11:04:38",185500
19550,0,2000,"bu","11:04:27",184000
19500,-50,300,"sd","11:01:05",182000
19500,-50,1300,"sd","10:57:39",181700
19500,-50,200,"sd","10:57:39",180400
19500,-50,500,"sd","10:57:39",180200
19500,-50,1000,"sd","10:57:39",179700
19500,-50,200,"sd","10:55:24",178700
19500,-50,100,"sd","10:55:24",178500
19500,-50,100,"sd","10:55:24",178400
19500,-50,200,"sd","10:55:24",178300
19500,-50,400,"sd","10:55:24",178100
19500,-50,600,"sd","10:54:33",177700
19500,-50,300,"sd","10:54:33",177100
19500,-50,600,"sd","10:54:33",176800
19550,0,200,"sd","10:51:51",176200
19550,0,800,"sd","10:51:51",176000
19550,0,1200,"bu","10:50:28",175200
19550,0,600,"sd","10:50:23",174000
19550,0,100,"sd","10:49:52",173400
19550,0,400,"sd","10:49:52",173300
19550,0,400,"sd","10:49:38",172900
19550,0,500,"sd","10:49:38",172500
19550,0,1900,"sd","10:49:38",172000
19550,0,100,"sd","10:49:38",170100
19550,0,700,"sd","10:49:38",170000
19550,0,2800,"sd","10:49:38",169300
19550,0,900,"bu","10:46:58",166500
19550,0,1000,"bu","10:46:40",165600
19550,0,100,"sd","10:46:37",164600
19550,0,100,"sd","10:46:10",164500
19550,0,500,"bu","10:46:09",164400
19550,0,2000,"bu","10:46:09",163900
19550,0,1300,"bu","10:46:09",161900
19550,0,100,"bu","10:45:25",160600
19500,-50,1800,"sd","10:40:32",160500
19500,-50,3700,"sd","10:40:02",158700
19500,-50,200,"sd","10:34:40",155000
19550,0,600,"bu","10:34:32",154800
19550,0,400,"bu","10:34:32",154200
19500,-50,1000,"sd","10:34:19",153800
19500,-50,700,"sd","10:31:28",152800
19500,-50,2000,"sd","10:29:54",152100
19500,-50,2000,"sd","10:28:07",150100
19500,-50,300,"sd","10:28:07",148100
19500,-50,100,"sd","10:28:07",147800
19500,-50,1900,"sd","10:26:20",147700
19500,-50,500,"sd","10:26:20",145800
19500,-50,200,"sd","10:26:20",145300
19500,-50,400,"sd","10:26:20",145100
19500,-50,1200,"sd","10:26:04",144700
19500,-50,1400,"sd","10:25:46",143500
19500,-50,500,"sd","10:25:46",142100
19500,-50,1100,"sd","10:25:46",141600
19500,-50,2600,"sd","10:25:34",140500
19500,-50,500,"sd","10:23:12",137900
19500,-50,500,"sd","10:22:42",137400
19550,0,1000,"bu","10:19:00",136900
19500,-50,400,"sd","10:18:01",135900
19500,-50,800,"sd","10:17:52",135500
19500,-50,800,"sd","10:17:32",134700
19500,-50,100,"sd","10:17:10",133900
19550,0,500,"bu","10:16:42",133800
19550,0,100,"bu","10:15:58",133300
19550,0,1000,"unknown","10:15:58",133200
19550,0,100,"sd","10:15:58",132200
19550,0,1200,"sd","10:15:58",132100
19550,0,500,"sd","10:15:58",130900
19550,0,200,"sd","10:15:58",130400
19550,0,400,"sd","10:15:58",130200
19550,0,4600,"sd","10:15:31",129800
19550,0,300,"sd","10:15:31",125200
19550,0,100,"sd","10:15:31",124900
19550,0,1000,"sd","10:13:17",124800
19550,0,1500,"sd","10:12:24",123800
19550,0,1700,"sd","10:07:25",122300
19550,0,700,"bu","10:06:45",120600
19500,-50,3200,"sd","10:04:32",119900
19500,-50,200,"sd","10:04:32",116700
19500,-50,1600,"sd","10:04:32",116500
19550,0,300,"bu","10:01:02",114900
19550,0,500,"bu","10:01:00",114600
19550,0,500,"bu","10:00:42",114100
19550,0,500,"sd","09:59:38",113600
19550,0,300,"bu","09:58:54",113100
19550,0,500,"bu","09:57:37",112800
19550,0,1100,"sd","09:56:27",112300
19500,-50,300,"sd","09:54:59",111200
19500,-50,100,"sd","09:54:49",110900
19500,-50,2000,"sd","09:54:49",110800
19550,0,700,"bu","09:54:27",108800
19550,0,1000,"sd","09:54:26",108100
19550,0,7300,"sd","09:54:26",107100
19550,0,900,"bu","09:53:10",99800
19550,0,1800,"bu","09:53:10",98900
19550,0,300,"sd","09:52:35",97100
19550,0,100,"sd","09:52:35",96800
19550,0,500,"sd","09:52:35",96700
19550,0,100,"sd","09:52:35",96200
19550,0,200,"bu","09:49:23",96100
19550,0,100,"bu","09:47:51",95900
19550,0,100,"bu","09:47:33",95800
19550,0,500,"bu","09:44:04",95700
19550,0,2400,"bu","09:43:34",95200
19550,0,100,"sd","09:43:20",92800
19550,0,200,"sd","09:43:20",92700
19550,0,500,"sd","09:43:20",92500
19550,0,2000,"sd","09:43:20",92000
19550,0,1000,"sd","09:43:20",90000
19550,0,100,"sd","09:43:20",89000
19550,0,2000,"sd","09:42:52",88900
19600,50,200,"bu","09:42:46",86900
19600,50,300,"bu","09:42:46",86700
19550,0,200,"sd","09:40:34",86400
19550,0,200,"sd","09:40:23",86200
19550,0,100,"sd","09:40:00",86000
19550,0,500,"sd","09:37:15",85900
19550,0,100,"sd","09:37:11",85400
19550,0,500,"sd","09:37:11",85300
19550,0,400,"sd","09:37:06",84800
19550,0,900,"sd","09:36:35",84400
19550,0,100,"sd","09:36:35",83500
19550,0,3500,"sd","09:36:35",83400
19550,0,500,"sd","09:36:22",79900
19550,0,2300,"sd","09:36:22",79400
19550,0,400,"sd","09:36:22",77100
19550,0,100,"sd","09:36:22",76700
19550,0,500,"sd","09:36:22",76600
19550,0,1000,"sd","09:36:22",76100
19550,0,100,"sd","09:36:22",75100
19550,0,300,"sd","09:36:22",75000
19600,50,1000,"bu","09:35:20",74700
19600,50,200,"bu","09:34:52",73700
19600,50,300,"bu","09:34:52",73500
19600,50,1000,"bu","09:34:11",73200
19600,50,1000,"sd","09:33:27",72200
19600,50,100,"sd","09:33:27",71200
19600,50,600,"sd","09:33:27",71100
19600,50,2100,"sd","09:32:11",70500
19600,50,1600,"sd","09:32:11",68400
19600,50,300,"sd","09:32:11",66800
19600,50,500,"sd","09:32:11",66500
19650,100,2900,"bu","09:32:04",66000
19650,100,100,"bu","09:32:04",63100
19600,50,2900,"sd","09:31:35",63000
19600,50,300,"sd","09:31:35",60100
19600,50,100,"sd","09:30:22",59800
19600,50,1200,"bu","09:29:47",59700
19600,50,400,"bu","09:29:30",58500
19550,0,100,"sd","09:29:14",58100
19550,0,100,"sd","09:28:25",58000
19550,0,300,"sd","09:27:42",57900
19550,0,200,"sd","09:27:19",57600
19550,0,2000,"sd","09:27:19",57400
19550,0,800,"sd","09:27:19",55400
19550,0,1000,"sd","09:27:19",54600
19550,0,1000,"sd","09:27:10",53600
19550,0,15400,"sd","09:26:55",52600
19550,0,200,"sd","09:26:17",37200
19550,0,4200,"sd","09:26:14",37000
19550,0,1000,"sd","09:26:14",32800
19550,0,300,"sd","09:26:14",31800
19600,50,1000,"bu","09:26:01",31500
19600,50,500,"sd","09:25:41",30500
19600,50,9500,"sd","09:24:40",30000
19600,50,300,"sd","09:24:40",20500
19600,50,200,"sd","09:24:40",20200
19600,50,800,"sd","09:24:17",20000
19600,50,2100,"sd","09:24:17",19200
19600,50,300,"sd","09:24:17",17100
19600,50,500,"sd","09:24:17",16800
19600,50,2300,"sd","09:24:17",16300
19600,50,1700,"sd","09:23:43",14000
19600,50,1000,"sd","09:23:03",12300
19650,100,400,"sd","09:22:36",11300
19650,100,100,"sd","09:21:13",10900
19700,150,400,"sd","09:20:27",10800
19700,150,100,"sd","09:20:21",10400
19700,150,500,"bu","09:19:42",10300
19700,150,1500,"sd","09:19:25",9800
19700,150,500,"sd","09:19:21",8300
19800,250,2000,"sd","09:15:14",7800
19850,300,5800,"bu","09:15:00",5800
