"price","change","match_qtty","side","time","total_vol"
28150,-250,800,"unknown","14:45:03",133100
28200,-200,100,"bu","14:29:38",132300
28200,-200,100,"bu","14:23:42",132200
28200,-200,500,"bu","14:23:34",132100
28200,-200,1000,"bu","14:23:34",131600
28200,-200,100,"bu","14:23:34",130600
28150,-250,400,"bu","14:22:07",130500
28100,-300,1000,"bu","14:20:12",130100
28100,-300,100,"bu","14:20:12",129100
28100,-300,100,"bu","14:19:25",129000
28100,-300,100,"bu","14:19:03",128900
28100,-300,200,"unknown","14:18:56",128800
28100,-300,100,"unknown","14:18:56",128600
28050,-350,200,"sd","14:18:14",128500
28050,-350,500,"sd","14:16:47",128300
28100,-300,900,"bu","14:16:35",127800
28100,-300,100,"bu","14:16:35",126900
28050,-350,300,"sd","14:16:25",126800
28050,-350,400,"sd","14:16:11",126500
28050,-350,600,"sd","14:15:23",126100
28050,-350,1400,"sd","14:15:23",125500
28050,-350,1000,"sd","14:14:31",124100
28050,-350,2000,"sd","14:13:40",123100
28050,-350,1000,"sd","14:13:00",121100
28050,-350,100,"sd","14:13:00",120100
28050,-350,100,"sd","14:13:00",120000
28050,-350,2000,"sd","14:13:00",119900
28050,-350,200,"sd","14:13:00",117900
28050,-350,2600,"sd","14:13:00",117700
28100,-300,2000,"bu","14:12:09",115100
28100,-300,300,"bu","14:12:09",113100
28100,-300,600,"bu","14:12:09",112800
28100,-300,1000,"sd","14:11:02",112200
28100,-300,1400,"sd","14:09:58",111200
28100,-300,1000,"sd","14:09:58",109800
28100,-300,1100,"sd","14:09:54",108800
28100,-300,500,"sd","14:09:54",107700
28100,-300,1000,"sd","14:09:15",107200
28100,-300,3500,"sd","14:08:32",106200
28100,-300,500,"sd","14:08:32",102700
28100,-300,4500,"sd","14:06:46",102200
28100,-300,1000,"sd","14:06:46",97700
28100,-300,100,"sd","14:06:46",96700
28150,-250,400,"sd","14:06:46",96600
28200,-200,100,"bu","14:03:29",96200
28100,-300,400,"bu","14:01:01",96100
28100,-300,100,"bu","14:00:38",95700
28100,-300,300,"sd","13:59:28",95600
28100,-300,2700,"sd","13:58:17",95300
28100,-300,300,"sd","13:58:17",92600
28100,-300,200,"sd","13:57:26",92300
28100,-300,2800,"sd","13:57:26",92100
28100,-300,300,"sd","13:54:35",89300
28100,-300,1900,"sd","13:54:32",89000
28100,-300,900,"sd","13:54:32",87100
28100,-300,4500,"sd","13:54:17",86200
28100,-300,1200,"sd","13:54:06",81700
28100,-300,400,"sd","13:53:34",80500
28100,-300,3600,"sd","13:53:34",80100
28100,-300,1400,"sd","13:53:06",76500
28100,-300,5000,"sd","13:53:06",75100
28100,-300,3500,"sd","13:53:06",70100
28150,-250,100,"sd","13:53:06",66600
28200,-200,100,"bu","13:52:51",66500
28100,-300,6500,"sd","13:48:28",66400
28100,-300,300,"sd","13:48:28",59900
28100,-300,1000,"sd","13:48:28",59600
28100,-300,1000,"sd","13:48:28",58600
28100,-300,300,"sd","13:48:28",57600
28100,-300,200,"sd","13:48:15",57300
28100,-300,100,"sd","13:48:15",57100
28100,-300,300,"sd","13:48:04",57000
28100,-300,100,"sd","13:48:04",56700
28100,-300,5000,"sd","13:48:04",56600
28150,-250,100,"sd","13:48:04",51600
28150,-250,500,"sd","13:48:04",51500
28150,-250,500,"sd","13:39:51",51000
28150,-250,500,"sd","13:39:51",50500
28150,-250,200,"sd","13:25:26",50000
28150,-250,100,"sd","13:25:26",49800
28150,-250,200,"sd","13:25:26",49700
28150,-250,1000,"sd","13:25:00",48000
28150,-250,800,"sd","13:25:00",49500
28150,-250,200,"sd","13:25:00",48700
28150,-250,500,"sd","13:25:00",48500
28200,-200,1000,"sd","13:13:51",47000
28200,-200,100,"sd","13:13:29",46000
28200,-200,1300,"sd","13:13:29",45900
28200,-200,400,"sd","13:13:29",44600
28200,-200,100,"sd","13:13:29",44200
28200,-200,100,"sd","13:13:29",44100
28250,-150,200,"sd","13:13:10",44000
28250,-150,200,"sd","13:12:33",43800
28250,-150,100,"sd","13:06:30",43600
28250,-150,200,"sd","13:06:14",43500
28250,-150,800,"sd","13:04:13",43300
28250,-150,200,"sd","13:04:13",42500
28400,0,500,"bu","13:00:23",42300
28250,-150,4700,"sd","13:00:20",41800
28250,-150,200,"sd","13:00:20",37100
28250,-150,100,"sd","11:25:58",36900
28250,-150,4200,"sd","11:23:27",36800
28350,-50,300,"sd","11:23:27",32600
28350,-50,200,"bu","11:22:16",32300
28350,-50,300,"sd","11:20:29",32100
28350,-50,1700,"bu","11:17:57",31800
28250,-150,100,"bu","11:14:46",30100
28250,-150,900,"sd","11:12:28",30000
28250,-150,200,"bu","11:06:10",29100
28250,-150,100,"bu","11:06:10",28900
28200,-200,200,"sd","11:05:22",28800
28200,-200,800,"sd","11:05:22",28600
28200,-200,200,"sd","11:04:43",27800
28200,-200,500,"sd","11:03:42",27600
28200,-200,500,"sd","11:01:43",27100
28200,-200,500,"sd","11:01:43",26600
28250,-150,500,"bu","11:01:09",26100
28250,-150,500,"bu","11:00:34",25600
28250,-150,500,"bu","11:00:24",25100
28250,-150,500,"bu","11:00:15",24600
28250,-150,2600,"bu","10:57:46",24100
28250,-150,100,"bu","10:55:49",21500
28250,-150,100,"bu","10:54:47",21400
28250,-150,500,"bu","10:53:49",21300
28200,-200,1300,"sd","10:50:59",20800
28250,-150,500,"bu","10:47:46",19500
28250,-150,100,"bu","10:47:37",19000
28250,-150,400,"bu","10:47:37",18900
28250,-150,100,"bu","10:47:37",18500
28200,-200,200,"sd","10:42:39",18400
28200,-200,100,"sd","10:42:39",18200
28200,-200,400,"sd","10:42:23",18100
28250,-150,400,"bu","10:35:29",17700
28250,-150,600,"bu","10:28:35",17300
28200,-200,400,"bu","10:28:35",16700
28200,-200,100,"sd","10:27:44",16300
28200,-200,400,"sd","10:20:40",16200
28200,-200,300,"sd","10:19:01",15800
28200,-200,200,"sd","10:17:03",15500
28200,-200,100,"sd","10:17:03",15300
28200,-200,100,"sd","10:13:06",15200
28200,-200,200,"sd","10:13:06",15100
28200,-200,300,"sd","10:10:16",14900
28200,-200,1000,"sd","10:07:55",14600
28200,-200,100,"sd","10:07:55",13600
28200,-200,400,"sd","10:07:55",13500
28200,-200,100,"sd","10:06:24",13100
28250,-150,100,"bu","10:03:01",13000
28250,-150,100,"bu","10:02:40",12900
28250,-150,500,"bu","09:56:01",12800
28250,-150,700,"sd","09:53:46",12300
28250,-150,300,"sd","09:53:27",11600
28300,-100,900,"sd","09:52:08",11300
28300,-100,700,"sd","09:52:08",10400
28300,-100,500,"sd","09:52:08",9700
28350,-50,800,"sd","09:48:41",9200
28450,50,300,"bu","09:37:00",8400
28450,50,200,"sd","09:35:32",8100
28450,50,300,"bu","09:35:07",7900
28300,-100,2900,"sd","09:27:50",7600
28400,0,100,"sd","09:27:50",4700
28400,0,500,"sd","09:27:36",4600
28500,100,300,"sd","09:25:59",4100
28500,100,400,"sd","09:25:59",3800
28500,100,100,"bu","09:23:33",3400
28500,100,300,"bu","09:23:33",3300
28500,100,100,"sd","09:22:20",3000
28500,100,100,"sd","09:22:20",2900
28500,100,200,"bu","09:20:01",2800
28500,100,400,"sd","09:19:30",2600
28600,200,300,"bu","09:18:47",2200
28550,150,200,"bu","09:18:47",1900
28500,100,300,"sd","09:17:40",1700
28500,100,1400,"sd","09:15:01",1400
