"price","change","match_qtty","side","time","total_vol"
153800,300,9400,"unknown","14:45:03",119200
153500,0,100,"bu","14:29:53",109800
153300,-200,100,"unknown","14:29:53",109700
153500,0,300,"bu","14:29:26",109600
153300,-200,100,"sd","14:28:47",109300
153400,-100,400,"bu","14:27:46",109200
153400,-100,700,"bu","14:27:40",108800
153400,-100,200,"bu","14:27:38",108100
153200,-300,600,"sd","14:24:04",107900
153200,-300,100,"sd","14:21:59",107300
153400,-100,100,"bu","14:21:20",107200
153400,-100,1000,"bu","14:19:46",107100
153400,-100,100,"bu","14:19:32",106100
153400,-100,200,"bu","14:18:47",106000
153400,-100,300,"bu","14:18:34",105800
153400,-100,200,"bu","14:18:13",105500
153400,-100,100,"bu","14:18:13",105300
153400,-100,300,"bu","14:18:02",105200
153400,-100,100,"bu","14:17:52",104900
153400,-100,200,"bu","14:17:41",104800
153300,-200,100,"bu","14:17:28",104600
153300,-200,200,"sd","14:16:47",104500
153400,-100,200,"bu","14:16:30",104300
153400,-100,100,"bu","14:16:30",104100
153400,-100,700,"bu","14:16:30",104000
153400,-100,100,"sd","14:16:30",103300
153400,-100,200,"sd","14:16:30",103200
153400,-100,900,"sd","14:16:29",103000
153500,0,200,"bu","14:15:22",102100
153500,0,100,"bu","14:15:22",101900
153400,-100,300,"sd","14:15:19",101800
153400,-100,100,"sd","14:15:17",101500
153400,-100,100,"sd","14:15:12",101400
153400,-100,200,"sd","14:14:58",101300
153400,-100,300,"sd","14:14:58",101100
153400,-100,700,"sd","14:14:48",100800
153400,-100,100,"sd","14:14:48",100100
153400,-100,900,"sd","14:14:48",100000
153400,-100,100,"sd","14:14:39",99100
153400,-100,900,"sd","14:14:39",99000
153400,-100,1000,"sd","14:14:29",98100
153400,-100,100,"sd","14:14:16",97100
153400,-100,300,"sd","14:14:01",97000
153400,-100,100,"sd","14:13:28",96700
153400,-100,100,"sd","14:12:27",96600
153400,-100,900,"sd","14:12:23",96500
153400,-100,300,"sd","14:12:23",95600
153500,0,300,"bu","14:11:40",95300
153500,0,100,"bu","14:10:51",95000
153400,-100,200,"sd","14:09:36",94900
153400,-100,100,"sd","14:06:52",94700
153500,0,300,"bu","14:06:09",94600
153500,0,800,"bu","14:05:43",94300
153500,0,200,"bu","14:05:43",93500
153400,-100,500,"sd","14:05:24",93300
153400,-100,1500,"sd","14:05:24",92800
153500,0,200,"bu","14:05:17",91300
153500,0,100,"bu","14:05:17",91100
153400,-100,1500,"sd","14:05:05",91000
153400,-100,100,"sd","14:04:57",89500
153400,-100,100,"bu","14:03:19",89400
153400,-100,400,"bu","14:03:14",89300
153400,-100,400,"bu","14:03:14",88900
153400,-100,500,"bu","14:03:14",88500
153400,-100,100,"bu","14:03:14",88000
153400,-100,300,"bu","14:03:14",87900
153400,-100,300,"bu","14:03:14",87600
153400,-100,200,"bu","14:02:30",87300
153400,-100,500,"bu","14:02:30",87100
153400,-100,300,"bu","14:02:30",86600
153400,-100,300,"bu","14:02:20",86300
153400,-100,100,"bu","14:01:31",86000
153400,-100,100,"bu","14:01:16",85900
153400,-100,100,"bu","14:00:45",85800
153400,-100,200,"bu","13:59:29",85700
153400,-100,100,"bu","13:59:29",85500
153400,-100,600,"bu","13:59:29",85400
153400,-100,200,"bu","13:56:42",84800
153400,-100,300,"bu","13:55:41",84600
153300,-200,100,"sd","13:55:23",84300
153300,-200,200,"sd","13:55:23",84200
153300,-200,100,"sd","13:55:16",84000
153300,-200,800,"sd","13:54:27",83900
153400,-100,100,"bu","13:54:13",83100
153400,-100,100,"bu","13:54:08",83000
153400,-100,100,"bu","13:53:50",82900
153300,-200,900,"sd","13:53:20",82800
153300,-200,100,"sd","13:53:20",81900
153400,-100,100,"bu","13:53:00",81800
153300,-200,100,"sd","13:52:54",81700
153400,-100,100,"sd","13:52:04",81600
153400,-100,100,"bu","13:51:21",81500
153400,-100,500,"bu","13:51:16",81400
153400,-100,100,"bu","13:51:16",80900
153400,-100,600,"bu","13:51:16",80800
153400,-100,600,"bu","13:51:16",80200
153400,-100,500,"bu","13:51:16",79600
153400,-100,600,"bu","13:51:16",79100
153400,-100,100,"bu","13:51:16",78500
153300,-200,100,"bu","13:50:59",78400
153300,-200,500,"bu","13:50:51",78300
153300,-200,300,"bu","13:50:51",77800
153300,-200,300,"bu","13:50:51",77500
153300,-200,200,"sd","13:49:29",77200
153400,-100,400,"bu","13:49:27",77000
153400,-100,600,"bu","13:49:27",76600
153400,-100,600,"bu","13:49:27",76000
153400,-100,400,"bu","13:49:27",75400
153400,-100,200,"bu","13:47:04",75000
153400,-100,100,"bu","13:44:36",74800
153400,-100,300,"bu","13:44:28",74700
153400,-100,1400,"bu","13:44:28",74400
153300,-200,200,"sd","13:40:25",73000
153400,-100,100,"bu","13:39:36",72800
153400,-100,200,"bu","13:39:02",72700
153400,-100,100,"bu","13:38:47",72500
153300,-200,200,"bu","13:36:57",72400
153400,-100,200,"bu","13:36:57",72200
153400,-100,200,"bu","13:36:57",72000
153300,-200,100,"bu","13:36:57",71800
153300,-200,100,"bu","13:35:42",71700
153300,-200,500,"bu","13:35:42",71600
153300,-200,200,"bu","13:35:30",71100
153300,-200,100,"sd","13:34:45",70900
153100,-400,100,"sd","13:33:52",70800
153100,-400,200,"sd","13:30:44",70700
153100,-400,200,"sd","13:30:44",70500
153200,-300,100,"sd","13:30:44",70300
153200,-300,100,"sd","13:30:44",70200
153200,-300,100,"sd","13:30:38",70100
153200,-300,100,"sd","13:30:38",70000
153200,-300,900,"bu","13:28:10",69900
153200,-300,200,"bu","13:27:49",69000
153200,-300,900,"sd","13:27:14",68800
153200,-300,100,"sd","13:26:06",67900
153300,-200,100,"bu","13:24:16",67800
153300,-200,200,"bu","13:24:03",67700
153300,-200,200,"bu","13:24:03",67500
153300,-200,400,"bu","13:24:03",67300
153300,-200,400,"bu","13:24:03",66900
153200,-300,100,"sd","13:23:35",66500
153200,-300,200,"sd","13:23:24",66400
153200,-300,300,"sd","13:22:59",66200
153200,-300,200,"sd","13:22:56",65900
153200,-300,300,"sd","13:22:46",65700
153200,-300,100,"sd","13:22:46",65400
153200,-300,600,"sd","13:22:46",65300
153200,-300,300,"sd","13:22:27",64700
153200,-300,100,"sd","13:16:56",64400
153200,-300,900,"sd","13:14:30",64300
153300,-200,100,"bu","13:13:20",63400
153300,-200,100,"bu","13:12:14",63300
153300,-200,300,"sd","13:11:19",63200
153300,-200,200,"sd","13:10:39",62900
153400,-100,200,"bu","13:10:38",62700
153400,-100,800,"bu","13:10:38",62500
153400,-100,200,"bu","13:09:25",61700
153400,-100,200,"bu","13:09:25",61500
153400,-100,100,"bu","13:09:00",61300
153300,-200,100,"sd","13:08:56",61200
153400,-100,100,"bu","13:08:50",61100
153400,-100,1500,"bu","13:08:50",61000
153300,-200,100,"sd","13:08:41",59500
153400,-100,200,"bu","13:08:33",59400
153400,-100,100,"bu","13:07:44",59200
153400,-100,300,"bu","13:07:44",59100
153400,-100,400,"sd","13:07:37",58800
153400,-100,300,"sd","13:07:29",58400
153400,-100,200,"sd","13:07:29",58100
153400,-100,100,"sd","13:07:06",57900
153400,-100,100,"sd","13:07:00",57800
153400,-100,1000,"sd","13:07:00",57700
153400,-100,100,"sd","13:07:00",56700
153400,-100,200,"sd","13:07:00",56600
153400,-100,600,"sd","13:07:00",56400
153400,-100,100,"sd","13:06:43",55800
153400,-100,100,"sd","13:06:16",55700
153400,-100,200,"sd","13:05:51",55600
153400,-100,100,"sd","13:05:51",55400
153500,0,100,"bu","13:03:45",55300
153500,0,200,"bu","13:02:23",55200
153400,-100,200,"sd","13:02:05",55000
153400,-100,200,"sd","13:02:05",54800
153400,-100,300,"sd","13:01:58",54600
153400,-100,200,"sd","13:01:58",54300
153500,0,300,"bu","13:00:00",54100
153500,0,100,"bu","13:00:00",53800
153500,0,200,"bu","11:28:54",53700
153500,0,100,"bu","11:28:06",53500
153500,0,200,"bu","11:28:06",53400
153500,0,100,"sd","11:25:00",53200
153500,0,200,"sd","11:25:00",53100
153500,0,200,"sd","11:25:00",52900
153500,0,100,"sd","11:25:00",52700
153500,0,300,"sd","11:25:00",52600
153500,0,500,"sd","11:24:44",52300
153500,0,500,"bu","11:23:22",51800
153400,-100,100,"sd","11:23:17",51300
153500,0,300,"bu","11:21:04",51200
153500,0,100,"bu","11:19:16",50900
153500,0,100,"sd","11:19:12",50800
153500,0,300,"sd","11:19:12",50700
153500,0,100,"bu","11:16:16",50400
153500,0,300,"bu","11:15:26",50300
153500,0,100,"bu","11:14:27",50000
153500,0,100,"bu","11:14:27",49900
153500,0,200,"sd","11:12:26",49800
153500,0,100,"sd","11:12:26",49600
153500,0,100,"sd","11:12:26",49500
153500,0,500,"sd","11:12:26",49400
153500,0,400,"sd","11:11:50",48900
153500,0,100,"sd","11:11:28",48500
153500,0,400,"sd","11:10:00",48400
153500,0,400,"sd","11:09:30",48000
153500,0,100,"sd","11:09:30",47600
153500,0,100,"sd","11:09:30",47500
153500,0,300,"sd","11:09:30",47400
153500,0,100,"sd","11:09:17",47100
153500,0,100,"sd","11:08:10",47000
153500,0,400,"sd","11:08:10",46900
153500,0,100,"sd","11:07:10",46500
153600,100,100,"bu","11:07:02",46400
153500,0,300,"sd","11:06:19",46300
153500,0,100,"sd","11:06:19",46000
153500,0,100,"sd","11:06:14",45900
153500,0,300,"sd","11:06:14",45800
153500,0,200,"sd","11:06:14",45500
153500,0,200,"sd","11:06:14",45300
153500,0,400,"sd","11:04:28",45100
153500,0,100,"sd","11:02:38",44700
153500,0,100,"sd","11:02:38",44600
153500,0,200,"sd","11:02:38",44500
153500,0,500,"sd","11:00:46",44300
153500,0,400,"sd","11:00:20",43800
153500,0,400,"sd","10:58:57",43400
153500,0,400,"sd","10:57:05",43000
153500,0,400,"sd","10:55:16",42600
153500,0,400,"sd","10:53:25",42200
153500,0,100,"sd","10:53:12",41800
153500,0,400,"sd","10:52:33",41700
153500,0,100,"sd","10:52:33",41300
153600,100,200,"bu","10:50:24",41200
153600,100,100,"bu","10:47:09",41000
153600,100,100,"bu","10:45:33",40900
153600,100,100,"bu","10:44:22",40800
153600,100,400,"bu","10:44:03",40700
153500,0,400,"sd","10:42:22",40300
153500,0,100,"bu","10:41:30",39900
153500,0,200,"bu","10:40:50",39800
153500,0,100,"bu","10:40:36",39600
153400,-100,200,"sd","10:40:31",39500
153400,-100,200,"sd","10:40:31",39300
153400,-100,100,"sd","10:40:02",39100
153500,0,100,"sd","10:38:41",39000
153500,0,500,"bu","10:37:19",38900
153500,0,400,"bu","10:37:19",38400
153500,0,100,"bu","10:35:57",38000
153500,0,200,"sd","10:34:26",37900
153500,0,100,"sd","10:34:12",37700
153500,0,500,"sd","10:33:10",37600
153500,0,200,"bu","10:32:22",37100
153500,0,300,"bu","10:32:22",36900
153400,-100,100,"sd","10:31:25",36600
153500,0,200,"sd","10:31:19",36500
153500,0,200,"bu","10:30:28",36300
153500,0,100,"sd","10:29:29",36100
153500,0,200,"sd","10:29:29",36000
153500,0,100,"sd","10:28:26",35800
153500,0,100,"sd","10:28:06",35700
153500,0,100,"sd","10:27:38",35600
153500,0,400,"sd","10:27:38",35500
153500,0,500,"sd","10:27:31",35100
153500,0,400,"sd","10:27:18",34600
153500,0,200,"sd","10:26:57",34200
153500,0,100,"sd","10:26:57",34000
153500,0,100,"sd","10:25:50",33900
153600,100,1000,"bu","10:23:53",33800
153600,100,100,"bu","10:23:03",32800
153600,100,100,"sd","10:22:47",32700
153600,100,100,"sd","10:22:05",32600
153600,100,300,"sd","10:22:05",32500
153600,100,400,"sd","10:20:15",32200
153600,100,300,"bu","10:19:56",31800
153600,100,100,"sd","10:19:37",31500
153600,100,200,"sd","10:19:37",31400
153600,100,100,"sd","10:19:37",31200
153600,100,100,"sd","10:18:48",31100
153600,100,500,"sd","10:18:25",31000
153600,100,100,"sd","10:17:44",30500
153600,100,400,"sd","10:16:35",30400
153600,100,400,"bu","10:15:24",30000
153600,100,100,"sd","10:14:44",29600
153600,100,400,"sd","10:14:00",29500
153600,100,100,"sd","10:14:00",29100
153600,100,100,"sd","10:12:54",29000
153600,100,200,"sd","10:12:54",28900
153600,100,100,"sd","10:12:54",28700
153600,100,200,"bu","10:11:10",28600
153500,0,100,"sd","10:11:03",28400
153500,0,100,"sd","10:11:03",28300
153500,0,200,"sd","10:11:03",28200
153500,0,300,"sd","10:09:13",28000
153500,0,200,"sd","10:09:13",27700
153500,0,300,"sd","10:07:42",27500
153600,100,100,"bu","10:07:34",27200
153600,100,200,"sd","10:07:21",27100
153600,100,100,"bu","10:06:38",26900
153600,100,400,"bu","10:06:38",26800
153600,100,100,"bu","10:06:30",26400
153600,100,200,"bu","10:04:22",26300
153600,100,500,"bu","10:04:22",26100
153600,100,100,"bu","10:04:22",25600
153600,100,100,"bu","10:04:22",25500
153500,0,500,"sd","10:03:41",25400
153500,0,100,"sd","10:03:20",24900
153500,0,400,"sd","10:03:20",24800
153500,0,500,"sd","10:03:09",24400
153500,0,500,"sd","10:03:07",23900
153500,0,500,"bu","10:02:41",23400
153500,0,100,"bu","10:02:41",22900
153500,0,400,"bu","10:02:35",22800
153500,0,500,"bu","10:02:35",22400
153500,0,100,"bu","10:02:35",21900
153500,0,100,"bu","10:02:16",21800
153500,0,200,"sd","09:59:12",21700
153500,0,100,"sd","09:59:12",21500
153500,0,500,"sd","09:58:09",21400
153500,0,500,"bu","09:56:57",20900
153500,0,400,"bu","09:56:57",20400
153500,0,100,"bu","09:56:15",20000
153500,0,500,"bu","09:54:59",19900
153500,0,100,"bu","09:54:59",19400
153500,0,1000,"bu","09:54:59",19300
153500,0,400,"bu","09:54:59",18300
153500,0,100,"sd","09:52:37",17900
153500,0,1300,"bu","09:51:44",17800
153500,0,100,"bu","09:51:24",16500
153500,0,100,"bu","09:51:23",16400
153500,0,1000,"sd","09:48:40",16300
153500,0,200,"sd","09:48:37",15300
153500,0,100,"bu","09:47:32",15100
153500,0,100,"bu","09:43:51",15000
153500,0,200,"bu","09:43:29",14900
153500,0,100,"bu","09:43:00",14700
153500,0,100,"sd","09:42:01",14600
153500,0,2200,"unknown","09:40:58",14500
153500,0,100,"unknown","09:40:58",12300
153500,0,300,"unknown","09:40:58",12200
153400,-100,100,"sd","09:40:34",11900
153400,-100,100,"sd","09:38:53",11800
153400,-100,200,"sd","09:38:39",11700
153400,-100,100,"sd","09:38:39",11500
153400,-100,100,"sd","09:38:39",11400
153400,-100,700,"sd","09:38:14",11300
153500,0,200,"bu","09:38:09",10600
153400,-100,200,"sd","09:38:07",10400
153500,0,100,"bu","09:37:33",10200
153400,-100,800,"sd","09:37:28",10100
153400,-100,200,"sd","09:37:28",9300
153500,0,100,"bu","09:36:34",9100
153500,0,200,"bu","09:36:33",9000
153500,0,200,"bu","09:33:20",8800
153500,0,400,"sd","09:33:05",8600
153500,0,100,"sd","09:32:45",8200
153500,0,200,"sd","09:32:45",8100
153500,0,300,"bu","09:32:28",7900
153500,0,100,"bu","09:32:24",7600
153500,0,100,"sd","09:31:34",7500
153500,0,200,"sd","09:31:34",7400
153500,0,200,"sd","09:31:34",7200
153500,0,100,"sd","09:31:34",7000
153600,100,100,"sd","09:28:52",6900
153700,200,600,"bu","09:28:50",6800
153700,200,100,"bu","09:28:50",6200
153700,200,100,"bu","09:28:50",6100
153700,200,200,"bu","09:28:50",6000
153700,200,200,"bu","09:28:50",5800
153700,200,200,"bu","09:28:50",5600
153700,200,200,"bu","09:28:50",5400
153700,200,200,"bu","09:28:50",5200
153700,200,100,"bu","09:28:33",5000
153700,200,100,"bu","09:27:30",4900
153700,200,100,"bu","09:27:30",4800
153700,200,100,"bu","09:26:28",4700
153700,200,200,"bu","09:26:28",4600
153700,200,100,"bu","09:26:28",4400
153700,200,100,"bu","09:26:28",4300
153700,200,100,"bu","09:26:28",4200
153500,0,100,"sd","09:25:50",4100
153500,0,200,"sd","09:25:50",4000
153700,200,200,"bu","09:23:41",3800
153700,200,200,"bu","09:22:40",3600
153700,200,200,"bu","09:22:38",3400
153700,200,200,"bu","09:22:37",3200
153700,200,100,"bu","09:20:17",3000
153700,200,100,"bu","09:18:53",2900
153700,200,200,"sd","09:18:47",2800
153700,200,200,"sd","09:18:47",2600
153700,200,200,"sd","09:18:39",2400
153700,200,500,"sd","09:18:29",2200
153700,200,1000,"sd","09:18:16",1700
153700,200,100,"sd","09:17:37",700
153700,200,100,"sd","09:16:01",600
153600,100,300,"sd","09:15:07",500
153600,100,200,"sd","09:15:01",200
