"price","change","match_qtty","side","time","total_vol"
21.3,-0.1,1000,"sd","14:45:04",57600
21.2,-0.2,500,"sd","14:29:18",56600
21.4,0,100,"bu","14:26:12",56100
21.4,0,500,"sd","14:25:51",56000
21.5,0.1,200,"sd","14:21:19",55500
21.5,0.1,100,"sd","14:21:19",55300
21.5,0.1,200,"sd","14:20:35",55200
21.5,0.1,200,"sd","14:20:33",55000
21.5,0.1,300,"sd","14:19:47",54800
21.5,0.1,300,"bu","14:18:01",54500
21.55,0.15,1000,"bu","14:14:40",54200
21.55,0.15,5900,"sd","14:09:41",53200
21.6,0.2,700,"sd","14:08:55",47300
21.6,0.2,1000,"sd","14:08:49",46600
21.65,0.25,200,"bu","14:05:55",45600
21.65,0.25,500,"bu","14:04:21",45400
21.65,0.25,100,"bu","14:04:21",44900
21.65,0.25,400,"bu","14:04:21",44800
21.65,0.25,200,"bu","14:00:43",44400
21.6,0.2,1000,"bu","13:58:48",44200
21.6,0.2,2000,"bu","13:58:48",43200
21.6,0.2,5000,"bu","13:58:48",41200
21.6,0.2,100,"bu","13:58:48",36200
21.6,0.2,200,"bu","13:58:48",36100
21.55,0.15,1600,"sd","13:57:23",35900
21.6,0.2,300,"bu","13:41:18",34300
21.55,0.15,100,"bu","13:36:17",34000
21.55,0.15,700,"bu","13:36:17",33900
21.55,0.15,100,"bu","13:21:10",33200
21.6,0.2,200,"sd","13:19:31",33100
21.6,0.2,100,"sd","13:19:31",32900
21.6,0.2,100,"sd","13:19:31",32800
21.6,0.2,100,"sd","13:19:31",32700
21.6,0.2,2900,"sd","13:19:01",32600
21.6,0.2,2100,"sd","13:19:01",29700
21.6,0.2,1000,"sd","13:18:51",27600
21.6,0.2,2000,"sd","13:17:36",26600
21.6,0.2,100,"sd","13:17:23",24600
21.6,0.2,1000,"sd","13:16:37",24500
21.6,0.2,1000,"sd","13:14:52",23500
21.65,0.25,100,"bu","13:14:28",22500
21.65,0.25,300,"bu","13:13:22",22400
21.7,0.3,4500,"bu","13:12:47",22100
21.7,0.3,400,"bu","13:12:36",17600
21.7,0.3,2000,"bu","13:11:59",17200
21.7,0.3,200,"bu","13:11:59",15200
21.7,0.3,300,"bu","13:11:59",15000
21.65,0.25,200,"bu","13:11:49",14700
21.7,0.3,100,"bu","13:10:28",14500
21.7,0.3,500,"bu","13:10:12",14400
21.7,0.3,100,"bu","13:10:05",13900
21.6,0.2,200,"sd","13:09:50",13800
21.6,0.2,1000,"bu","13:09:25",13600
21.6,0.2,100,"bu","13:09:25",12600
21.6,0.2,500,"bu","13:09:25",12500
21.55,0.15,100,"sd","13:08:24",12000
21.55,0.15,1600,"bu","13:08:01",11900
21.55,0.15,1000,"bu","13:08:01",10300
21.55,0.15,200,"bu","13:08:01",9300
21.5,0.1,4000,"bu","13:08:01",9100
21.45,0.05,100,"bu","13:08:01",5100
21.55,0.15,800,"bu","13:05:20",5000
21.55,0.15,100,"bu","13:05:20",4100
21.55,0.15,100,"bu","13:05:20",4200
21.5,0.1,1000,"bu","13:05:20",4000
21.5,0.1,100,"bu","13:05:20",3000
21.5,0.1,400,"bu","13:05:20",2900
21.5,0.1,100,"bu","13:05:20",2500
21.45,0.05,2400,"bu","13:05:20",2400
