"price","change","match_qtty","side","time","total_vol"
12,-0.4,118900,"sd","14:44:46",752100
12.1,-0.3,33400,"bu","14:29:22",633200
12.1,-0.3,5000,"sd","14:29:17",599800
12.1,-0.3,300,"sd","14:29:06",594800
12.2,-0.2,500,"bu","14:28:31",594500
12.2,-0.2,100,"bu","14:28:25",594000
12.2,-0.2,400,"sd","14:28:17",593900
12.2,-0.2,1000,"sd","14:28:15",593500
12.2,-0.2,500,"bu","14:27:02",592500
12.2,-0.2,1000,"bu","14:26:57",592000
12.2,-0.2,500,"bu","14:26:46",591000
12.2,-0.2,500,"bu","14:26:32",590500
12.2,-0.2,1000,"bu","14:26:24",590000
12.2,-0.2,1000,"bu","14:26:16",589000
12.2,-0.2,100,"bu","14:25:36",588000
12.2,-0.2,1000,"bu","14:25:34",587900
12.2,-0.2,100,"bu","14:25:17",586900
12.2,-0.2,800,"bu","14:25:01",586800
12.2,-0.2,5000,"sd","14:24:40",586000
12.2,-0.2,1500,"sd","14:24:03",581000
12.2,-0.2,3600,"bu","14:23:49",579500
12.2,-0.2,300,"bu","14:23:44",575900
12.2,-0.2,100,"bu","14:23:26",575600
12.2,-0.2,800,"bu","14:23:18",575500
12.2,-0.2,2000,"bu","14:23:14",574700
12.2,-0.2,100,"bu","14:22:55",572700
12.2,-0.2,100,"bu","14:22:43",572600
12.2,-0.2,200,"bu","14:22:25",572500
12.2,-0.2,2000,"bu","14:21:58",572300
12.2,-0.2,100,"bu","14:21:53",570300
12.2,-0.2,300,"bu","14:21:50",570200
12.2,-0.2,4500,"bu","14:21:40",569900
12.2,-0.2,200,"sd","14:21:38",565400
12.2,-0.2,3500,"sd","14:21:30",565200
12.2,-0.2,1000,"sd","14:21:22",561700
12.2,-0.2,2000,"sd","14:20:38",560700
12.2,-0.2,1000,"sd","14:20:32",558700
12.2,-0.2,100,"sd","14:20:30",557700
12.2,-0.2,1000,"sd","14:19:58",557600
12.2,-0.2,5300,"sd","14:19:26",556600
12.2,-0.2,300,"sd","14:17:59",551300
12.2,-0.2,4000,"sd","14:17:35",551000
12.2,-0.2,1600,"bu","14:15:46",547000
12.2,-0.2,4000,"bu","14:15:44",545400
12.2,-0.2,1100,"bu","14:15:43",541400
12.2,-0.2,20000,"bu","14:15:40",540300
12.2,-0.2,2000,"bu","14:15:37",520300
12.2,-0.2,300,"bu","14:15:23",518300
12.2,-0.2,2000,"bu","14:15:10",518000
12.1,-0.3,1000,"sd","14:15:03",516000
12.2,-0.2,500,"bu","14:14:45",515000
12.2,-0.2,2000,"bu","14:14:30",514500
12.2,-0.2,100,"bu","14:14:29",512500
12.2,-0.2,2000,"bu","14:14:27",512400
12.2,-0.2,200,"bu","14:14:08",510400
12.2,-0.2,500,"bu","14:12:30",510200
12.2,-0.2,100,"bu","14:12:29",509700
12.2,-0.2,400,"bu","14:12:25",509600
12.2,-0.2,500,"sd","14:12:08",509200
12.2,-0.2,900,"sd","14:11:44",508700
12.2,-0.2,300,"sd","14:11:14",507800
12.2,-0.2,1500,"bu","14:10:49",507500
12.2,-0.2,200,"bu","14:10:22",506000
12.2,-0.2,20000,"sd","14:10:19",505800
12.3,-0.1,200,"bu","14:10:16",485800
12.2,-0.2,500,"sd","14:10:07",485600
12.2,-0.2,100,"sd","14:09:40",485100
12.2,-0.2,500,"sd","14:08:36",485000
12.2,-0.2,5200,"sd","14:08:31",484500
12.2,-0.2,200,"sd","14:07:40",479300
12.2,-0.2,8000,"sd","14:07:05",479100
12.2,-0.2,2000,"sd","14:06:41",471100
12.3,-0.1,100,"bu","14:02:43",469100
12.3,-0.1,100,"bu","14:02:31",469000
12.3,-0.1,100,"bu","14:02:28",468900
12.3,-0.1,1000,"bu","14:02:27",468800
12.3,-0.1,1000,"bu","14:02:11",467800
12.2,-0.2,200,"sd","14:00:25",466800
12.3,-0.1,300,"bu","14:00:19",466600
12.3,-0.1,1000,"bu","13:57:37",466300
12.3,-0.1,100,"bu","13:57:34",465300
12.3,-0.1,1000,"bu","13:56:27",465200
12.3,-0.1,100,"bu","13:55:57",464200
12.3,-0.1,100,"bu","13:53:32",464100
12.2,-0.2,3500,"sd","13:51:20",464000
12.3,-0.1,500,"bu","13:51:00",460500
12.2,-0.2,5200,"sd","13:50:29",460000
12.2,-0.2,300,"sd","13:50:14",454800
12.2,-0.2,1700,"bu","13:46:56",454500
12.2,-0.2,500,"bu","13:46:48",452800
12.2,-0.2,1000,"bu","13:45:34",452300
12.2,-0.2,100,"bu","13:45:03",451300
12.2,-0.2,1100,"sd","13:44:41",451200
12.2,-0.2,16600,"sd","13:44:04",450100
12.2,-0.2,500,"sd","13:42:11",433500
12.2,-0.2,100,"sd","13:39:36",433000
12.2,-0.2,2300,"sd","13:37:33",432900
12.2,-0.2,2100,"sd","13:35:16",430600
12.2,-0.2,4000,"sd","13:33:55",428500
12.2,-0.2,1000,"sd","13:32:58",424500
12.2,-0.2,1000,"sd","13:32:46",423500
12.2,-0.2,1000,"sd","13:32:29",422500
12.2,-0.2,1000,"sd","13:32:17",421500
12.2,-0.2,1000,"sd","13:32:00",420500
12.2,-0.2,500,"sd","13:31:02",419500
12.3,-0.1,500,"bu","13:30:27",419000
12.3,-0.1,100,"bu","13:29:50",418500
12.2,-0.2,5200,"bu","13:28:33",418400
12.2,-0.2,3000,"bu","13:28:19",413200
12.2,-0.2,15600,"bu","13:28:03",410200
12.2,-0.2,5400,"sd","13:27:34",394600
12.2,-0.2,3800,"sd","13:27:25",389200
12.2,-0.2,500,"sd","13:27:15",385400
12.2,-0.2,1000,"sd","13:27:01",384900
12.2,-0.2,5000,"sd","13:25:35",383900
12.2,-0.2,1700,"sd","13:25:20",378900
12.2,-0.2,400,"sd","13:24:45",377200
12.3,-0.1,200,"bu","13:24:44",376800
12.2,-0.2,2000,"sd","13:24:14",376600
12.2,-0.2,100,"sd","13:24:07",374600
12.2,-0.2,1000,"sd","13:23:51",374500
12.2,-0.2,1000,"sd","13:22:31",373500
12.2,-0.2,2000,"sd","13:21:53",372500
12.2,-0.2,2000,"sd","13:21:51",370500
12.2,-0.2,100,"sd","13:21:29",368500
12.2,-0.2,400,"sd","13:20:08",368400
12.2,-0.2,100,"sd","13:19:03",368000
12.2,-0.2,500,"sd","13:17:42",367900
12.2,-0.2,200,"sd","13:17:09",367400
12.3,-0.1,100,"bu","13:15:22",367200
12.2,-0.2,500,"sd","13:15:08",367100
12.2,-0.2,1500,"sd","13:13:35",366600
12.2,-0.2,5000,"sd","13:13:18",365100
12.2,-0.2,400,"sd","13:12:48",360100
12.3,-0.1,100,"bu","13:12:00",359700
12.2,-0.2,6400,"sd","13:10:33",359600
12.2,-0.2,300,"bu","13:10:25",353200
12.2,-0.2,1000,"bu","13:10:17",352900
12.2,-0.2,100,"bu","13:10:10",351900
12.2,-0.2,200,"bu","13:10:08",351800
12.2,-0.2,100,"bu","13:10:06",351600
12.2,-0.2,300,"bu","13:10:01",351500
12.2,-0.2,100,"bu","13:09:33",351200
12.2,-0.2,500,"bu","13:09:32",351100
12.2,-0.2,100,"bu","13:09:23",350600
12.2,-0.2,1000,"bu","13:09:21",350500
12.2,-0.2,2000,"bu","13:09:13",349500
12.2,-0.2,500,"bu","13:09:03",347500
12.2,-0.2,1000,"bu","13:08:56",347000
12.2,-0.2,200,"bu","13:08:53",346000
12.2,-0.2,100,"bu","13:08:47",345800
12.2,-0.2,200,"bu","13:08:37",345700
12.2,-0.2,3300,"bu","13:08:32",345500
12.2,-0.2,100,"bu","13:08:19",342200
12.2,-0.2,100,"bu","13:07:37",342100
12.2,-0.2,100,"bu","13:07:08",342000
12.2,-0.2,100,"bu","13:06:56",341900
12.1,-0.3,2000,"sd","13:05:56",341800
12.1,-0.3,1900,"bu","13:05:08",339800
12.1,-0.3,1000,"bu","13:05:07",337900
12.1,-0.3,100,"bu","13:05:02",336900
12.1,-0.3,500,"bu","13:04:56",336800
12.1,-0.3,2000,"bu","13:04:55",336300
12.1,-0.3,100,"bu","13:04:44",334300
12.1,-0.3,200,"bu","13:04:34",334200
12.1,-0.3,7000,"bu","13:04:27",334000
12.1,-0.3,100,"bu","13:04:13",327000
12.1,-0.3,40500,"sd","13:04:06",326900
12.2,-0.2,600,"bu","13:03:50",286400
12.2,-0.2,500,"bu","13:02:36",285800
12.2,-0.2,1000,"bu","13:02:23",285300
12.2,-0.2,800,"bu","13:02:16",284300
12.2,-0.2,1000,"bu","13:02:01",283500
12.1,-0.3,1500,"sd","13:01:45",282500
12.1,-0.3,200,"sd","13:01:26",281000
12.2,-0.2,1000,"bu","13:01:00",280800
12.2,-0.2,4500,"bu","13:00:01",279800
12.2,-0.2,1600,"sd","12:59:55",275300
12.2,-0.2,1000,"sd","12:59:50",273700
12.2,-0.2,10000,"sd","12:59:49",272700
12.2,-0.2,2000,"sd","12:59:48",262700
12.2,-0.2,200,"sd","12:59:47",260700
12.2,-0.2,500,"sd","11:29:01",260500
12.2,-0.2,800,"sd","11:27:26",260000
12.2,-0.2,100,"sd","11:27:09",259200
12.2,-0.2,500,"sd","11:26:39",259100
12.2,-0.2,100,"sd","11:26:22",258600
12.2,-0.2,5000,"sd","11:25:14",258500
12.2,-0.2,200,"sd","11:25:12",253500
12.2,-0.2,100,"sd","11:23:57",253300
12.2,-0.2,3000,"sd","11:23:07",253200
12.2,-0.2,500,"sd","11:23:02",250200
12.2,-0.2,2000,"sd","11:20:23",249700
12.2,-0.2,2600,"sd","11:19:32",247700
12.2,-0.2,10000,"sd","11:18:12",245100
12.2,-0.2,1000,"sd","11:18:06",235100
12.3,-0.1,100,"bu","11:14:50",234100
12.3,-0.1,2000,"bu","11:14:29",234000
12.3,-0.1,1000,"bu","11:14:10",232000
12.3,-0.1,1000,"bu","11:13:38",231000
12.3,-0.1,100,"bu","11:13:26",230000
12.2,-0.2,8000,"sd","11:12:08",229900
12.3,-0.1,400,"sd","11:11:09",221900
12.3,-0.1,100,"sd","11:10:48",221500
12.3,-0.1,100,"sd","11:09:44",221400
12.3,-0.1,200,"sd","11:09:35",221300
12.3,-0.1,100,"sd","11:05:54",221100
12.4,0,200,"bu","11:05:20",221000
12.3,-0.1,100,"sd","11:04:28",220800
12.3,-0.1,1000,"sd","11:03:19",220700
12.3,-0.1,100,"sd","11:01:02",219700
12.3,-0.1,700,"sd","11:00:46",219600
12.3,-0.1,100,"sd","11:00:35",218900
12.3,-0.1,400,"sd","11:00:30",218800
12.3,-0.1,500,"sd","10:59:43",218400
12.3,-0.1,900,"sd","10:59:37",217900
12.3,-0.1,1000,"sd","10:58:33",217000
12.3,-0.1,5000,"sd","10:57:38",216000
12.3,-0.1,300,"sd","10:57:19",211000
12.3,-0.1,2000,"sd","10:57:16",210700
12.3,-0.1,8000,"sd","10:57:07",208700
12.3,-0.1,2500,"sd","10:56:01",200700
12.4,0,100,"bu","10:51:53",198200
12.3,-0.1,100,"sd","10:45:36",198100
12.3,-0.1,100,"sd","10:43:56",198000
12.3,-0.1,5000,"sd","10:38:31",197900
12.3,-0.1,1000,"sd","10:37:45",192900
12.3,-0.1,500,"sd","10:35:28",191900
12.3,-0.1,2000,"sd","10:33:10",191400
12.4,0,1000,"bu","10:32:04",189400
12.3,-0.1,100,"sd","10:31:32",188400
12.4,0,500,"bu","10:28:45",188300
12.4,0,100,"bu","10:24:44",187800
12.4,0,600,"bu","10:24:42",187700
12.4,0,1000,"bu","10:24:21",187100
12.4,0,1000,"bu","10:23:36",186100
12.4,0,200,"bu","10:22:49",185100
12.4,0,200,"bu","10:22:38",184900
12.4,0,100,"bu","10:21:14",184700
12.4,0,1000,"bu","10:21:09",184600
12.3,-0.1,500,"sd","10:20:51",183600
12.3,-0.1,100,"sd","10:19:57",183100
12.2,-0.2,15700,"sd","10:15:51",183000
12.4,0,100,"bu","10:15:06",167300
12.4,0,1000,"bu","10:14:58",167200
12.4,0,500,"sd","10:13:48",166200
12.4,0,1600,"sd","10:12:57",165700
12.4,0,10000,"bu","10:12:45",164100
12.4,0,1000,"bu","10:09:22",154100
12.4,0,1000,"bu","10:09:07",153100
12.4,0,200,"bu","10:08:56",152100
12.4,0,1000,"bu","10:08:50",151900
12.4,0,100,"bu","10:08:26",150900
12.4,0,200,"bu","10:08:15",150800
12.4,0,600,"bu","10:06:49",150600
12.4,0,100,"bu","10:06:20",150000
12.4,0,600,"bu","10:06:10",149900
12.4,0,200,"sd","10:05:06",149300
12.4,0,300,"bu","10:05:04",149100
12.3,-0.1,500,"sd","10:05:01",148800
12.4,0,3000,"bu","10:04:56",148300
12.4,0,200,"bu","10:04:37",145300
12.4,0,4000,"bu","10:03:35",145100
12.3,-0.1,2000,"sd","10:02:51",141100
12.3,-0.1,200,"sd","10:02:49",139100
12.3,-0.1,700,"bu","10:02:02",138900
12.3,-0.1,900,"bu","10:01:45",138200
12.3,-0.1,6600,"bu","10:01:38",137300
12.3,-0.1,8600,"sd","09:57:27",130700
12.3,-0.1,200,"bu","09:57:16",122100
12.3,-0.1,100,"bu","09:57:06",121900
12.3,-0.1,200,"bu","09:56:49",121800
12.3,-0.1,4100,"bu","09:56:43",121600
12.3,-0.1,5400,"sd","09:56:27",117500
12.3,-0.1,700,"sd","09:55:52",112100
12.3,-0.1,1600,"sd","09:54:49",111400
12.3,-0.1,500,"sd","09:54:24",109800
12.3,-0.1,10000,"sd","09:53:23",109300
12.3,-0.1,2300,"sd","09:53:13",99300
12.3,-0.1,200,"sd","09:53:08",97000
12.3,-0.1,200,"sd","09:52:01",96800
12.3,-0.1,700,"sd","09:51:59",96600
12.3,-0.1,200,"sd","09:51:14",95900
12.4,0,100,"bu","09:50:58",95700
12.4,0,500,"unknown","09:49:25",95600
12.4,0,4000,"bu","09:48:39",95100
12.4,0,200,"bu","09:48:03",91100
12.4,0,100,"bu","09:47:55",90900
12.4,0,5000,"bu","09:47:03",90800
12.4,0,100,"bu","09:46:33",85800
12.3,-0.1,100,"sd","09:45:50",85700
12.4,0,300,"bu","09:45:45",85600
12.4,0,500,"bu","09:44:33",85300
12.4,0,200,"bu","09:43:43",84800
12.4,0,1000,"bu","09:43:23",84600
12.4,0,5000,"bu","09:42:51",83600
12.4,0,100,"bu","09:40:09",78600
12.4,0,1600,"bu","09:39:48",78500
12.5,0.1,100,"bu","09:39:47",76900
12.4,0,1000,"sd","09:39:42",76800
12.4,0,2000,"sd","09:39:30",75800
12.4,0,2000,"sd","09:39:29",73800
12.4,0,1000,"sd","09:35:40",71800
12.4,0,300,"bu","09:35:13",70800
12.4,0,2000,"bu","09:35:00",70500
12.4,0,100,"bu","09:34:42",68500
12.4,0,100,"bu","09:34:05",68400
12.4,0,3300,"sd","09:34:02",68300
12.4,0,5000,"unknown","09:33:05",65000
12.4,0,2100,"bu","09:32:44",60000
12.3,-0.1,6000,"sd","09:32:09",57900
12.3,-0.1,500,"sd","09:31:49",51900
12.3,-0.1,200,"sd","09:31:40",51400
12.3,-0.1,500,"sd","09:30:16",51200
12.3,-0.1,1800,"bu","09:29:59",50700
12.3,-0.1,500,"bu","09:29:56",48900
12.3,-0.1,100,"bu","09:29:32",48400
12.3,-0.1,3500,"bu","09:29:27",48300
12.3,-0.1,500,"sd","09:29:09",44800
12.2,-0.2,14700,"sd","09:28:32",44300
12.3,-0.1,600,"bu","09:28:29",29600
12.3,-0.1,700,"bu","09:28:24",29000
12.3,-0.1,2000,"sd","09:28:21",28300
12.3,-0.1,2000,"sd","09:27:24",26300
12.3,-0.1,1000,"sd","09:27:23",24300
12.3,-0.1,1200,"sd","09:26:35",23300
12.4,0,200,"bu","09:25:40",22100
12.4,0,100,"bu","09:23:35",21900
12.3,-0.1,1000,"sd","09:23:22",21800
12.3,-0.1,100,"sd","09:22:12",20800
12.3,-0.1,300,"sd","09:22:11",20700
12.3,-0.1,4000,"sd","09:21:56",20400
12.3,-0.1,2000,"sd","09:21:18",16400
12.4,0,300,"bu","09:18:28",14400
12.4,0,1600,"bu","09:17:34",14100
12.4,0,500,"sd","09:17:33",12500
12.4,0,1000,"sd","09:17:06",12000
12.4,0,7100,"sd","09:16:54",11000
12.5,0.1,100,"bu","09:16:19",3900
12.5,0.1,100,"bu","09:12:11",3800
12.5,0.1,1000,"bu","09:05:45",3700
12.5,0.1,100,"bu","09:03:52",2700
12.4,0,2000,"sd","09:01:33",2600
12.4,0,500,"sd","09:01:00",600
12.4,0,100,"sd","08:59:54",100
