"price","change","match_qtty","side","time","total_vol"
52500,900,216800,"unknown","14:45:01",1570700
52500,900,3000,"sd","14:29:47",1353900
52600,1000,2200,"bu","14:29:46",1350900
52600,1000,800,"bu","14:29:31",1348700
52600,1000,1200,"bu","14:29:31",1347900
52600,1000,400,"sd","14:29:15",1346700
52600,1000,500,"sd","14:29:15",1346300
52600,1000,100,"sd","14:29:15",1345800
52600,1000,5000,"sd","14:29:15",1345700
52600,1000,2800,"sd","14:29:15",1340700
52600,1000,600,"sd","14:29:05",1337900
52600,1000,100,"sd","14:28:59",1337300
52600,1000,500,"sd","14:28:57",1337200
52600,1000,1000,"sd","14:28:35",1336700
52700,1100,100,"bu","14:28:19",1335700
52600,1000,100,"sd","14:28:18",1335600
52600,1000,900,"sd","14:28:18",1335500
52600,1000,100,"sd","14:28:14",1334600
52800,1200,1100,"bu","14:28:08",1334500
52800,1200,1000,"bu","14:28:08",1333400
52800,1200,400,"bu","14:28:08",1332400
52700,1100,1000,"bu","14:28:08",1332000
52700,1100,100,"bu","14:28:08",1331000
52700,1100,100,"bu","14:28:08",1330900
52700,1100,700,"bu","14:28:08",1330800
52700,1100,500,"bu","14:28:08",1330100
52700,1100,100,"bu","14:28:08",1329600
52600,1000,1000,"sd","14:28:02",1329500
52700,1100,100,"bu","14:27:56",1328500
52700,1100,500,"bu","14:27:56",1328400
52700,1100,100,"bu","14:27:56",1327900
52700,1100,1000,"bu","14:27:56",1327800
52700,1100,200,"bu","14:27:56",1326800
52700,1100,500,"bu","14:27:56",1326600
52700,1100,200,"bu","14:27:56",1326100
52700,1100,800,"bu","14:27:56",1325900
52700,1100,4200,"bu","14:27:46",1325100
52700,1100,1000,"bu","14:27:46",1320900
52700,1100,2000,"bu","14:27:46",1319900
52700,1100,100,"bu","14:27:46",1317900
52700,1100,2000,"bu","14:27:46",1317800
52700,1100,700,"bu","14:27:46",1315800
52600,1000,1000,"sd","14:27:45",1315100
52600,1000,1000,"sd","14:27:29",1314100
52600,1000,1000,"sd","14:27:12",1313100
52600,1000,1000,"bu","14:27:05",1312100
52600,1000,100,"bu","14:27:05",1311100
52600,1000,1000,"bu","14:27:04",1311000
52600,1000,100,"bu","14:27:04",1310000
52600,1000,100,"bu","14:27:04",1309900
52600,1000,2000,"bu","14:27:04",1309800
52600,1000,1000,"bu","14:27:04",1307800
52600,1000,100,"bu","14:27:04",1306800
52600,1000,100,"bu","14:27:04",1306700
52600,1000,200,"bu","14:27:04",1306600
52600,1000,100,"bu","14:27:04",1306400
52600,1000,100,"bu","14:27:04",1306300
52600,1000,800,"bu","14:27:04",1306200
52600,1000,10000,"bu","14:26:59",1305400
52500,900,1000,"sd","14:26:55",1295400
52600,1000,1000,"bu","14:26:53",1294400
52600,1000,400,"bu","14:26:49",1293400
52500,900,1000,"sd","14:26:39",1293000
52600,1000,200,"bu","14:26:32",1292000
52600,1000,1000,"bu","14:26:27",1291800
52500,900,1000,"sd","14:26:22",1290800
52600,1000,6600,"bu","14:26:21",1289800
52600,1000,200,"bu","14:26:21",1283200
52600,1000,1000,"bu","14:26:21",1283000
52600,1000,200,"bu","14:26:21",1282000
52600,1000,100,"bu","14:26:21",1281800
52600,1000,1300,"bu","14:26:21",1281700
52600,1000,500,"bu","14:26:21",1280400
52600,1000,100,"bu","14:26:21",1279900
52500,900,1000,"sd","14:26:05",1279800
52500,900,800,"sd","14:26:04",1278800
52500,900,200,"sd","14:26:04",1278000
52500,900,200,"sd","14:25:52",1277800
52500,900,500,"sd","14:25:49",1277600
52500,900,500,"sd","14:25:49",1277100
52500,900,100,"sd","14:25:38",1276600
52500,900,400,"sd","14:25:32",1276500
52500,900,600,"sd","14:25:32",1276100
52500,900,4400,"sd","14:25:32",1275500
52500,900,100,"sd","14:25:32",1271100
52500,900,100,"sd","14:25:32",1271000
52500,900,300,"sd","14:25:32",1270900
52500,900,100,"sd","14:25:32",1270600
52500,900,100,"sd","14:25:28",1270500
52500,900,500,"sd","14:25:21",1270400
52500,900,400,"sd","14:25:21",1269900
52500,900,100,"sd","14:25:19",1269500
52500,900,1500,"sd","14:25:18",1269400
52500,900,300,"sd","14:25:16",1267900
52500,900,700,"sd","14:25:16",1267600
52500,900,500,"sd","14:25:13",1266900
52500,900,800,"sd","14:25:05",1266400
52500,900,1000,"sd","14:25:03",1265600
52500,900,1000,"sd","14:24:59",1264600
52500,900,1000,"sd","14:24:42",1263600
52500,900,1000,"bu","14:24:27",1262600
52500,900,300,"bu","14:24:25",1261600
52500,900,500,"bu","14:24:23",1261300
52500,900,200,"sd","14:24:21",1260800
52500,900,400,"sd","14:24:18",1260600
52500,900,200,"bu","14:24:18",1260200
52500,900,200,"bu","14:24:18",1260000
52500,900,100,"bu","14:24:18",1259800
52500,900,1000,"bu","14:24:17",1259700
52500,900,100,"bu","14:24:13",1258700
52500,900,500,"bu","14:24:06",1258600
52500,900,300,"sd","14:24:06",1258100
52500,900,1000,"bu","14:24:04",1257800
52500,900,700,"bu","14:24:04",1256800
52500,900,100,"sd","14:23:52",1256100
52500,900,200,"sd","14:23:52",1256000
52500,900,500,"bu","14:23:48",1255800
52500,900,9500,"bu","14:23:45",1255300
52500,900,500,"bu","14:23:45",1245800
52500,900,100,"bu","14:23:43",1245300
52500,900,300,"bu","14:23:37",1245200
52500,900,100,"sd","14:23:36",1244900
52500,900,100,"sd","14:23:36",1244800
52500,900,1000,"bu","14:23:29",1244700
52500,900,100,"sd","14:23:19",1243700
52500,900,500,"sd","14:23:19",1243600
52500,900,300,"sd","14:23:19",1243100
52500,900,100,"sd","14:23:19",1242800
52500,900,200,"sd","14:23:17",1242700
52500,900,200,"bu","14:23:15",1242500
52500,900,1000,"bu","14:23:15",1242300
52500,900,800,"bu","14:23:08",1241300
52500,900,1000,"bu","14:23:08",1240500
52500,900,200,"bu","14:23:08",1239500
52500,900,1000,"bu","14:23:08",1239300
52500,900,1000,"bu","14:23:08",1238300
52500,900,100,"bu","14:23:08",1237300
52500,900,1000,"bu","14:23:08",1237200
52500,900,100,"bu","14:23:08",1236200
52500,900,300,"bu","14:23:08",1236100
52500,900,1000,"bu","14:23:08",1235800
52500,900,1000,"bu","14:23:08",1234800
52500,900,200,"bu","14:23:08",1233800
52500,900,1000,"bu","14:23:08",1233600
52500,900,1000,"bu","14:23:08",1232600
52500,900,300,"bu","14:23:08",1231600
52500,900,700,"bu","14:23:07",1231300
52500,900,600,"bu","14:23:07",1230600
52500,900,400,"bu","14:23:03",1230000
52500,900,500,"bu","14:23:03",1229600
52500,900,500,"bu","14:23:00",1229100
52500,900,1000,"bu","14:23:00",1228600
52500,900,1000,"bu","14:23:00",1227600
52500,900,100,"bu","14:23:00",1226600
52500,900,1000,"bu","14:23:00",1226500
52500,900,1000,"bu","14:23:00",1225500
52500,900,100,"bu","14:23:00",1224500
52500,900,1200,"bu","14:23:00",1224400
52500,900,1000,"bu","14:23:00",1223200
52500,900,1000,"bu","14:23:00",1222200
52500,900,1000,"bu","14:23:00",1221200
52500,900,1000,"bu","14:23:00",1220200
52500,900,100,"bu","14:23:00",1219200
52500,900,500,"bu","14:22:44",1219100
52400,800,100,"sd","14:22:40",1218600
52400,800,1400,"sd","14:22:34",1218500
52500,900,400,"bu","14:21:21",1217100
52500,900,100,"bu","14:21:21",1216700
52500,900,1000,"bu","14:21:21",1216600
52500,900,1000,"bu","14:21:21",1215600
52500,900,400,"bu","14:21:21",1214600
52500,900,100,"bu","14:21:21",1214200
52400,800,100,"sd","14:20:29",1214100
52500,900,900,"bu","14:19:57",1214000
52500,900,900,"bu","14:19:57",1213100
52500,900,100,"bu","14:19:27",1212200
52500,900,100,"bu","14:19:21",1212100
52500,900,500,"bu","14:19:02",1212000
52500,900,400,"bu","14:19:02",1211500
52500,900,600,"bu","14:19:02",1211100
52500,900,300,"bu","14:18:16",1210500
52500,900,100,"bu","14:18:16",1210200
52500,900,400,"bu","14:18:16",1210100
52500,900,400,"bu","14:17:54",1209700
52500,900,100,"bu","14:17:43",1209300
52500,900,100,"bu","14:17:10",1209200
52500,900,200,"bu","14:17:10",1209100
52500,900,200,"bu","14:16:42",1208900
52500,900,400,"bu","14:16:42",1208700
52500,900,600,"bu","14:16:25",1208300
52500,900,1000,"bu","14:16:25",1207700
52500,900,100,"bu","14:16:25",1206700
52500,900,1000,"bu","14:16:25",1206600
52500,900,800,"bu","14:16:25",1205600
52500,900,100,"bu","14:16:13",1204800
52500,900,100,"bu","14:16:02",1204700
52500,900,1000,"bu","14:16:02",1204600
52500,900,1000,"bu","14:16:02",1203600
52500,900,1000,"bu","14:16:02",1202600
52500,900,1000,"bu","14:16:02",1201600
52500,900,1000,"bu","14:16:02",1200600
52500,900,1000,"bu","14:16:02",1199600
52500,900,500,"bu","14:16:02",1198600
52500,900,1000,"bu","14:16:02",1198100
52500,900,1000,"bu","14:16:02",1197100
52500,900,1000,"bu","14:16:02",1196100
52500,900,1000,"bu","14:16:02",1195100
52500,900,1000,"bu","14:16:02",1194100
52500,900,5500,"bu","14:16:02",1193100
52500,900,1000,"bu","14:16:02",1187600
52500,900,1000,"bu","14:16:02",1186600
52500,900,1000,"bu","14:16:02",1185600
52500,900,300,"bu","14:16:02",1184600
52500,900,100,"bu","14:16:02",1184300
52500,900,1000,"bu","14:16:02",1184200
52500,900,100,"bu","14:16:02",1183200
52500,900,300,"bu","14:16:02",1183100
52500,900,200,"bu","14:16:02",1182800
52500,900,100,"bu","14:16:02",1182600
52500,900,500,"bu","14:16:02",1182500
52500,900,1000,"bu","14:16:02",1182000
52500,900,500,"bu","14:16:02",1181000
52500,900,200,"bu","14:16:02",1180500
52500,900,100,"bu","14:16:02",1180300
52500,900,200,"bu","14:16:02",1180200
52500,900,100,"bu","14:16:02",1180000
52500,900,100,"bu","14:16:02",1179900
52500,900,100,"bu","14:16:02",1179800
52400,800,400,"sd","14:15:50",1179700
52400,800,300,"sd","14:15:50",1179300
52400,800,300,"sd","14:15:50",1179000
52400,800,300,"bu","14:15:01",1178700
52400,800,2000,"bu","14:15:01",1178400
52400,800,200,"bu","14:15:01",1176400
52400,800,2200,"bu","14:15:01",1176200
52400,800,2000,"bu","14:14:52",1174000
52400,800,5000,"bu","14:14:43",1172000
52400,800,8000,"bu","14:14:39",1167000
52400,800,100,"bu","14:14:38",1159000
52400,800,5000,"bu","14:14:35",1158900
52400,800,100,"bu","14:14:35",1153900
52400,800,5000,"bu","14:14:32",1153800
52400,800,100,"sd","14:14:21",1148800
52400,800,5000,"sd","14:14:21",1148700
52400,800,100,"bu","14:13:46",1143700
52400,800,100,"bu","14:13:11",1143600
52400,800,1000,"bu","14:12:47",1143500
52400,800,1500,"bu","14:12:46",1142500
52400,800,4500,"bu","14:12:35",1141000
52400,800,500,"bu","14:12:35",1136500
52400,800,1300,"bu","14:12:19",1136000
52400,800,1700,"bu","14:12:19",1134700
52300,700,200,"sd","14:12:18",1133000
52400,800,100,"bu","14:12:03",1132800
52400,800,200,"sd","14:11:41",1132700
52400,800,3000,"sd","14:11:41",1132500
52400,800,3000,"sd","14:11:41",1129500
52400,800,3200,"sd","14:11:41",1126500
52400,800,100,"sd","14:11:15",1123300
52400,800,1000,"bu","14:11:04",1123200
52400,800,300,"bu","14:11:04",1122200
52400,800,400,"bu","14:11:04",1121900
52400,800,200,"bu","14:10:54",1121500
52400,800,500,"bu","14:10:53",1121300
52400,800,100,"sd","14:10:47",1120800
52400,800,800,"sd","14:10:47",1120700
52500,900,100,"bu","14:10:33",1119900
52400,800,3800,"sd","14:10:23",1119800
52400,800,400,"sd","14:10:15",1116000
52500,900,300,"bu","14:10:11",1115600
52500,900,300,"bu","14:10:11",1115300
52400,800,200,"bu","14:09:43",1115000
52400,800,100,"bu","14:09:43",1114800
52400,800,200,"bu","14:09:39",1114700
52400,800,200,"bu","14:09:38",1114500
52400,800,300,"bu","14:09:28",1114300
52400,800,3000,"sd","14:09:17",1114000
52400,800,100,"sd","14:08:52",1111000
52300,700,100,"sd","14:07:59",1110900
52400,800,500,"sd","14:07:13",1110800
52400,800,100,"sd","14:07:13",1110300
52300,700,300,"sd","14:07:13",1110200
52400,800,100,"sd","14:07:13",1109900
52400,800,500,"bu","14:07:03",1109800
52400,800,100,"bu","14:07:02",1109300
52400,800,1000,"sd","14:06:53",1109200
52400,800,300,"sd","14:06:53",1108200
52500,900,100,"bu","14:06:50",1107900
52400,800,400,"bu","14:06:02",1107800
52400,800,100,"bu","14:06:02",1107400
52400,800,200,"bu","14:06:02",1107300
52400,800,200,"bu","14:05:34",1107100
52400,800,300,"sd","14:05:21",1106900
52400,800,1000,"sd","14:05:21",1106600
52400,800,4000,"sd","14:05:21",1105600
52400,800,100,"sd","14:05:21",1101600
52400,800,1200,"sd","14:05:21",1101500
52400,800,5000,"sd","14:05:21",1100300
52400,800,400,"sd","14:05:21",1095300
52400,800,2600,"sd","14:05:21",1094900
52400,800,1000,"sd","14:05:21",1092300
52400,800,3000,"sd","14:05:21",1091300
52400,800,1000,"sd","14:05:21",1088300
52400,800,200,"sd","14:04:52",1087300
52400,800,500,"sd","14:04:52",1087100
52400,800,400,"sd","14:04:52",1086600
52400,800,1900,"sd","14:04:52",1086200
52400,800,500,"sd","14:04:17",1084300
52400,800,200,"sd","14:03:50",1083800
52500,900,600,"bu","14:03:39",1083600
52500,900,1000,"bu","14:03:39",1083000
52500,900,300,"bu","14:03:39",1082000
52400,800,1100,"sd","14:03:11",1081700
52400,800,100,"sd","14:03:10",1080600
52400,800,1200,"sd","14:02:38",1080500
52400,800,2000,"sd","14:02:38",1079300
52400,800,500,"sd","14:02:38",1077300
52400,800,100,"sd","14:02:38",1076800
52400,800,1200,"sd","14:02:38",1076700
52400,800,1800,"sd","14:02:36",1075500
52400,800,100,"sd","14:02:36",1073700
52400,800,200,"sd","14:02:07",1073600
52400,800,400,"sd","14:02:07",1073400
52500,900,200,"bu","14:01:25",1073000
52500,900,200,"bu","14:01:15",1072800
52500,900,200,"bu","14:00:50",1072600
52400,800,600,"sd","14:00:47",1072400
52300,700,8500,"bu","13:59:45",1071800
52300,700,100,"bu","13:59:25",1063300
52200,600,200,"sd","13:59:12",1063200
52200,600,200,"sd","13:58:54",1063000
52200,600,200,"sd","13:58:45",1062800
52200,600,5000,"sd","13:58:45",1062600
52200,600,100,"sd","13:58:45",1057600
52200,600,400,"sd","13:58:45",1057500
52200,600,900,"sd","13:58:45",1057100
52200,600,5000,"sd","13:58:45",1056200
52200,600,1500,"sd","13:58:45",1051200
52200,600,500,"sd","13:58:45",1049700
52200,600,2400,"sd","13:58:45",1049200
52300,700,300,"bu","13:58:41",1046800
52300,700,1000,"sd","13:58:14",1046500
52300,700,300,"sd","13:58:14",1045500
52300,700,1000,"sd","13:58:14",1045200
52300,700,100,"sd","13:58:14",1044200
52300,700,1000,"sd","13:58:14",1044100
52300,700,100,"sd","13:58:14",1043100
52300,700,400,"sd","13:58:14",1043000
52300,700,1000,"sd","13:58:14",1042600
52300,700,100,"sd","13:58:14",1041600
52300,700,3000,"sd","13:58:14",1041500
52300,700,100,"sd","13:58:14",1038500
52300,700,4300,"sd","13:58:14",1038400
52300,700,200,"sd","13:58:14",1034100
52300,700,1000,"sd","13:58:14",1033900
52300,700,1000,"sd","13:58:14",1032900
52400,800,200,"sd","13:58:14",1031900
52300,700,500,"sd","13:58:14",1031700
52400,800,100,"sd","13:58:14",1031200
52300,700,3000,"sd","13:58:14",1031100
52400,800,300,"sd","13:58:14",1028100
52400,800,300,"sd","13:58:14",1027800
52400,800,1000,"sd","13:58:14",1027500
52400,800,1000,"sd","13:58:14",1026500
52400,800,1000,"sd","13:58:14",1025500
52400,800,3000,"sd","13:58:14",1024500
52400,800,100,"sd","13:58:14",1021500
52400,800,1000,"sd","13:58:14",1021400
52400,800,100,"sd","13:58:14",1020400
52400,800,1000,"sd","13:58:14",1020300
52400,800,1000,"sd","13:58:14",1019300
52400,800,300,"sd","13:58:14",1018300
52400,800,3000,"sd","13:58:14",1018000
52400,800,1900,"sd","13:58:14",1015000
52400,800,500,"sd","13:58:14",1013100
52500,900,5700,"sd","13:58:14",1012600
52500,900,1300,"sd","13:58:14",1006900
52500,900,200,"sd","13:58:14",1005600
52500,900,100,"sd","13:58:00",1005400
52500,900,400,"sd","13:58:00",1005300
52500,900,500,"sd","13:58:00",1004900
52500,900,1500,"sd","13:57:44",1004400
52500,900,1000,"sd","13:57:33",1002900
52600,1000,1000,"bu","13:57:13",1001900
52600,1000,1000,"bu","13:57:13",1000900
52600,1000,1000,"bu","13:57:13",999900
52600,1000,200,"bu","13:57:13",998900
52600,1000,600,"bu","13:57:13",998700
52500,900,1000,"bu","13:57:13",998100
52500,900,200,"bu","13:57:13",997100
52500,900,800,"sd","13:57:03",996900
52500,900,1000,"bu","13:56:59",996100
52500,900,400,"bu","13:56:59",995100
52500,900,500,"bu","13:56:52",994700
52500,900,500,"sd","13:56:40",994200
52500,900,1900,"bu","13:56:30",993700
52500,900,100,"sd","13:56:27",991800
52500,900,100,"sd","13:56:27",991700
52500,900,100,"bu","13:56:23",991600
52500,900,400,"sd","13:56:21",991500
52500,900,600,"bu","13:56:17",991100
52500,900,300,"sd","13:56:14",990500
52500,900,100,"sd","13:56:14",990200
52500,900,100,"sd","13:55:59",990100
52600,1000,200,"bu","13:55:47",990000
52500,900,300,"sd","13:55:47",989800
52500,900,300,"sd","13:55:47",989500
52500,900,100,"sd","13:55:47",989200
52500,900,300,"sd","13:55:47",989100
52500,900,100,"sd","13:55:42",988800
52500,900,1800,"sd","13:55:29",988700
52500,900,1000,"sd","13:55:29",986900
52500,900,100,"sd","13:55:29",985900
52500,900,1000,"sd","13:55:29",985800
52500,900,100,"sd","13:55:29",984800
52500,900,100,"sd","13:55:29",984700
52500,900,500,"sd","13:55:29",984600
52500,900,5000,"sd","13:55:29",984100
52500,900,400,"sd","13:55:29",979100
52500,900,1000,"sd","13:55:20",978700
52600,1000,1000,"bu","13:55:07",977700
52600,1000,1000,"sd","13:54:54",976700
52600,1000,300,"sd","13:54:45",975700
52600,1000,200,"sd","13:54:30",975400
52600,1000,1000,"sd","13:54:28",975200
52600,1000,100,"bu","13:54:05",974200
52600,1000,200,"bu","13:54:05",974100
52600,1000,1200,"bu","13:54:05",973900
52500,900,1000,"sd","13:54:01",972700
52500,900,1000,"sd","13:53:34",971700
52600,1000,1000,"sd","13:53:32",970700
52600,1000,800,"sd","13:53:32",969700
52600,1000,100,"sd","13:53:22",968900
52600,1000,1000,"sd","13:53:07",968800
52600,1000,600,"sd","13:53:04",967800
52600,1000,500,"sd","13:52:44",967200
52600,1000,500,"sd","13:52:44",966700
52600,1000,1000,"sd","13:52:41",966200
52600,1000,1000,"sd","13:52:38",965200
52600,1000,1000,"sd","13:52:14",964200
52600,1000,1000,"sd","13:52:02",963200
52600,1000,100,"sd","13:51:52",962200
52600,1000,1000,"sd","13:51:48",962100
52600,1000,400,"bu","13:51:47",961100
52600,1000,800,"bu","13:51:47",960700
52600,1000,2400,"bu","13:51:47",959900
52500,900,1000,"sd","13:51:21",957500
52500,900,600,"sd","13:51:12",956500
52600,1000,100,"sd","13:50:58",955900
52600,1000,500,"sd","13:50:58",955800
52600,1000,500,"sd","13:50:54",955300
52600,1000,1000,"sd","13:50:54",954800
52600,1000,1000,"sd","13:50:42",953800
52600,1000,100,"sd","13:50:28",952800
52600,1000,200,"sd","13:50:28",952700
52600,1000,100,"sd","13:50:28",952500
52600,1000,500,"sd","13:50:28",952400
52600,1000,100,"sd","13:50:28",951900
52600,1000,200,"sd","13:50:17",951800
52600,1000,100,"sd","13:50:17",951600
52600,1000,1000,"sd","13:50:15",951500
52600,1000,700,"sd","13:50:04",950500
52600,1000,100,"sd","13:50:04",949800
52600,1000,200,"sd","13:50:04",949700
52600,1000,500,"sd","13:50:04",949500
52600,1000,1000,"sd","13:50:01",949000
52600,1000,1000,"sd","13:50:00",948000
52700,1100,2000,"sd","13:49:51",947000
52700,1100,1000,"sd","13:49:51",945000
52700,1100,500,"sd","13:49:51",944000
52700,1100,800,"sd","13:49:51",943500
52700,1100,700,"sd","13:49:48",942700
52700,1100,400,"sd","13:49:47",942000
52700,1100,2000,"sd","13:49:47",941600
52700,1100,300,"sd","13:49:47",939600
52700,1100,200,"sd","13:49:46",939300
52700,1100,1000,"sd","13:49:46",939100
52700,1100,800,"sd","13:49:46",938100
52700,1100,1000,"sd","13:49:35",937300
52700,1100,2000,"sd","13:49:15",936300
52800,1200,2000,"bu","13:49:09",934300
52700,1100,1000,"sd","13:49:08",932300
52700,1100,200,"sd","13:49:06",931300
52700,1100,1800,"sd","13:49:06",931100
52800,1200,5000,"sd","13:48:46",929300
52800,1200,500,"sd","13:48:46",924300
52800,1200,500,"sd","13:48:46",923800
52800,1200,100,"sd","13:48:46",923300
52800,1200,500,"sd","13:48:32",923200
52800,1200,200,"sd","13:48:29",922700
52800,1200,500,"sd","13:48:18",922500
52900,1300,300,"bu","13:48:16",922000
52800,1200,100,"sd","13:48:15",921700
52800,1200,100,"sd","13:48:10",921600
52800,1200,500,"bu","13:48:09",921500
52800,1200,500,"sd","13:48:07",921000
52800,1200,100,"bu","13:47:58",920500
52800,1200,100,"bu","13:47:58",920400
52800,1200,200,"bu","13:47:58",920300
52800,1200,300,"bu","13:47:58",920100
52800,1200,500,"bu","13:47:58",919800
52800,1200,700,"bu","13:47:58",919300
52800,1200,100,"bu","13:47:58",918600
52800,1200,100,"bu","13:47:58",918500
52800,1200,300,"bu","13:47:58",918400
52800,1200,100,"bu","13:47:58",918100
52800,1200,200,"bu","13:47:58",918000
52800,1200,800,"bu","13:47:58",917800
52800,1200,1000,"bu","13:47:56",917000
52800,1200,2000,"bu","13:47:53",916000
52800,1200,800,"bu","13:47:48",914000
52700,1100,500,"sd","13:47:47",913200
52800,1200,1000,"bu","13:47:42",912700
52800,1200,1000,"bu","13:47:42",911700
52800,1200,200,"bu","13:47:42",910700
52800,1200,100,"bu","13:47:42",910500
52800,1200,300,"bu","13:47:42",910400
52800,1200,500,"bu","13:47:42",910100
52800,1200,400,"bu","13:47:42",909600
52800,1200,100,"bu","13:47:37",909200
52800,1200,100,"bu","13:47:05",909100
52700,1100,100,"sd","13:46:55",909000
52800,1200,400,"bu","13:46:42",908900
52800,1200,100,"bu","13:46:20",908500
52800,1200,200,"bu","13:46:20",908400
52800,1200,100,"bu","13:46:20",908200
52800,1200,500,"bu","13:46:20",908100
52800,1200,100,"bu","13:46:20",907600
52700,1100,100,"sd","13:46:07",907500
52700,1100,1000,"bu","13:45:49",907400
52700,1100,100,"bu","13:45:49",906400
52700,1100,300,"bu","13:45:34",906300
52700,1100,100,"bu","13:45:21",906000
52700,1100,100,"bu","13:45:08",905900
52700,1100,500,"bu","13:45:08",905800
52700,1100,100,"bu","13:45:08",905300
52700,1100,3000,"bu","13:45:08",905200
52700,1100,6000,"bu","13:45:08",902200
52700,1100,300,"bu","13:45:08",896200
52700,1100,700,"sd","13:44:43",895900
52700,1100,300,"sd","13:44:39",895200
52700,1100,700,"sd","13:44:39",894900
52700,1100,300,"sd","13:44:29",894200
52700,1100,200,"sd","13:44:29",893900
52700,1100,200,"sd","13:44:28",893700
52700,1100,300,"sd","13:44:28",893500
52700,1100,1000,"sd","13:44:24",893200
52700,1100,100,"sd","13:44:12",892200
52800,1200,100,"bu","13:44:08",892100
52800,1200,300,"bu","13:44:08",892000
52800,1200,700,"bu","13:44:03",891700
52800,1200,800,"bu","13:44:03",891000
52800,1200,100,"bu","13:44:03",890200
52800,1200,1000,"bu","13:44:03",890100
52700,1100,200,"bu","13:44:03",889100
52700,1100,1000,"bu","13:44:03",888900
52700,1100,1000,"bu","13:44:03",887900
52700,1100,200,"bu","13:44:03",886900
52700,1100,800,"bu","13:44:00",886700
52700,1100,200,"bu","13:44:00",885900
52700,1100,100,"bu","13:44:00",885700
52700,1100,100,"bu","13:44:00",885600
52700,1100,100,"bu","13:44:00",885500
52700,1100,300,"bu","13:44:00",885400
52700,1100,200,"bu","13:44:00",885100
52700,1100,200,"bu","13:44:00",884900
52700,1100,200,"bu","13:43:58",884700
52700,1100,500,"bu","13:43:58",884500
52600,1000,800,"sd","13:43:57",884000
52600,1000,200,"sd","13:43:57",883200
52700,1100,100,"bu","13:43:54",883000
52700,1100,300,"bu","13:43:54",882900
52700,1100,200,"bu","13:43:54",882600
52700,1100,100,"bu","13:43:54",882400
52700,1100,1300,"bu","13:43:54",882300
52700,1100,1100,"bu","13:43:44",881000
52700,1100,2900,"bu","13:43:44",879900
52700,1100,4000,"bu","13:43:40",877000
52700,1100,3400,"bu","13:43:36",873000
52700,1100,1100,"bu","13:43:36",869600
52700,1100,1000,"bu","13:43:36",868500
52700,1100,100,"bu","13:43:36",867500
52700,1100,100,"bu","13:43:36",867400
52700,1100,700,"bu","13:43:36",867300
52700,1100,2000,"bu","13:43:36",866600
52700,1100,100,"bu","13:43:36",864600
52700,1100,100,"bu","13:43:36",864500
52600,1000,100,"bu","13:43:29",864400
52600,1000,200,"bu","13:43:29",864300
52600,1000,100,"bu","13:43:17",864100
52600,1000,200,"bu","13:43:17",864000
52600,1000,100,"bu","13:43:15",863800
52600,1000,100,"bu","13:43:12",863700
52600,1000,500,"bu","13:43:12",863600
52600,1000,100,"bu","13:43:06",863100
52600,1000,100,"bu","13:43:06",863000
52600,1000,500,"bu","13:43:06",862900
52600,1000,100,"bu","13:43:06",862400
52600,1000,200,"bu","13:43:06",862300
52600,1000,300,"bu","13:43:06",862100
52600,1000,1000,"bu","13:43:01",861800
52600,1000,500,"bu","13:43:00",860800
52600,1000,100,"bu","13:43:00",860300
52600,1000,500,"bu","13:43:00",860200
52600,1000,800,"bu","13:43:00",859700
52600,1000,200,"bu","13:43:00",858900
52600,1000,1000,"bu","13:42:59",858700
52600,1000,100,"bu","13:42:59",857700
52600,1000,100,"bu","13:42:59",857600
52600,1000,100,"bu","13:42:59",857500
52600,1000,100,"bu","13:42:59",857400
52600,1000,200,"bu","13:42:59",857300
52600,1000,100,"bu","13:42:58",857100
52600,1000,100,"bu","13:42:58",857000
52600,1000,200,"bu","13:42:56",856900
52600,1000,3500,"bu","13:42:56",856700
52600,1000,500,"bu","13:42:56",853200
52600,1000,100,"bu","13:42:56",852700
52600,1000,100,"bu","13:42:56",852600
52600,1000,400,"bu","13:42:56",852500
52600,1000,100,"bu","13:42:56",852100
52600,1000,4000,"bu","13:42:56",852000
52600,1000,100,"bu","13:42:56",848000
52600,1000,1000,"bu","13:42:56",847900
52600,1000,200,"bu","13:42:56",846900
52600,1000,100,"bu","13:42:56",846700
52600,1000,100,"bu","13:42:56",846600
52600,1000,200,"bu","13:42:56",846500
52600,1000,100,"bu","13:42:56",846300
52600,1000,100,"bu","13:42:56",846200
52600,1000,1000,"bu","13:42:56",846100
52600,1000,500,"bu","13:42:56",845100
52600,1000,2700,"bu","13:42:56",844600
52600,1000,2300,"bu","13:42:55",841900
52600,1000,100,"bu","13:42:55",839600
52600,1000,100,"bu","13:42:55",839500
52600,1000,100,"bu","13:42:55",839400
52600,1000,1700,"bu","13:42:55",839300
52500,900,800,"sd","13:42:54",837600
52600,1000,3300,"bu","13:42:45",836800
52600,1000,3100,"bu","13:42:45",833400
52600,1000,100,"bu","13:42:45",833500
52500,900,500,"bu","13:42:39",830300
52500,900,200,"bu","13:42:39",829800
52500,900,100,"bu","13:42:39",829600
52500,900,100,"bu","13:42:39",829500
52500,900,100,"bu","13:42:39",829400
52500,900,10000,"bu","13:42:39",829300
52500,900,1000,"bu","13:42:39",819300
52500,900,900,"bu","13:42:39",818300
52500,900,500,"bu","13:42:39",817400
52500,900,100,"bu","13:42:39",816900
52500,900,100,"bu","13:42:38",816800
52500,900,1500,"bu","13:42:38",816700
52500,900,100,"bu","13:42:38",815200
52500,900,500,"bu","13:42:38",815100
52500,900,3000,"bu","13:42:38",814600
52500,900,1000,"bu","13:42:38",811600
52500,900,300,"bu","13:42:38",810600
52500,900,100,"bu","13:42:38",810300
52500,900,100,"bu","13:42:38",810200
52500,900,500,"bu","13:42:38",810100
52500,900,100,"bu","13:42:38",809600
52500,900,1000,"bu","13:42:38",809500
52500,900,200,"bu","13:42:38",808500
52500,900,100,"bu","13:42:38",808300
52500,900,100,"bu","13:42:38",808200
52500,900,800,"bu","13:42:38",808100
52500,900,100,"bu","13:42:38",807300
52500,900,100,"bu","13:42:38",807200
52500,900,100,"bu","13:42:38",807100
52500,900,200,"bu","13:42:38",807000
52500,900,100,"bu","13:42:35",806800
52500,900,1000,"bu","13:42:35",806700
52500,900,100,"bu","13:42:35",805700
52500,900,500,"bu","13:42:35",805600
52500,900,4100,"bu","13:42:35",805100
52500,900,800,"bu","13:42:35",801000
52500,900,300,"bu","13:42:35",800200
52500,900,100,"bu","13:42:35",799900
52500,900,100,"bu","13:42:35",799800
52500,900,500,"bu","13:42:35",799700
52500,900,1000,"bu","13:42:35",799200
52500,900,1000,"bu","13:42:35",798200
52500,900,100,"bu","13:42:35",797200
52500,900,100,"bu","13:42:35",797100
52500,900,100,"bu","13:42:35",797000
52500,900,100,"bu","13:42:35",796900
52500,900,5000,"bu","13:42:35",796800
52500,900,600,"bu","13:42:35",791800
52500,900,1000,"bu","13:42:35",791200
52500,900,300,"bu","13:42:35",790200
52500,900,100,"bu","13:42:35",789900
52500,900,1000,"bu","13:42:35",789800
52500,900,500,"bu","13:42:35",788800
52500,900,300,"bu","13:42:35",788300
52500,900,200,"bu","13:42:35",788000
52500,900,2000,"bu","13:42:35",787800
52500,900,500,"bu","13:42:35",785800
52500,900,100,"bu","13:42:35",785300
52500,900,700,"bu","13:42:35",785200
52500,900,300,"bu","13:42:31",784500
52500,900,1000,"bu","13:42:31",784200
52500,900,100,"bu","13:42:31",783200
52500,900,200,"bu","13:42:31",783100
52500,900,200,"bu","13:42:31",782900
52500,900,500,"bu","13:42:31",782700
52500,900,2000,"bu","13:42:31",782200
52500,900,100,"bu","13:42:20",780200
52500,900,100,"bu","13:42:19",780100
52500,900,500,"bu","13:42:19",780000
52500,900,500,"bu","13:42:19",779500
52500,900,100,"bu","13:42:19",779000
52500,900,100,"bu","13:42:19",778900
52500,900,500,"bu","13:42:19",778800
52500,900,500,"bu","13:42:19",778300
52500,900,1900,"bu","13:42:19",777800
52500,900,100,"bu","13:42:19",775900
52500,900,100,"bu","13:42:19",775800
52500,900,2100,"bu","13:42:05",775700
52500,900,100,"bu","13:42:05",773600
52500,900,1400,"bu","13:42:05",773500
52500,900,100,"bu","13:42:05",772100
52500,900,100,"bu","13:42:05",772000
52500,900,500,"bu","13:42:05",771900
52500,900,200,"bu","13:41:54",771400
52500,900,300,"bu","13:41:38",771200
52500,900,500,"bu","13:41:38",770900
52500,900,100,"bu","13:41:38",770400
52500,900,100,"bu","13:41:38",770300
52500,900,100,"bu","13:41:38",770200
52500,900,500,"bu","13:41:37",770100
52500,900,1000,"bu","13:41:37",769600
52500,900,1700,"bu","13:41:37",768600
52500,900,4300,"bu","13:41:14",766900
52400,800,200,"sd","13:40:50",762600
52400,800,100,"sd","13:40:38",762400
52400,800,100,"sd","13:40:28",762300
52400,800,500,"sd","13:39:54",762200
52400,800,500,"sd","13:39:39",761700
52500,900,200,"bu","13:39:32",761200
52400,800,100,"sd","13:39:28",761000
52500,900,800,"bu","13:39:26",760900
52500,900,200,"bu","13:39:26",760100
52500,900,200,"bu","13:39:22",759900
52500,900,1800,"bu","13:39:15",759700
52500,900,100,"bu","13:39:15",757900
52500,900,100,"bu","13:39:15",757800
52500,900,1000,"bu","13:39:15",757700
52500,900,100,"bu","13:39:15",756700
52500,900,100,"bu","13:39:15",756600
52500,900,500,"bu","13:39:15",756500
52500,900,100,"bu","13:39:15",756000
52500,900,100,"bu","13:39:15",755900
52500,900,300,"bu","13:39:15",755800
52500,900,100,"bu","13:39:15",755500
52400,800,2000,"sd","13:39:14",755400
52500,900,300,"bu","13:38:18",753400
52500,900,100,"bu","13:38:04",753100
52500,900,300,"bu","13:37:53",753000
52500,900,2000,"bu","13:37:47",752700
52500,900,1000,"bu","13:37:47",750700
52500,900,100,"bu","13:37:46",749700
52500,900,100,"bu","13:37:34",749600
52500,900,3000,"bu","13:37:20",749500
52500,900,500,"bu","13:36:55",746500
52500,900,300,"bu","13:36:14",746000
52500,900,500,"bu","13:35:56",745700
52500,900,100,"bu","13:35:08",745200
52400,800,100,"sd","13:34:37",745100
52400,800,1000,"bu","13:34:26",745000
52400,800,3500,"bu","13:34:26",744000
52400,800,1500,"bu","13:34:25",740500
52400,800,700,"bu","13:34:25",739000
52400,800,100,"bu","13:34:25",738300
52400,800,100,"bu","13:34:25",738200
52400,800,100,"bu","13:34:25",738100
52400,800,1000,"bu","13:34:25",738000
52400,800,100,"bu","13:34:25",737000
52400,800,3000,"bu","13:34:25",736900
52400,800,1900,"bu","13:34:25",733900
52400,800,500,"bu","13:34:25",732000
52400,800,1000,"bu","13:34:25",731500
52400,800,2000,"bu","13:34:11",730500
52400,800,200,"bu","13:34:11",728500
52400,800,6900,"bu","13:33:54",728300
52400,800,500,"bu","13:33:54",721400
52400,800,100,"bu","13:33:54",720900
52400,800,100,"bu","13:33:54",720800
52400,800,300,"bu","13:33:54",720700
52400,800,2000,"bu","13:33:54",720400
52400,800,100,"bu","13:33:54",718400
52400,800,1000,"bu","13:33:48",718300
52400,800,200,"bu","13:33:33",717300
52400,800,1000,"bu","13:33:26",717100
52400,800,400,"bu","13:33:26",716100
52400,800,2600,"bu","13:33:26",715700
52400,800,300,"bu","13:33:26",713100
52300,700,1000,"sd","13:33:11",712800
52300,700,300,"sd","13:33:06",711800
52300,700,500,"sd","13:32:30",711500
52400,800,400,"bu","13:32:21",711000
52300,700,3000,"sd","13:30:51",710600
52400,800,100,"bu","13:30:17",707600
52400,800,100,"bu","13:29:31",707500
52400,800,100,"bu","13:29:31",707400
52400,800,500,"bu","13:29:31",707300
52400,800,2000,"bu","13:29:31",706800
52400,800,300,"bu","13:29:31",704800
52300,700,300,"sd","13:29:09",704500
52300,700,1000,"sd","13:28:41",704200
52300,700,200,"sd","13:28:18",703200
52400,800,300,"bu","13:28:10",703000
52400,800,200,"bu","13:28:10",702700
52400,800,100,"bu","13:28:10",702500
52400,800,200,"bu","13:28:10",702400
52400,800,100,"bu","13:28:10",702200
52300,700,600,"sd","13:27:32",702100
52400,800,900,"bu","13:27:10",701500
52400,800,100,"bu","13:26:29",700600
52300,700,100,"sd","13:26:04",700500
52300,700,1000,"sd","13:26:00",700400
52300,700,100,"bu","13:25:23",699400
52300,700,100,"bu","13:25:23",699300
52300,700,100,"bu","13:25:18",699200
52300,700,400,"bu","13:25:18",699100
52300,700,5000,"sd","13:24:26",698700
52300,700,4600,"sd","13:24:26",693700
52300,700,400,"sd","13:24:23",689100
52300,700,1000,"sd","13:24:23",688700
52300,700,500,"sd","13:24:23",687700
52300,700,100,"sd","13:24:23",687200
52300,700,2000,"sd","13:24:10",687100
52300,700,200,"sd","13:24:03",685100
52300,700,100,"sd","13:23:52",684900
52400,800,100,"bu","13:23:49",684800
52300,700,2600,"sd","13:23:45",684700
52300,700,400,"sd","13:23:45",682100
52300,700,100,"sd","13:23:44",681700
52300,700,500,"sd","13:23:41",681600
52300,700,200,"sd","13:23:41",681100
52300,700,100,"sd","13:23:41",680900
52300,700,200,"sd","13:23:41",680800
52300,700,100,"sd","13:23:40",680600
52300,700,400,"sd","13:23:32",680500
52300,700,3500,"sd","13:23:12",680100
52300,700,800,"sd","13:23:05",676600
52300,700,200,"sd","13:23:05",675800
52300,700,300,"sd","13:22:11",675600
52300,700,1700,"sd","13:22:11",675300
52300,700,500,"sd","13:21:56",673600
52300,700,1000,"sd","13:21:39",673100
52300,700,200,"sd","13:21:18",672100
52400,800,2000,"bu","13:21:18",671900
52300,700,400,"sd","13:21:16",669900
52300,700,100,"sd","13:21:13",669500
52300,700,1100,"sd","13:20:44",669400
52300,700,200,"sd","13:20:44",668300
52300,700,1200,"sd","13:20:44",668100
52300,700,2000,"sd","13:20:44",666900
52300,700,200,"sd","13:20:44",664900
52300,700,800,"sd","13:20:44",664700
52300,700,300,"sd","13:19:47",663900
52400,800,200,"bu","13:19:42",663600
52400,800,1100,"bu","13:19:40",663400
52400,800,400,"bu","13:19:20",662300
52400,800,500,"bu","13:19:14",661900
52400,800,200,"bu","13:18:51",661400
52400,800,1000,"bu","13:18:22",661200
52400,800,800,"bu","13:18:05",660200
52400,800,200,"bu","13:18:05",659400
52400,800,1000,"bu","13:18:03",659200
52400,800,800,"bu","13:17:39",658200
52400,800,200,"bu","13:17:39",657400
52300,700,1800,"sd","13:17:21",657200
52300,700,200,"sd","13:17:21",655400
52300,700,200,"sd","13:17:21",655200
52300,700,800,"sd","13:17:21",655000
52400,800,1000,"bu","13:17:20",654200
52300,700,200,"sd","13:17:08",653200
52300,700,200,"sd","13:17:08",653000
52300,700,200,"sd","13:17:02",652800
52300,700,600,"sd","13:17:02",652600
52300,700,900,"sd","13:17:02",652000
52300,700,500,"sd","13:16:22",651100
52400,800,2000,"bu","13:16:21",650600
52400,800,500,"bu","13:15:47",648600
52400,800,100,"bu","13:15:43",648100
52400,800,100,"bu","13:15:43",648000
52400,800,800,"bu","13:15:43",647900
52300,700,3600,"sd","13:15:42",647100
52300,700,5000,"sd","13:15:42",643500
52300,700,1400,"sd","13:15:42",638500
52400,800,100,"bu","13:15:38",637100
52400,800,100,"bu","13:15:38",637000
52400,800,300,"bu","13:15:38",636900
52400,800,100,"bu","13:15:17",636600
52400,800,300,"bu","13:14:50",636500
52400,800,100,"bu","13:13:56",636200
52400,800,600,"bu","13:13:45",636100
52400,800,500,"bu","13:13:45",635500
52400,800,400,"bu","13:13:45",635000
52300,700,500,"sd","13:13:02",634600
52300,700,100,"sd","13:12:54",634100
52300,700,200,"sd","13:12:09",634000
52400,800,100,"bu","13:11:48",633800
52400,800,400,"bu","13:11:48",633700
52400,800,1600,"bu","13:11:41",633300
52400,800,700,"bu","13:11:41",631700
52400,800,700,"bu","13:11:41",631000
52400,800,300,"bu","13:10:58",630300
52400,800,300,"sd","13:10:45",630000
52400,800,300,"sd","13:10:45",629700
52400,800,100,"sd","13:10:29",629400
52400,800,200,"sd","13:10:20",629300
52400,800,300,"sd","13:10:20",629100
52400,800,400,"sd","13:10:03",628800
52400,800,200,"sd","13:10:03",628400
52400,800,300,"sd","13:10:03",628200
52400,800,100,"sd","13:10:03",627900
52400,800,200,"sd","13:10:02",627800
52400,800,100,"sd","13:09:59",627600
52400,800,100,"sd","13:09:54",627500
52400,800,500,"sd","13:09:46",627400
52500,900,1600,"bu","13:09:45",626900
52400,800,1000,"bu","13:09:19",625300
52400,800,100,"bu","13:09:16",624300
52400,800,100,"sd","13:09:08",624200
52400,800,800,"sd","13:09:08",624100
52400,800,500,"bu","13:09:06",623300
52400,800,100,"bu","13:09:06",622800
52400,800,500,"bu","13:09:06",622700
52400,800,100,"bu","13:09:06",622200
52400,800,500,"bu","13:08:25",622100
52400,800,500,"bu","13:08:25",621600
52400,800,500,"bu","13:07:48",621100
52400,800,500,"bu","13:07:48",620600
52300,700,300,"sd","13:07:38",620100
52300,700,200,"sd","13:07:38",619800
52300,700,700,"sd","13:06:16",619600
52400,800,300,"sd","13:06:16",618900
52400,800,100,"bu","13:06:14",618600
52400,800,100,"bu","13:06:13",618500
52400,800,400,"bu","13:06:10",618400
52400,800,2000,"bu","13:06:04",618000
52400,800,2300,"bu","13:05:58",616000
52400,800,600,"bu","13:05:58",613700
52400,800,500,"bu","13:05:58",613100
52400,800,100,"bu","13:05:58",612600
52400,800,1000,"bu","13:05:58",612500
52400,800,1000,"bu","13:05:58",611500
52400,800,800,"bu","13:05:58",610500
52400,800,100,"bu","13:05:58",609700
52400,800,2500,"bu","13:05:58",609600
52400,800,1000,"bu","13:05:58",607100
52400,800,100,"bu","13:05:58",606100
52300,700,500,"sd","13:05:52",606000
52400,800,100,"bu","13:05:47",605500
52400,800,500,"bu","13:05:47",605400
52400,800,100,"bu","13:05:47",604900
52400,800,100,"bu","13:05:47",604800
52400,800,100,"bu","13:05:47",604700
52400,800,200,"bu","13:05:47",604600
52400,800,100,"bu","13:05:47",604400
52400,800,100,"bu","13:05:47",604300
52400,800,200,"bu","13:05:47",604200
52400,800,800,"bu","13:05:47",604000
52400,800,100,"bu","13:05:47",603200
52400,800,500,"bu","13:05:47",603100
52400,800,500,"bu","13:05:47",602600
52400,800,10000,"bu","13:05:47",602100
52400,800,3000,"bu","13:05:47",592100
52400,800,3600,"bu","13:05:47",589100
52400,800,6500,"bu","13:05:42",585500
52400,800,100,"bu","13:05:42",579000
52400,800,3400,"bu","13:05:41",578900
52300,700,100,"bu","13:05:29",575500
52300,700,100,"bu","13:05:29",575400
52300,700,200,"bu","13:05:29",575300
52300,700,200,"bu","13:05:29",575100
52300,700,100,"bu","13:05:25",574900
52300,700,200,"bu","13:05:25",574800
52300,700,400,"bu","13:05:23",574600
52300,700,100,"bu","13:05:23",574200
52300,700,500,"bu","13:05:23",574100
52300,700,500,"bu","13:05:21",573600
52300,700,100,"bu","13:04:52",573100
52300,700,8900,"bu","13:04:43",573000
52300,700,1100,"bu","13:04:43",564100
52300,700,300,"bu","13:04:41",563000
52300,700,700,"bu","13:04:32",562700
52200,600,300,"sd","13:04:25",562000
52200,600,300,"sd","13:04:21",561700
52200,600,100,"sd","13:04:21",561400
52300,700,900,"bu","13:04:21",561300
52300,700,100,"bu","13:04:21",560400
52300,700,7000,"bu","13:04:21",560300
52200,600,500,"sd","13:04:17",553300
52200,600,100,"sd","13:03:43",552800
52200,600,200,"sd","13:03:42",552700
52200,600,100,"bu","13:03:25",552500
52200,600,100,"bu","13:03:22",552400
52200,600,1000,"sd","13:03:17",552300
52200,600,700,"sd","13:03:17",551300
52200,600,100,"sd","13:02:59",550600
52200,600,1000,"sd","13:02:58",550500
52200,600,500,"sd","13:02:48",549500
52200,600,2700,"bu","13:02:29",549000
52200,600,100,"bu","13:02:23",546300
52200,600,200,"sd","13:02:17",546200
52200,600,1000,"sd","13:02:14",546000
52200,600,200,"sd","13:01:40",545000
52200,600,500,"bu","13:01:05",544800
52200,600,100,"bu","13:01:05",544300
52200,600,200,"bu","13:01:05",544200
52200,600,200,"bu","13:01:05",544000
52200,600,1000,"bu","13:01:05",543800
52200,600,100,"bu","13:01:05",542800
52200,600,100,"bu","13:01:05",542700
52200,600,500,"bu","13:01:05",542600
52200,600,1000,"bu","13:01:05",542100
52200,600,100,"bu","13:01:05",541100
52200,600,500,"bu","13:00:41",541000
52200,600,500,"bu","13:00:27",540500
52200,600,200,"bu","13:00:23",540000
52100,500,400,"sd","13:00:21",539800
52200,600,1000,"bu","13:00:17",539400
52200,600,300,"bu","13:00:13",538400
52200,600,200,"bu","13:00:13",538100
52200,600,100,"bu","13:00:13",537900
52200,600,100,"bu","13:00:11",537800
52200,600,1000,"bu","13:00:11",537700
52200,600,100,"bu","13:00:10",536700
52200,600,200,"bu","13:00:08",536600
52100,500,2400,"sd","13:00:00",536400
52100,500,1000,"sd","13:00:00",534000
52100,500,400,"sd","13:00:00",533000
52100,500,1000,"sd","13:00:00",532600
52100,500,200,"sd","13:00:00",531600
52100,500,800,"sd","13:00:00",531400
52100,500,5000,"sd","13:00:00",530600
52100,500,1200,"sd","13:00:00",525600
52200,600,500,"unknown","13:00:00",524400
52200,600,100,"bu","11:29:51",523900
52200,600,200,"bu","11:29:51",523800
52200,600,2100,"bu","11:29:51",523600
52200,600,500,"sd","11:28:57",521500
52200,600,2000,"sd","11:28:57",521000
52300,700,100,"bu","11:27:14",519000
52200,600,100,"sd","11:26:26",518900
52200,600,100,"bu","11:25:47",518800
52200,600,200,"bu","11:25:47",518700
52200,600,200,"bu","11:25:37",518500
52200,600,2800,"bu","11:25:37",518300
52200,600,500,"bu","11:25:23",515500
52200,600,1700,"bu","11:24:47",515000
52200,600,400,"bu","11:24:43",513300
52200,600,200,"bu","11:24:01",512900
52200,600,100,"bu","11:23:59",512700
52200,600,400,"bu","11:22:48",512600
52200,600,200,"bu","11:22:48",512200
52200,600,1200,"sd","11:22:09",512000
52200,600,3800,"sd","11:21:45",510800
52200,600,1000,"sd","11:21:45",507000
52200,600,5000,"sd","11:21:45",506000
52200,600,500,"sd","11:21:45",501000
52200,600,5700,"sd","11:21:45",500500
52200,600,100,"sd","11:21:16",494800
52300,700,100,"bu","11:20:51",494700
52300,700,200,"sd","11:20:08",494600
52300,700,800,"sd","11:20:02",494400
52300,700,100,"sd","11:20:02",493600
52300,700,900,"bu","11:20:02",493500
52200,600,800,"sd","11:19:19",492600
52200,600,100,"sd","11:18:41",491800
52300,700,100,"bu","11:18:36",491700
52300,700,100,"bu","11:18:36",491600
52300,700,1000,"bu","11:18:36",491500
52300,700,100,"bu","11:18:36",490500
52300,700,200,"bu","11:18:36",490400
52300,700,5000,"bu","11:18:36",490200
52300,700,3500,"bu","11:18:36",485200
52300,700,100,"bu","11:17:50",481700
52300,700,200,"bu","11:17:06",481600
52300,700,100,"bu","11:16:18",481400
52200,600,300,"sd","11:15:31",481300
52200,600,200,"sd","11:15:31",481000
52200,600,100,"sd","11:13:20",480800
52300,700,3000,"bu","11:13:17",480700
52200,600,200,"sd","11:13:12",477700
52300,700,2000,"sd","11:12:51",477500
52300,700,100,"sd","11:12:51",475500
52300,700,1000,"sd","11:12:51",475400
52300,700,100,"sd","11:12:48",474400
52300,700,300,"sd","11:12:39",474300
52300,700,500,"sd","11:12:33",474000
52300,700,1000,"sd","11:11:57",473500
52300,700,100,"bu","11:11:57",472500
52300,700,200,"bu","11:11:57",472400
52300,700,500,"bu","11:11:57",472200
52300,700,1900,"bu","11:11:57",471700
52300,700,100,"bu","11:11:41",469800
52300,700,100,"bu","11:11:41",469700
52300,700,100,"bu","11:11:41",469600
52300,700,1200,"bu","11:11:41",469500
52300,700,200,"bu","11:11:41",468300
52300,700,1000,"bu","11:11:41",468100
52300,700,100,"bu","11:11:41",467100
52300,700,7200,"bu","11:11:41",467000
52200,600,500,"sd","11:11:16",459800
52200,600,500,"sd","11:11:16",459300
52200,600,200,"sd","11:11:03",458800
52200,600,100,"sd","11:10:01",458600
52200,600,100,"bu","11:08:59",458500
52200,600,100,"bu","11:08:59",458400
52200,600,600,"bu","11:08:59",458300
52200,600,500,"bu","11:08:50",457700
52100,500,2800,"bu","11:07:59",457200
52100,500,500,"bu","11:07:32",454400
52100,500,100,"bu","11:07:29",453900
52100,500,500,"bu","11:07:09",453800
52100,500,100,"sd","11:06:27",453300
52100,500,400,"bu","11:06:06",453200
52100,500,500,"bu","11:05:43",452800
52000,400,4600,"sd","11:04:38",452300
52000,400,100,"sd","11:04:38",447700
52000,400,1300,"sd","11:04:38",447600
52000,400,8600,"bu","11:04:11",446300
52000,400,100,"bu","11:04:03",437700
52000,400,600,"sd","11:03:54",437600
52000,400,300,"sd","11:03:54",437000
52000,400,200,"sd","11:03:54",436700
52000,400,3000,"sd","11:03:54",436500
52000,400,1000,"sd","11:03:54",433500
52000,400,5000,"sd","11:03:54",432500
52000,400,100,"sd","11:03:54",427500
52000,400,6400,"sd","11:03:54",427400
52100,500,500,"sd","11:03:54",421000
52100,500,3200,"sd","11:03:54",420500
52100,500,8700,"sd","11:03:54",417300
52100,500,100,"sd","11:03:54",408600
52100,500,500,"sd","11:03:54",408500
52100,500,300,"sd","11:03:54",408000
52100,500,9400,"sd","11:03:54",407700
52200,600,4000,"bu","11:03:44",398300
52200,600,2000,"bu","11:03:19",394300
52200,600,1300,"bu","11:03:15",392300
52200,600,100,"sd","11:02:04",391000
52200,600,100,"sd","11:02:04",390900
52200,600,1400,"sd","11:02:04",390800
52200,600,200,"sd","11:01:47",389400
52200,600,100,"sd","11:01:43",389200
52200,600,1000,"sd","11:01:27",389100
52200,600,300,"sd","11:01:24",388100
52200,600,1000,"sd","11:00:55",387800
52300,700,300,"bu","11:00:06",386800
52300,700,100,"unknown","10:59:58",386500
52300,700,100,"sd","10:59:58",386400
52300,700,400,"sd","10:59:58",386300
52300,700,1000,"sd","10:59:58",385900
52300,700,900,"sd","10:59:58",384900
52300,700,100,"sd","10:59:55",384000
52300,700,500,"sd","10:59:49",383900
52300,700,100,"sd","10:59:47",383400
52300,700,1000,"sd","10:58:47",383300
52300,700,100,"sd","10:58:32",382300
52300,700,100,"sd","10:58:11",382200
52300,700,200,"sd","10:58:02",382100
52300,700,1000,"sd","10:58:01",381900
52300,700,1000,"sd","10:57:57",380900
52300,700,300,"sd","10:57:43",379900
52300,700,500,"sd","10:57:43",379600
52300,700,2800,"sd","10:57:43",379100
52300,700,100,"sd","10:57:43",376300
52300,700,1200,"sd","10:57:43",376200
52400,800,100,"bu","10:56:55",375000
52400,800,300,"bu","10:56:54",374900
52400,800,1200,"sd","10:56:13",374600
52400,800,1000,"sd","10:56:10",373400
52400,800,400,"bu","10:56:08",372400
52400,800,300,"bu","10:56:08",372000
52400,800,100,"bu","10:56:08",371700
52400,800,200,"bu","10:56:06",371600
52400,800,200,"sd","10:55:48",371400
52400,800,300,"sd","10:55:36",371200
52400,800,300,"sd","10:55:36",370900
52400,800,100,"sd","10:55:36",370600
52400,800,300,"sd","10:55:36",370500
52400,800,200,"sd","10:55:04",370200
52400,800,300,"bu","10:54:58",370000
52400,800,700,"bu","10:54:58",369700
52400,800,300,"bu","10:54:50",369000
52400,800,500,"bu","10:54:50",368700
52400,800,100,"bu","10:54:50",368200
52400,800,100,"bu","10:54:50",368100
52400,800,100,"bu","10:54:50",368000
52400,800,100,"bu","10:54:50",367900
52400,800,3800,"bu","10:54:50",367800
52400,800,200,"bu","10:54:46",364000
52400,800,200,"bu","10:54:14",363800
52400,800,2000,"sd","10:54:04",363600
52400,800,1000,"sd","10:54:04",361600
52400,800,100,"sd","10:54:04",360600
52400,800,2700,"sd","10:54:04",360500
52400,800,300,"sd","10:53:59",357800
52400,800,1700,"sd","10:53:59",357500
52500,900,300,"bu","10:53:42",355800
52500,900,200,"bu","10:53:42",355500
52500,900,100,"bu","10:52:55",355300
52500,900,100,"bu","10:52:55",355200
52500,900,1000,"bu","10:52:55",355100
52500,900,100,"bu","10:52:55",354100
52500,900,200,"bu","10:52:55",354000
52500,900,100,"bu","10:52:50",353800
52500,900,100,"bu","10:52:20",353700
52500,900,100,"bu","10:52:20",353600
52500,900,5000,"bu","10:52:20",353500
52500,900,100,"bu","10:52:20",348500
52500,900,800,"bu","10:52:20",348400
52500,900,100,"bu","10:52:20",347600
52500,900,500,"bu","10:52:20",347500
52500,900,500,"bu","10:52:20",347000
52500,900,200,"bu","10:52:20",346500
52500,900,1000,"bu","10:52:20",346300
52500,900,1000,"bu","10:52:20",345300
52500,900,200,"bu","10:52:20",344300
52500,900,400,"bu","10:52:20",344100
52500,900,100,"bu","10:52:16",343700
52400,800,100,"sd","10:52:06",343600
52400,800,2000,"sd","10:51:48",343500
52400,800,200,"sd","10:51:47",341500
52400,800,100,"bu","10:51:43",341300
52400,800,300,"bu","10:51:43",341200
52400,800,500,"bu","10:51:43",340900
52400,800,2000,"bu","10:51:43",340400
52400,800,200,"bu","10:51:43",338400
52400,800,100,"bu","10:51:43",338200
52400,800,1000,"bu","10:51:43",338100
52400,800,500,"bu","10:51:43",337100
52400,800,100,"bu","10:51:43",336600
52400,800,100,"bu","10:51:43",336500
52400,800,100,"bu","10:51:43",336400
52400,800,100,"bu","10:51:43",336300
52400,800,100,"bu","10:51:43",336200
52400,800,2000,"bu","10:51:43",336100
52400,800,1000,"bu","10:51:43",334100
52400,800,1000,"bu","10:51:43",333100
52400,800,3000,"bu","10:51:43",332100
52400,800,100,"bu","10:51:43",329100
52400,800,500,"bu","10:51:43",329000
52400,800,100,"bu","10:51:43",328500
52400,800,2800,"bu","10:51:43",328400
52400,800,200,"bu","10:51:43",325600
52400,800,100,"bu","10:51:43",325400
52400,800,500,"bu","10:51:27",325300
52300,700,400,"sd","10:51:25",324800
52400,800,200,"bu","10:51:14",324400
52400,800,1500,"bu","10:51:06",324200
52400,800,500,"bu","10:51:06",322700
52400,800,300,"bu","10:51:06",322200
52400,800,500,"bu","10:51:06",321900
52400,800,200,"bu","10:51:06",321400
52300,700,1400,"bu","10:51:03",321200
52300,700,600,"bu","10:51:01",319800
52300,700,400,"bu","10:51:01",319200
52300,700,600,"bu","10:50:44",318800
52300,700,400,"bu","10:50:44",318200
52300,700,200,"bu","10:50:08",317800
52300,700,400,"bu","10:49:43",317600
52300,700,3000,"bu","10:49:43",317200
52300,700,200,"bu","10:49:43",314200
52300,700,100,"bu","10:49:43",314000
52300,700,100,"bu","10:49:43",313900
52300,700,100,"bu","10:49:43",313800
52300,700,100,"bu","10:49:43",313700
52300,700,200,"bu","10:49:43",313600
52300,700,100,"bu","10:49:43",313400
52300,700,500,"bu","10:49:43",313300
52300,700,100,"bu","10:49:43",312800
52300,700,500,"bu","10:49:43",312700
52300,700,100,"bu","10:49:43",312200
52300,700,300,"bu","10:49:43",312100
52300,700,100,"bu","10:49:43",311800
52300,700,100,"bu","10:49:43",311700
52300,700,100,"bu","10:49:43",311600
52300,700,600,"bu","10:49:43",311500
52300,700,100,"bu","10:49:43",310900
52300,700,200,"bu","10:49:43",310800
52300,700,100,"bu","10:49:43",310600
52300,700,100,"bu","10:49:43",310500
52300,700,200,"bu","10:49:43",310400
52300,700,100,"bu","10:49:43",310200
52300,700,100,"bu","10:49:43",310100
52300,700,100,"bu","10:49:43",310000
52300,700,3000,"bu","10:49:43",309900
52300,700,300,"bu","10:49:43",306900
52300,700,200,"bu","10:49:12",306600
52300,700,200,"bu","10:49:12",306400
52300,700,2000,"bu","10:49:12",306200
52300,700,7600,"bu","10:49:12",304200
52200,600,100,"bu","10:48:52",296600
52200,600,500,"bu","10:48:52",296500
52200,600,200,"bu","10:48:52",296000
52200,600,500,"bu","10:48:52",295800
52200,600,200,"bu","10:48:52",295300
52200,600,100,"bu","10:48:52",295100
52200,600,1000,"bu","10:48:52",295000
52200,600,500,"bu","10:48:52",294000
52200,600,100,"bu","10:48:52",293500
52200,600,100,"bu","10:48:52",293400
52200,600,900,"bu","10:48:52",293300
52200,600,500,"bu","10:48:52",292400
52200,600,100,"bu","10:48:52",291900
52200,600,1800,"bu","10:48:52",291800
52200,600,1200,"bu","10:48:48",290000
52200,600,100,"bu","10:48:48",288800
52200,600,500,"bu","10:48:48",288700
52200,600,100,"bu","10:48:48",288200
52200,600,1000,"bu","10:48:48",288100
52200,600,300,"bu","10:48:48",287100
52200,600,300,"bu","10:48:48",286800
52200,600,100,"bu","10:48:48",286500
52200,600,100,"bu","10:48:48",286400
52200,600,100,"bu","10:48:48",286300
52200,600,200,"bu","10:48:48",286200
52200,600,300,"bu","10:48:48",286000
52200,600,100,"bu","10:48:48",285700
52200,600,600,"bu","10:48:48",285600
52200,600,2500,"bu","10:48:48",285000
52200,600,300,"bu","10:48:48",282500
52200,600,200,"bu","10:48:48",282200
52200,600,500,"bu","10:48:48",282000
52200,600,1000,"bu","10:48:48",281500
52200,600,500,"bu","10:48:48",280500
52200,600,200,"bu","10:48:30",280000
52200,600,200,"bu","10:47:50",279800
52200,600,1100,"bu","10:47:49",279600
52200,600,500,"bu","10:47:49",278500
52200,600,400,"bu","10:47:35",278000
52200,600,100,"bu","10:47:35",277600
52200,600,2000,"bu","10:47:35",277500
52200,600,500,"bu","10:47:35",275500
52200,600,100,"bu","10:47:35",275000
52200,600,200,"bu","10:47:35",274900
52200,600,600,"bu","10:47:35",274700
52200,600,100,"bu","10:47:35",274100
52200,600,100,"bu","10:47:35",274000
52200,600,3400,"bu","10:47:35",273900
52200,600,500,"bu","10:47:35",270500
52200,600,1500,"bu","10:47:35",270000
52200,600,500,"bu","10:47:35",268500
52200,600,200,"bu","10:47:11",268000
52200,600,1000,"bu","10:46:45",267800
52100,500,600,"sd","10:46:21",266800
52100,500,100,"sd","10:46:21",266200
52100,500,1300,"sd","10:46:21",266100
52100,500,2500,"sd","10:46:21",264800
52100,500,1000,"sd","10:46:21",262300
52100,500,200,"sd","10:46:14",261300
52200,600,100,"bu","10:44:11",261100
52200,600,100,"bu","10:42:13",261000
52100,500,100,"sd","10:41:48",260900
52200,600,200,"bu","10:41:31",260800
52200,600,3000,"bu","10:41:31",260600
52200,600,1000,"bu","10:41:31",257600
52200,600,500,"bu","10:41:31",256600
52200,600,300,"bu","10:41:31",256100
52100,500,200,"sd","10:41:22",255800
52100,500,600,"sd","10:41:06",255600
52100,500,800,"sd","10:39:31",255000
52100,500,100,"sd","10:39:05",254200
52100,500,400,"sd","10:39:05",254100
52100,500,300,"sd","10:38:54",253700
52100,500,200,"sd","10:38:54",253400
52200,600,100,"bu","10:38:51",253200
52200,600,100,"bu","10:38:31",253100
52200,600,900,"bu","10:38:31",253000
52100,500,1800,"sd","10:38:04",252100
52100,500,500,"sd","10:38:04",250300
52100,500,2400,"sd","10:38:04",249800
52100,500,300,"sd","10:38:04",247400
52100,500,100,"sd","10:36:49",247100
52100,500,1000,"sd","10:36:15",247000
52100,500,500,"sd","10:36:02",246000
52200,600,500,"bu","10:35:32",245500
52100,500,3100,"sd","10:35:32",245000
52100,500,500,"sd","10:35:32",241900
52100,500,1000,"sd","10:35:32",241400
52100,500,400,"sd","10:35:32",240400
52100,500,100,"sd","10:35:17",240000
52100,500,100,"sd","10:35:00",239900
52100,500,400,"sd","10:34:47",239800
52100,500,1100,"sd","10:34:47",239400
52100,500,100,"sd","10:34:45",238300
52100,500,100,"sd","10:34:38",238200
52100,500,100,"sd","10:34:37",238100
52100,500,1000,"sd","10:34:32",238000
52100,500,500,"sd","10:33:59",237000
52100,500,100,"sd","10:33:57",236500
52100,500,400,"sd","10:33:57",236400
52100,500,1000,"sd","10:33:55",236000
52100,500,600,"sd","10:33:46",235000
52100,500,100,"sd","10:33:46",234400
52100,500,2300,"sd","10:33:46",234300
52100,500,200,"sd","10:33:41",232000
52100,500,300,"sd","10:32:53",231800
52100,500,200,"sd","10:32:38",231500
52100,500,100,"sd","10:32:36",231300
52100,500,1000,"sd","10:32:36",231200
52100,500,900,"sd","10:32:36",230200
52100,500,100,"bu","10:31:21",229300
52100,500,100,"bu","10:30:42",229200
52000,400,1000,"sd","10:30:29",229100
52100,500,100,"sd","10:29:58",228100
52100,500,100,"sd","10:29:58",228000
52100,500,100,"sd","10:29:58",227900
52100,500,600,"sd","10:29:58",227800
52100,500,100,"sd","10:29:15",227200
52100,500,800,"sd","10:28:26",227100
52100,500,200,"bu","10:27:57",226300
52100,500,200,"bu","10:27:57",226100
52100,500,100,"bu","10:27:57",225900
52100,500,400,"bu","10:27:57",225800
52100,500,2000,"bu","10:27:57",225400
52100,500,2600,"bu","10:27:57",223400
52100,500,2400,"bu","10:27:37",220800
52100,500,500,"bu","10:27:37",218400
52100,500,100,"bu","10:27:37",217900
52100,500,100,"bu","10:27:37",217800
52100,500,200,"bu","10:27:36",217700
52100,500,100,"bu","10:27:36",217500
52100,500,300,"bu","10:27:36",217400
52100,500,100,"bu","10:27:36",217100
52100,500,200,"bu","10:27:36",217000
52100,500,5000,"bu","10:27:36",216800
52100,500,1000,"bu","10:27:36",211800
52100,500,1000,"bu","10:27:34",210800
52100,500,1000,"bu","10:27:34",209800
52100,500,200,"bu","10:27:17",208800
52100,500,100,"bu","10:27:06",208600
52100,500,100,"bu","10:27:06",208500
52000,400,4000,"sd","10:26:01",208400
52100,500,100,"bu","10:25:54",204400
52100,500,400,"bu","10:25:54",204300
52000,400,500,"sd","10:25:32",203900
52000,400,500,"sd","10:25:18",203400
52000,400,2700,"bu","10:25:17",202900
52000,400,100,"bu","10:25:17",200200
52000,400,100,"bu","10:25:16",200100
52000,400,300,"bu","10:25:16",200000
52000,400,100,"bu","10:25:16",199700
52000,400,100,"bu","10:25:16",199600
52000,400,3000,"bu","10:25:16",199500
52000,400,1000,"bu","10:25:16",196500
52000,400,200,"bu","10:25:16",195500
52000,400,300,"bu","10:25:16",195300
52000,400,500,"bu","10:25:16",195000
52000,400,200,"bu","10:25:16",194500
52000,400,200,"bu","10:25:16",194300
52000,400,200,"bu","10:25:16",194100
52000,400,1000,"bu","10:25:16",193900
52000,400,200,"bu","10:25:16",192900
52000,400,500,"bu","10:25:16",192700
52000,400,1000,"bu","10:25:16",192200
52000,400,100,"bu","10:25:16",191200
52000,400,200,"bu","10:25:16",191100
52000,400,400,"bu","10:25:16",190900
52000,400,1000,"bu","10:25:16",190500
52000,400,100,"bu","10:25:16",189500
52000,400,1000,"bu","10:25:16",189400
52000,400,100,"bu","10:25:16",188400
52000,400,200,"bu","10:25:16",188300
52000,400,100,"bu","10:25:16",188100
52000,400,1000,"bu","10:25:16",188000
52000,400,1000,"bu","10:25:16",187000
52000,400,200,"bu","10:25:16",186000
52000,400,500,"bu","10:25:16",185800
51900,300,300,"sd","10:24:12",185300
51900,300,200,"sd","10:21:03",185000
51900,300,500,"sd","10:20:04",184800
52000,400,500,"bu","10:19:56",184300
52000,400,100,"bu","10:19:56",183800
52000,400,200,"bu","10:19:56",183700
52000,400,100,"bu","10:19:56",183500
52000,400,400,"bu","10:19:56",183400
52000,400,100,"bu","10:19:56",183000
52000,400,500,"bu","10:19:56",182900
52000,400,200,"bu","10:19:56",182400
52000,400,800,"bu","10:19:22",182200
52000,400,100,"bu","10:19:22",181400
51900,300,100,"sd","10:18:47",181300
52000,400,100,"bu","10:17:28",181200
52000,400,100,"bu","10:17:28",181100
52000,400,800,"bu","10:17:28",181000
52000,400,200,"bu","10:15:59",180200
52000,400,1000,"bu","10:14:43",180000
51900,300,500,"bu","10:14:16",179000
51900,300,500,"bu","10:14:16",178500
51900,300,500,"bu","10:14:16",178000
51900,300,200,"bu","10:14:16",177500
51900,300,800,"bu","10:13:46",177300
51900,300,2200,"bu","10:13:46",176500
51900,300,2000,"bu","10:13:39",174300
51800,200,100,"sd","10:11:18",172300
51900,300,100,"bu","10:10:58",172200
51900,300,3000,"bu","10:10:49",172100
51800,200,500,"sd","10:05:41",169100
51800,200,100,"sd","10:05:30",168600
51800,200,200,"sd","10:03:23",168500
51800,200,800,"sd","10:03:23",168300
51900,300,2700,"sd","09:58:41",167500
51900,300,300,"sd","09:58:25",164800
51900,300,300,"sd","09:58:25",164500
51900,300,100,"sd","09:58:00",164200
51900,300,3000,"sd","09:57:19",164100
51900,300,100,"bu","09:56:48",161100
51900,300,100,"bu","09:56:48",161000
51900,300,100,"bu","09:56:48",160900
51900,300,1000,"bu","09:56:48",160800
51900,300,300,"bu","09:56:48",159800
51900,300,1000,"bu","09:56:23",159500
51900,300,100,"bu","09:55:01",158500
51800,200,200,"sd","09:54:30",158400
51800,200,2000,"sd","09:53:00",158200
51800,200,2000,"sd","09:52:00",156200
51800,200,500,"sd","09:52:00",154200
51800,200,100,"sd","09:52:00",153700
51800,200,7200,"sd","09:52:00",153600
51800,200,100,"sd","09:51:02",146400
51800,200,100,"sd","09:50:33",146300
51900,300,100,"bu","09:50:05",146200
51900,300,300,"bu","09:50:00",146100
51900,300,100,"bu","09:50:00",145800
51900,300,200,"bu","09:50:00",145700
51900,300,2400,"bu","09:50:00",145500
51900,300,600,"bu","09:49:58",143100
51900,300,3000,"bu","09:49:37",142500
51900,300,3000,"bu","09:48:54",139500
51900,300,1000,"sd","09:48:51",136500
51900,300,1000,"sd","09:48:43",135500
51900,300,2000,"sd","09:48:30",134500
51900,300,100,"sd","09:48:24",132500
51900,300,600,"sd","09:48:21",132400
51900,300,200,"sd","09:48:15",131800
51900,300,100,"sd","09:48:05",131600
51900,300,100,"sd","09:48:05",131500
51900,300,100,"sd","09:48:05",131400
51900,300,500,"sd","09:48:05",131300
51900,300,1300,"sd","09:48:05",130800
51900,300,200,"sd","09:47:58",129500
51900,300,500,"sd","09:46:13",129300
52000,400,100,"bu","09:46:10",128800
51900,300,900,"bu","09:45:18",128700
51900,300,100,"sd","09:45:16",127800
51900,300,100,"sd","09:45:10",127700
51900,300,400,"sd","09:45:10",127600
51900,300,1600,"sd","09:44:31",127200
51900,300,400,"sd","09:44:31",125600
51900,300,1000,"sd","09:44:13",125200
51900,300,1000,"sd","09:44:11",124200
51900,300,600,"sd","09:43:37",123200
51900,300,400,"sd","09:43:37",122600
51900,300,100,"sd","09:43:11",122200
51900,300,100,"sd","09:43:11",122100
51900,300,1800,"sd","09:43:11",122000
51900,300,3000,"sd","09:42:55",120200
51900,300,200,"sd","09:42:55",117200
51900,300,100,"sd","09:42:55",117000
51900,300,700,"sd","09:42:55",116900
51900,300,200,"sd","09:40:58",116200
51900,300,100,"sd","09:39:35",116000
51900,300,200,"sd","09:39:30",115900
51900,300,500,"sd","09:39:25",115700
51900,300,200,"bu","09:39:02",115200
51900,300,1000,"bu","09:39:02",115000
51900,300,100,"bu","09:39:02",114000
51800,200,100,"sd","09:39:00",113900
51900,300,100,"sd","09:38:20",113800
51900,300,1600,"sd","09:38:20",113700
51900,300,1200,"sd","09:38:20",112100
51900,300,500,"sd","09:38:03",110900
51900,300,1300,"sd","09:37:48",110400
51900,300,100,"sd","09:37:48",109100
51900,300,500,"sd","09:37:48",109000
51900,300,100,"sd","09:37:48",108500
51900,300,800,"sd","09:37:39",108400
51900,300,200,"sd","09:37:39",107600
51900,300,200,"sd","09:36:55",107400
51900,300,100,"sd","09:35:45",107200
51900,300,500,"sd","09:35:43",107100
51900,300,100,"sd","09:35:30",106600
51900,300,100,"sd","09:35:29",106500
51900,300,100,"sd","09:34:57",106400
51900,300,100,"sd","09:34:57",106300
51900,300,800,"sd","09:34:57",106200
51900,300,1000,"sd","09:34:57",105400
51900,300,5000,"sd","09:34:57",104400
51900,300,1000,"sd","09:34:57",99400
51900,300,400,"sd","09:34:57",98400
51900,300,200,"sd","09:34:57",98000
51900,300,1400,"sd","09:34:57",97800
51900,300,100,"sd","09:30:06",96400
52000,400,100,"bu","09:29:31",96300
52000,400,300,"bu","09:29:31",96200
51900,300,100,"sd","09:29:20",95900
52000,400,100,"bu","09:29:05",95800
51900,300,100,"sd","09:28:33",95700
51900,300,100,"sd","09:27:59",95600
51900,300,200,"sd","09:27:55",95500
51900,300,500,"sd","09:27:55",95300
51900,300,100,"sd","09:27:55",94800
51900,300,100,"sd","09:27:30",94700
51900,300,100,"sd","09:27:30",94600
51900,300,500,"sd","09:27:30",94500
52000,400,200,"sd","09:27:24",94000
52000,400,100,"bu","09:27:18",93800
52000,400,100,"bu","09:27:18",93700
52000,400,100,"sd","09:27:00",93600
52000,400,900,"bu","09:26:54",93500
52000,400,100,"bu","09:26:47",92600
52000,400,600,"bu","09:26:36",92500
52000,400,300,"bu","09:26:36",91900
52000,400,300,"bu","09:26:36",91600
52000,400,500,"sd","09:25:40",91300
52000,400,200,"sd","09:25:40",90800
52000,400,100,"sd","09:25:40",90600
52000,400,200,"sd","09:25:40",90500
52000,400,100,"sd","09:25:40",90300
52000,400,100,"sd","09:25:40",90200
52000,400,500,"sd","09:25:40",90100
52100,500,200,"bu","09:25:20",89600
52100,500,100,"bu","09:25:20",89400
52100,500,700,"bu","09:25:20",89300
52100,500,300,"bu","09:24:18",88600
52100,500,200,"bu","09:24:18",88300
52100,500,1000,"sd","09:22:48",88100
52200,600,100,"bu","09:22:42",87100
52100,500,600,"sd","09:22:40",87000
52100,500,100,"sd","09:22:40",86400
52100,500,100,"sd","09:22:40",86300
52100,500,200,"sd","09:22:40",86200
52200,600,100,"bu","09:22:17",86000
52200,600,300,"bu","09:22:17",85900
52100,500,200,"bu","09:22:12",85600
52100,500,600,"bu","09:22:12",85400
52100,500,700,"bu","09:22:06",84800
52100,500,600,"bu","09:22:02",84100
52100,500,400,"bu","09:22:02",83500
52100,500,300,"bu","09:21:50",83100
52100,500,300,"bu","09:21:48",82800
52100,500,100,"bu","09:21:27",82500
52100,500,200,"bu","09:21:27",82400
52100,500,300,"bu","09:21:19",82200
52100,500,1000,"sd","09:21:08",81900
52100,500,200,"sd","09:21:05",80900
52100,500,2000,"bu","09:20:56",80700
52100,500,100,"bu","09:20:56",78700
52000,400,500,"bu","09:20:48",78600
52000,400,500,"bu","09:20:48",78100
52000,400,300,"bu","09:20:47",77600
52000,400,500,"bu","09:20:36",77300
52000,400,1000,"bu","09:20:36",76800
52000,400,200,"bu","09:20:36",75800
52000,400,1500,"bu","09:20:36",75600
52000,400,1300,"bu","09:20:28",74100
52000,400,10000,"bu","09:20:22",72800
52000,400,300,"bu","09:20:15",62800
52000,400,1000,"bu","09:19:58",62500
52000,400,200,"bu","09:19:40",61500
51900,300,200,"sd","09:19:31",61300
52000,400,400,"bu","09:19:09",61100
51900,300,500,"sd","09:18:49",60700
51900,300,800,"sd","09:18:14",60200
51900,300,100,"sd","09:18:14",59400
51900,300,100,"sd","09:18:14",59300
52000,400,200,"bu","09:18:08",59200
51900,300,200,"sd","09:18:01",59000
51900,300,400,"bu","09:17:46",58800
51900,300,300,"bu","09:17:45",58400
51900,300,1300,"sd","09:17:24",58100
51900,300,700,"sd","09:17:06",56800
51900,300,100,"sd","09:17:06",56100
51900,300,200,"sd","09:17:06",56000
52000,400,100,"sd","09:16:58",55800
52000,400,500,"sd","09:16:58",55700
52000,400,2000,"sd","09:16:58",55200
52000,400,2500,"sd","09:16:58",53200
52000,400,200,"sd","09:16:50",50700
52000,400,2300,"bu","09:16:35",50500
51900,300,300,"sd","09:16:34",48200
51900,300,100,"sd","09:16:34",47900
51900,300,100,"sd","09:16:34",47800
52000,400,500,"sd","09:16:25",47700
52000,400,300,"sd","09:16:25",47200
52000,400,16900,"sd","09:16:25",46900
52000,400,100,"sd","09:16:20",30000
52000,400,400,"sd","09:16:00",29900
52000,400,100,"sd","09:15:58",29500
52000,400,500,"bu","09:15:54",29400
52000,400,2000,"bu","09:15:54",28900
52000,400,100,"bu","09:15:48",26900
52000,400,100,"sd","09:15:28",26800
52000,400,3000,"sd","09:15:28",26700
52100,500,100,"sd","09:15:28",23700
52200,600,100,"sd","09:15:25",23600
52300,700,2200,"bu","09:15:24",23500
52300,700,300,"bu","09:15:24",21300
52300,700,500,"bu","09:15:24",21000
52300,700,500,"bu","09:15:07",20500
52300,700,20000,"unknown","09:15:00",20000
