"price","change","match_qtty","side","time","total_vol"
8700,300,200,"sd","14:47:31",97400
8700,300,1200,"unknown","14:45:01",97200
8700,300,500,"sd","14:28:18",96000
8700,300,200,"bu","14:27:52",95500
8700,300,2200,"sd","14:26:27",95300
8700,300,2700,"sd","14:25:21",93100
8700,300,4800,"sd","14:23:45",90400
8700,300,900,"bu","14:23:06",85600
8700,300,1200,"bu","14:18:24",84700
8700,300,10000,"bu","14:15:20",83500
8700,300,1000,"bu","14:13:04",73500
8700,300,2800,"sd","14:11:19",72500
8700,300,500,"sd","14:11:10",69700
8700,300,3100,"bu","14:10:36",69200
8700,300,100,"bu","14:05:25",66100
8700,300,100,"bu","14:04:39",66000
8700,300,100,"bu","14:04:00",65900
8700,300,1400,"bu","14:02:58",65800
8700,300,1000,"bu","14:02:15",64400
8700,300,300,"bu","13:44:08",63400
8700,300,2000,"bu","13:43:57",63100
8700,300,200,"bu","13:43:04",61100
8600,200,300,"sd","13:40:20",60900
8700,300,1000,"bu","13:39:47",60600
8700,300,1000,"bu","13:35:32",59600
8700,300,500,"bu","13:33:30",58600
8600,200,1800,"sd","13:15:18",58100
8700,300,1000,"bu","13:05:35",56300
8600,200,5000,"sd","11:20:13",55300
8600,200,200,"sd","11:13:20",50300
8700,300,2500,"bu","11:04:10",50100
8700,300,1400,"bu","11:01:22",47600
8700,300,2000,"bu","10:55:58",46200
8700,300,100,"bu","10:51:09",44200
8700,300,2000,"bu","10:51:02",44100
8700,300,2000,"bu","10:49:57",42100
8600,200,900,"sd","10:49:08",40100
8600,200,500,"bu","10:47:19",39200
8600,200,100,"bu","10:43:52",38700
8600,200,500,"bu","10:42:51",38600
8600,200,1000,"bu","10:32:34",38100
8500,100,500,"sd","10:24:06",37100
8500,100,200,"sd","10:22:01",36600
8500,100,500,"sd","10:11:11",36400
8600,200,100,"bu","10:01:11",35900
8600,200,3600,"unknown","09:57:34",35800
8600,200,2000,"sd","09:55:50",32200
8600,200,900,"unknown","09:39:56",30200
8500,100,1500,"sd","09:38:46",29300
8600,200,2700,"bu","09:37:27",27800
8600,200,500,"sd","09:35:20",25100
8600,200,7000,"sd","09:34:34",24600
8700,300,100,"bu","09:23:40",17600
8700,300,7400,"unknown","09:20:22",17500
8800,400,1000,"bu","09:18:37",10100
8800,400,100,"bu","09:13:13",9100
8800,400,100,"bu","09:09:34",9000
8800,400,1800,"bu","09:08:57",8900
8800,400,800,"sd","09:08:15",7100
8800,400,3600,"bu","09:07:55",6300
8700,300,2000,"bu","09:06:34",2700
8700,300,100,"bu","09:05:26",700
8600,200,600,"bu","09:00:40",600
