"price","change","match_qtty","side","time","total_vol"
13.1,0.45,86800,"sd","14:45:01",1786000
13.1,0.45,2000,"bu","14:29:43",1699200
13.05,0.4,100,"sd","14:29:22",1697200
13.1,0.45,1000,"bu","14:29:04",1697100
13.1,0.45,1000,"bu","14:28:41",1696100
13.05,0.4,2000,"sd","14:28:40",1695100
13.05,0.4,900,"sd","14:28:38",1693100
13.05,0.4,100,"sd","14:28:38",1692200
13.05,0.4,200,"bu","14:27:58",1692100
13.05,0.4,200,"bu","14:27:58",1691900
13.05,0.4,100,"bu","14:27:27",1691700
13.05,0.4,500,"bu","14:27:24",1691600
13.05,0.4,500,"bu","14:27:07",1691100
13.05,0.4,1000,"bu","14:26:53",1690600
13.05,0.4,1000,"bu","14:26:47",1689600
13.05,0.4,600,"bu","14:26:44",1688600
13.05,0.4,500,"bu","14:26:38",1688000
13.05,0.4,2000,"bu","14:26:27",1687500
13.05,0.4,1000,"bu","14:26:24",1685500
13.05,0.4,100,"bu","14:26:13",1684500
13,0.35,400,"sd","14:26:10",1684400
13.05,0.4,100,"bu","14:25:55",1684000
13.05,0.4,400,"bu","14:25:37",1683900
13.05,0.4,100,"bu","14:25:37",1683500
13.05,0.4,100,"bu","14:25:14",1683400
13.05,0.4,400,"sd","14:25:01",1683300
13.05,0.4,400,"sd","14:25:01",1682900
13.1,0.45,1000,"bu","14:24:18",1682500
13.05,0.4,800,"sd","14:24:04",1681500
13.05,0.4,3000,"sd","14:24:04",1680700
13.05,0.4,8200,"sd","14:24:04",1677700
13.1,0.45,100,"bu","14:22:47",1669500
13.1,0.45,100,"bu","14:22:47",1669400
13.1,0.45,100,"bu","14:21:31",1669300
13.05,0.4,1000,"sd","14:21:07",1669200
13.05,0.4,300,"bu","14:20:36",1668200
13.05,0.4,1000,"bu","14:20:36",1667900
13.05,0.4,9500,"bu","14:20:36",1666900
13.05,0.4,500,"bu","14:20:22",1657400
13.05,0.4,1000,"bu","14:20:22",1656900
13.05,0.4,500,"bu","14:20:22",1655900
13.05,0.4,200,"bu","14:20:18",1655400
13.05,0.4,200,"bu","14:19:32",1655200
13.05,0.4,3000,"bu","14:19:21",1655000
13.05,0.4,1000,"bu","14:19:10",1652000
13.05,0.4,300,"bu","14:19:07",1651000
13.05,0.4,500,"bu","14:19:06",1650700
13.05,0.4,1000,"bu","14:18:05",1650200
13,0.35,400,"sd","14:16:28",1649200
13,0.35,2000,"sd","14:16:06",1648800
13,0.35,11600,"bu","14:15:31",1646800
13,0.35,400,"bu","14:15:10",1635200
13,0.35,500,"bu","14:15:00",1634800
13,0.35,200,"bu","14:15:00",1634300
13,0.35,2000,"sd","14:14:59",1634100
13,0.35,500,"sd","14:14:59",1632100
13,0.35,100,"sd","14:14:59",1631600
13,0.35,400,"sd","14:14:59",1631500
13,0.35,300,"sd","14:14:59",1631100
13.05,0.4,200,"bu","14:14:46",1630800
13,0.35,100,"sd","14:14:41",1630600
13,0.35,700,"sd","14:13:56",1630500
13,0.35,300,"sd","14:13:56",1629800
13,0.35,100,"sd","14:13:56",1629500
13,0.35,100,"sd","14:13:56",1629400
13,0.35,3800,"sd","14:13:56",1629300
13,0.35,1000,"sd","14:13:56",1625500
13,0.35,1500,"sd","14:13:41",1624500
13,0.35,24400,"sd","14:13:33",1623000
13,0.35,1200,"sd","14:13:33",1598600
13,0.35,100,"sd","14:13:33",1597400
13,0.35,700,"sd","14:13:33",1597300
13,0.35,300,"sd","14:13:33",1596600
13,0.35,500,"sd","14:13:33",1596300
13,0.35,1000,"sd","14:13:33",1595800
13,0.35,1000,"sd","14:13:33",1594800
13,0.35,1000,"sd","14:13:33",1593800
13,0.35,300,"sd","14:13:33",1592800
13,0.35,100,"sd","14:13:33",1592500
13,0.35,400,"sd","14:13:33",1592400
13,0.35,100,"sd","14:13:33",1592000
13,0.35,2000,"sd","14:13:33",1591900
13,0.35,1000,"sd","14:13:33",1589900
13,0.35,1000,"sd","14:13:33",1588900
13,0.35,200,"sd","14:13:33",1587900
13,0.35,200,"sd","14:13:33",1587700
13,0.35,5000,"sd","14:13:33",1587500
13,0.35,500,"sd","14:13:33",1582500
13,0.35,100,"sd","14:13:33",1582000
13,0.35,8900,"sd","14:13:33",1581900
13.05,0.4,2000,"bu","14:13:08",1573000
13.05,0.4,200,"bu","14:12:49",1571000
13.05,0.4,100,"bu","14:12:44",1570800
13.05,0.4,100,"bu","14:12:25",1570700
13,0.35,900,"sd","14:12:23",1570600
13,0.35,200,"sd","14:12:20",1569700
13.05,0.4,700,"bu","14:12:15",1569500
13.05,0.4,300,"bu","14:12:15",1568800
13.05,0.4,100,"bu","14:10:39",1568500
13.05,0.4,600,"bu","14:10:09",1568400
13.05,0.4,200,"bu","14:10:09",1567800
13.05,0.4,200,"bu","14:10:09",1567600
13.05,0.4,200,"bu","14:09:30",1567400
13,0.35,300,"sd","14:09:24",1567200
13,0.35,1000,"sd","14:09:19",1566900
13.05,0.4,200,"bu","14:09:02",1565900
13.05,0.4,900,"bu","14:08:12",1565700
13.05,0.4,100,"bu","14:08:12",1564800
13.05,0.4,600,"bu","14:07:13",1564700
13.05,0.4,100,"bu","14:07:11",1564100
13.05,0.4,100,"bu","14:06:54",1564000
13,0.35,100,"sd","14:06:37",1563900
13.05,0.4,700,"bu","14:06:27",1563800
13.05,0.4,800,"bu","14:06:27",1563100
13,0.35,600,"sd","14:05:56",1562300
13,0.35,4400,"sd","14:05:56",1561700
13.05,0.4,500,"bu","14:05:38",1557300
13.05,0.4,500,"sd","14:04:56",1556800
13.05,0.4,300,"sd","14:04:56",1556300
13.05,0.4,200,"sd","14:04:55",1556000
13.05,0.4,100,"sd","14:04:55",1555800
13.05,0.4,1000,"sd","14:04:55",1555700
13.05,0.4,200,"sd","14:04:55",1554700
13.05,0.4,3000,"sd","14:04:54",1554500
13.1,0.45,300,"bu","14:04:53",1551500
13.1,0.45,500,"bu","14:01:05",1551200
13.1,0.45,800,"sd","13:59:59",1550700
13.1,0.45,500,"sd","13:59:59",1549900
13.1,0.45,3000,"sd","13:59:59",1549400
13.1,0.45,300,"sd","13:59:59",1546400
13.1,0.45,1000,"sd","13:59:59",1546100
13.1,0.45,1400,"sd","13:59:59",1545100
13.1,0.45,600,"sd","13:59:59",1543700
13.1,0.45,600,"sd","13:59:59",1543100
13.1,0.45,1000,"sd","13:59:59",1542500
13.1,0.45,500,"sd","13:59:53",1541500
13.1,0.45,2000,"sd","13:59:53",1541000
13.1,0.45,500,"sd","13:59:53",1539000
13.1,0.45,7000,"sd","13:59:02",1538500
13.15,0.5,500,"bu","13:57:58",1531500
13.15,0.5,1000,"bu","13:55:16",1531000
13.15,0.5,800,"bu","13:54:52",1530000
13.15,0.5,200,"bu","13:54:38",1529200
13.15,0.5,100,"bu","13:54:38",1529000
13.15,0.5,1000,"bu","13:54:38",1528900
13.15,0.5,500,"bu","13:54:38",1527900
13.15,0.5,200,"bu","13:54:08",1527400
13.15,0.5,1300,"bu","13:53:58",1527200
13.15,0.5,900,"bu","13:53:58",1525900
13.15,0.5,500,"bu","13:53:43",1525000
13.15,0.5,1800,"bu","13:53:25",1524500
13.15,0.5,100,"bu","13:53:18",1522700
13.1,0.45,200,"sd","13:52:58",1522600
13.1,0.45,300,"sd","13:52:58",1522400
13.1,0.45,1600,"sd","13:51:06",1522100
13.1,0.45,100,"sd","13:50:41",1520500
13.1,0.45,300,"sd","13:50:41",1520400
13.1,0.45,1100,"sd","13:50:41",1520100
13.1,0.45,1000,"bu","13:50:02",1519000
13.1,0.45,3000,"bu","13:50:02",1518000
13.1,0.45,300,"bu","13:50:02",1515000
13.1,0.45,500,"bu","13:50:02",1514700
13.1,0.45,500,"bu","13:50:02",1514200
13.1,0.45,1000,"bu","13:50:02",1513700
13.1,0.45,200,"bu","13:50:02",1512700
13.1,0.45,8400,"bu","13:50:02",1512500
13.1,0.45,100,"bu","13:50:01",1504100
13.1,0.45,1000,"bu","13:50:01",1504000
13.1,0.45,300,"bu","13:49:55",1503000
13.1,0.45,200,"bu","13:49:32",1502700
13.1,0.45,200,"bu","13:49:32",1502500
13.1,0.45,300,"bu","13:49:23",1502300
13.1,0.45,200,"bu","13:49:23",1502000
13.1,0.45,1000,"bu","13:49:23",1501800
13.1,0.45,200,"bu","13:49:17",1500800
13.1,0.45,100,"bu","13:49:17",1500600
13.1,0.45,500,"bu","13:48:46",1500500
13.1,0.45,700,"bu","13:48:46",1500000
13.1,0.45,500,"bu","13:48:46",1499300
13.1,0.45,500,"bu","13:48:46",1498800
13.1,0.45,800,"bu","13:48:46",1498300
13.1,0.45,500,"bu","13:48:26",1497500
13.1,0.45,200,"bu","13:46:22",1497000
13.05,0.4,2000,"sd","13:46:07",1496800
13.05,0.4,500,"bu","13:45:54",1494800
13.05,0.4,500,"bu","13:45:54",1494300
13.05,0.4,500,"bu","13:45:31",1493800
13,0.35,600,"sd","13:45:27",1493300
13,0.35,400,"sd","13:45:27",1492700
13,0.35,100,"bu","13:44:56",1492300
13,0.35,400,"bu","13:44:50",1492200
12.95,0.3,300,"sd","13:44:12",1491800
12.95,0.3,8600,"sd","13:43:46",1491500
12.95,0.3,2600,"sd","13:43:46",1482900
13,0.35,100,"sd","13:43:46",1480300
13,0.35,1000,"sd","13:43:46",1480200
13,0.35,400,"sd","13:43:46",1479200
13,0.35,100,"sd","13:43:46",1478800
13,0.35,1500,"sd","13:43:46",1478700
13,0.35,700,"sd","13:43:46",1477200
13,0.35,500,"sd","13:43:39",1476500
13,0.35,500,"sd","13:43:33",1476000
13,0.35,8300,"sd","13:43:25",1475500
13,0.35,200,"sd","13:43:25",1467200
13,0.35,1500,"sd","13:43:25",1467000
13,0.35,500,"sd","13:42:44",1465500
13,0.35,1000,"sd","13:42:37",1465000
13,0.35,300,"sd","13:42:27",1464000
13,0.35,1700,"bu","13:42:24",1463700
13,0.35,1000,"bu","13:42:24",1462000
13,0.35,2000,"bu","13:42:22",1461000
13,0.35,5000,"bu","13:42:14",1459000
13,0.35,2000,"bu","13:42:11",1454000
13,0.35,1000,"bu","13:42:09",1452000
13,0.35,9000,"bu","13:42:07",1451000
13,0.35,2000,"bu","13:41:33",1442000
13,0.35,100,"bu","13:41:21",1440000
13,0.35,1200,"sd","13:41:17",1439900
13,0.35,10000,"sd","13:41:17",1438700
13,0.35,400,"sd","13:41:17",1428700
13,0.35,5000,"sd","13:41:17",1428300
13,0.35,1000,"sd","13:41:17",1423300
13,0.35,1000,"sd","13:41:17",1422300
13,0.35,100,"sd","13:41:17",1421300
13,0.35,300,"sd","13:41:17",1421200
13,0.35,100,"sd","13:41:17",1420900
13,0.35,1000,"sd","13:41:17",1420800
13,0.35,500,"sd","13:41:17",1419800
13,0.35,100,"sd","13:41:17",1419300
13,0.35,100,"sd","13:41:17",1419200
13,0.35,1000,"sd","13:41:17",1419100
13,0.35,100,"sd","13:41:17",1418100
13,0.35,100,"sd","13:41:17",1418000
13,0.35,500,"sd","13:41:17",1417900
13,0.35,5000,"sd","13:41:17",1417400
13,0.35,300,"sd","13:41:17",1412400
13,0.35,3000,"sd","13:41:17",1412100
13,0.35,200,"sd","13:41:17",1409100
13,0.35,500,"sd","13:41:17",1408900
13,0.35,1000,"sd","13:41:17",1408400
13,0.35,500,"sd","13:41:17",1407400
13,0.35,2000,"sd","13:41:17",1406900
13,0.35,200,"sd","13:41:17",1404900
13,0.35,5000,"sd","13:41:17",1404700
13,0.35,100,"sd","13:41:17",1399700
13,0.35,100,"sd","13:41:17",1399600
13,0.35,2000,"sd","13:41:17",1399500
13,0.35,1000,"sd","13:41:17",1397500
13,0.35,6000,"sd","13:41:17",1396500
13,0.35,500,"sd","13:41:17",1390500
13,0.35,400,"sd","13:41:17",1390000
13,0.35,500,"sd","13:41:17",1389600
13,0.35,500,"sd","13:41:17",1389100
13,0.35,400,"sd","13:41:17",1388600
13,0.35,800,"sd","13:41:17",1388200
13,0.35,10000,"sd","13:41:17",1387400
13,0.35,100,"sd","13:41:17",1377400
13,0.35,200,"sd","13:41:17",1377300
13,0.35,1000,"sd","13:41:17",1377100
13,0.35,500,"sd","13:41:17",1376100
13,0.35,1000,"sd","13:41:17",1375600
13,0.35,500,"sd","13:41:17",1374600
13.05,0.4,1000,"sd","13:41:17",1374100
13.05,0.4,700,"sd","13:41:17",1373100
13.05,0.4,8700,"sd","13:41:17",1372400
13.05,0.4,1300,"sd","13:41:17",1363700
13.05,0.4,200,"sd","13:41:17",1362400
13.05,0.4,300,"sd","13:41:02",1362200
13.05,0.4,500,"sd","13:40:38",1361900
13.05,0.4,400,"sd","13:40:32",1361400
13.05,0.4,2600,"sd","13:40:29",1361000
13.05,0.4,1000,"sd","13:40:29",1358400
13.05,0.4,1400,"sd","13:40:29",1357400
13.1,0.45,100,"bu","13:40:23",1356000
13.05,0.4,300,"sd","13:40:23",1355900
13.05,0.4,800,"sd","13:39:51",1355600
13.05,0.4,900,"sd","13:38:53",1354800
13.05,0.4,2300,"sd","13:38:53",1353900
13.05,0.4,1800,"sd","13:38:53",1351600
13.05,0.4,100,"sd","13:38:48",1349800
13.05,0.4,1500,"sd","13:38:16",1349700
13.05,0.4,1600,"sd","13:37:58",1348200
13.05,0.4,1400,"sd","13:37:58",1346600
13.05,0.4,100,"sd","13:36:18",1345200
13.05,0.4,100,"sd","13:36:06",1345100
13.05,0.4,200,"sd","13:36:06",1345000
13.05,0.4,200,"sd","13:36:06",1344800
13.05,0.4,500,"sd","13:36:06",1344600
13.05,0.4,200,"sd","13:35:54",1344100
13.05,0.4,400,"sd","13:35:48",1343900
13.05,0.4,2500,"sd","13:35:14",1343500
13.05,0.4,6400,"sd","13:35:07",1341000
13.05,0.4,3600,"sd","13:35:07",1334600
13.05,0.4,500,"sd","13:35:05",1331000
13.05,0.4,5000,"sd","13:35:02",1330500
13.05,0.4,900,"sd","13:34:53",1325500
13.05,0.4,10000,"sd","13:34:53",1324600
13.05,0.4,100,"sd","13:34:53",1314600
13.05,0.4,900,"sd","13:34:53",1314500
13.05,0.4,2000,"sd","13:34:53",1313600
13.05,0.4,1500,"sd","13:34:53",1311600
13.05,0.4,100,"sd","13:34:53",1310100
13.05,0.4,1000,"sd","13:34:53",1310000
13.05,0.4,4900,"sd","13:34:53",1309000
13.05,0.4,3000,"sd","13:34:18",1304100
13.05,0.4,10000,"sd","13:34:03",1301100
13.1,0.45,1400,"bu","13:33:57",1291100
13.05,0.4,100,"sd","13:33:46",1289700
13.05,0.4,100,"sd","13:33:46",1289600
13.05,0.4,300,"sd","13:33:46",1289500
13.1,0.45,200,"bu","13:30:15",1289200
13.1,0.45,1000,"bu","13:29:47",1289000
13.1,0.45,400,"bu","13:28:46",1288000
13.1,0.45,200,"sd","13:28:12",1287600
13.1,0.45,1000,"sd","13:28:12",1287400
13.1,0.45,500,"sd","13:28:12",1286400
13.1,0.45,4500,"sd","13:28:09",1285900
13.1,0.45,500,"sd","13:28:09",1281400
13.1,0.45,5000,"sd","13:28:03",1280900
13.1,0.45,400,"sd","13:27:40",1275900
13.1,0.45,100,"sd","13:25:47",1275500
13.1,0.45,200,"sd","13:25:47",1275400
13.1,0.45,700,"sd","13:25:47",1275200
13.1,0.45,800,"sd","13:25:33",1274500
13.1,0.45,200,"sd","13:25:33",1273700
13.1,0.45,100,"sd","13:24:42",1273500
13.1,0.45,1700,"sd","13:24:28",1273400
13.1,0.45,100,"sd","13:24:28",1271700
13.1,0.45,900,"sd","13:24:28",1271600
13.1,0.45,100,"sd","13:23:27",1270700
13.1,0.45,200,"sd","13:23:27",1270600
13.1,0.45,1500,"sd","13:22:29",1270400
13.1,0.45,300,"sd","13:21:57",1268900
13.1,0.45,1000,"sd","13:21:57",1268600
13.1,0.45,1200,"sd","13:21:57",1267600
13.1,0.45,300,"sd","13:21:57",1266400
13.1,0.45,200,"sd","13:21:57",1266100
13.1,0.45,100,"sd","13:21:40",1265900
13.1,0.45,200,"sd","13:21:36",1265800
13.1,0.45,1000,"sd","13:21:36",1265600
13.1,0.45,2800,"sd","13:21:36",1264600
13.1,0.45,400,"sd","13:21:25",1261800
13.1,0.45,1600,"sd","13:21:25",1261400
13.1,0.45,8400,"sd","13:20:58",1259800
13.1,0.45,800,"sd","13:20:58",1251400
13.1,0.45,100,"sd","13:20:57",1250600
13.1,0.45,11100,"sd","13:20:39",1250500
13.1,0.45,2000,"sd","13:20:39",1239400
13.1,0.45,1800,"sd","13:20:39",1237400
13.1,0.45,500,"sd","13:20:39",1235600
13.1,0.45,100,"sd","13:20:39",1235100
13.1,0.45,2900,"sd","13:20:39",1235000
13.1,0.45,7700,"sd","13:20:39",1232100
13.1,0.45,100,"sd","13:20:39",1224400
13.1,0.45,3800,"sd","13:20:39",1224300
13.1,0.45,100,"sd","13:20:34",1220500
13.1,0.45,1100,"sd","13:20:34",1220400
13.1,0.45,400,"sd","13:20:34",1219300
13.1,0.45,200,"sd","13:20:34",1218900
13.1,0.45,200,"sd","13:20:34",1218700
13.1,0.45,800,"sd","13:20:34",1218500
13.1,0.45,200,"sd","13:20:34",1217700
13.1,0.45,2000,"sd","13:20:34",1217500
13.1,0.45,900,"sd","13:20:34",1215500
13.1,0.45,100,"sd","13:20:34",1214600
13.1,0.45,2200,"sd","13:20:03",1214500
13.15,0.5,1000,"bu","13:18:22",1212300
13.15,0.5,1000,"bu","13:16:57",1211300
13.15,0.5,3000,"bu","13:16:50",1210300
13.15,0.5,100,"bu","13:16:38",1207300
13.15,0.5,1600,"sd","13:16:31",1207200
13.15,0.5,2000,"sd","13:16:15",1205600
13.15,0.5,1400,"bu","13:15:23",1203600
13.15,0.5,1000,"sd","13:14:52",1202200
13.15,0.5,1200,"sd","13:14:52",1201200
13.15,0.5,500,"sd","13:14:52",1200000
13.15,0.5,3900,"sd","13:14:52",1199500
13.15,0.5,1000,"sd","13:14:29",1195600
13.15,0.5,100,"sd","13:14:03",1194600
13.15,0.5,200,"sd","13:14:03",1194500
13.15,0.5,700,"sd","13:14:03",1194300
13.15,0.5,100,"sd","13:13:59",1193600
13.2,0.55,1000,"bu","13:13:56",1193500
13.2,0.55,200,"bu","13:13:44",1192500
13.15,0.5,200,"sd","13:13:24",1192300
13.15,0.5,2000,"sd","13:13:24",1192100
13.15,0.5,800,"sd","13:13:24",1190100
13.15,0.5,100,"sd","13:12:11",1189300
13.15,0.5,100,"bu","13:10:53",1189200
13.15,0.5,500,"bu","13:10:52",1189100
13.15,0.5,12000,"bu","13:10:22",1188600
13.15,0.5,600,"bu","13:09:32",1176600
13.15,0.5,100,"bu","13:08:22",1176000
13.15,0.5,100,"bu","13:07:38",1175900
13.15,0.5,1000,"sd","13:07:37",1175800
13.15,0.5,600,"sd","13:07:37",1174800
13.15,0.5,1200,"sd","13:07:04",1174200
13.15,0.5,4200,"bu","13:06:56",1173000
13.1,0.45,1000,"sd","13:06:31",1168800
13.15,0.5,2000,"bu","13:06:29",1167800
13.15,0.5,100,"sd","13:06:05",1165800
13.15,0.5,1000,"sd","13:06:05",1165700
13.15,0.5,200,"sd","13:06:05",1164700
13.15,0.5,2000,"sd","13:06:05",1164500
13.15,0.5,200,"sd","13:06:05",1162500
13.15,0.5,300,"sd","13:06:04",1162300
13.15,0.5,200,"sd","13:05:47",1162000
13.15,0.5,7000,"sd","13:05:34",1161800
13.15,0.5,5000,"sd","13:05:34",1154800
13.15,0.5,700,"sd","13:05:34",1149800
13.15,0.5,1000,"sd","13:05:34",1149100
13.15,0.5,1000,"sd","13:05:34",1148100
13.15,0.5,2000,"sd","13:05:34",1147100
13.15,0.5,2000,"sd","13:05:34",1145100
13.15,0.5,1300,"sd","13:05:34",1143100
13.2,0.55,5000,"bu","13:05:13",1141800
13.15,0.5,200,"sd","13:02:22",1136800
13.2,0.55,1000,"bu","13:01:58",1136600
13.2,0.55,4000,"bu","13:00:08",1135600
13.2,0.55,400,"bu","13:00:07",1131600
13.2,0.55,100,"bu","13:00:06",1131200
13.2,0.55,100,"sd","13:00:04",1131100
13.2,0.55,300,"sd","13:00:04",1131000
13.2,0.55,9600,"sd","13:00:03",1130700
13.25,0.6,200,"bu","13:00:03",1121100
13.2,0.55,300,"sd","11:29:59",1120900
13.2,0.55,100,"bu","11:29:19",1120600
13.15,0.5,100,"sd","11:27:28",1120500
13.2,0.55,500,"sd","11:27:24",1120400
13.2,0.55,100,"sd","11:27:13",1119900
13.2,0.55,100,"bu","11:26:39",1119800
13.2,0.55,200,"bu","11:26:14",1119700
13.2,0.55,2000,"sd","11:26:11",1119500
13.2,0.55,1000,"sd","11:25:58",1117500
13.2,0.55,900,"sd","11:25:58",1116500
13.2,0.55,1100,"sd","11:25:58",1115600
13.2,0.55,600,"sd","11:25:19",1114500
13.25,0.6,3000,"bu","11:25:15",1113900
13.25,0.6,500,"bu","11:25:15",1110900
13.25,0.6,500,"bu","11:25:15",1110400
13.25,0.6,1000,"bu","11:25:15",1109900
13.25,0.6,5000,"bu","11:25:15",1108900
13.2,0.55,6000,"sd","11:25:14",1103900
13.2,0.55,1000,"sd","11:24:41",1097900
13.2,0.55,5000,"sd","11:24:16",1096900
13.25,0.6,500,"bu","11:23:26",1091900
13.2,0.55,200,"sd","11:22:34",1091400
13.2,0.55,100,"sd","11:22:06",1091200
13.2,0.55,400,"sd","11:22:06",1091100
13.2,0.55,6200,"sd","11:21:58",1090700
13.2,0.55,500,"sd","11:21:44",1084500
13.2,0.55,300,"bu","11:20:48",1084000
13.2,0.55,300,"bu","11:20:48",1083700
13.2,0.55,1000,"bu","11:20:48",1083400
13.2,0.55,200,"bu","11:20:48",1082400
13.2,0.55,1000,"bu","11:20:48",1082200
13.2,0.55,100,"bu","11:20:48",1081200
13.2,0.55,5000,"bu","11:20:48",1081100
13.2,0.55,700,"bu","11:20:48",1076100
13.2,0.55,200,"bu","11:20:48",1075400
13.2,0.55,4500,"bu","11:20:48",1075200
13.15,0.5,500,"sd","11:20:43",1070700
13.15,0.5,300,"sd","11:20:42",1070200
13.15,0.5,1200,"sd","11:20:20",1069900
13.15,0.5,8000,"sd","11:20:20",1068700
13.15,0.5,100,"sd","11:20:20",1060700
13.15,0.5,200,"sd","11:20:20",1060600
13.15,0.5,500,"sd","11:20:20",1060400
13.2,0.55,100,"bu","11:19:22",1059900
13.15,0.5,100,"sd","11:17:13",1059800
13.15,0.5,400,"sd","11:17:10",1059700
13.15,0.5,100,"sd","11:17:10",1059300
13.15,0.5,900,"sd","11:16:55",1059200
13.15,0.5,100,"sd","11:16:55",1058300
13.15,0.5,400,"sd","11:16:55",1058200
13.15,0.5,100,"sd","11:16:55",1057800
13.15,0.5,200,"sd","11:16:24",1057700
13.15,0.5,200,"sd","11:12:44",1057500
13.2,0.55,400,"bu","11:11:31",1057300
13.2,0.55,10000,"bu","11:11:31",1056900
13.2,0.55,1000,"bu","11:11:31",1046900
13.2,0.55,200,"bu","11:11:31",1045900
13.2,0.55,1200,"bu","11:11:31",1045700
13.2,0.55,3800,"bu","11:09:56",1044500
13.2,0.55,1000,"bu","11:09:56",1040700
13.15,0.5,200,"sd","11:09:43",1039700
13.2,0.55,100,"bu","11:07:03",1039500
13.15,0.5,5000,"sd","11:05:54",1039400
13.15,0.5,3000,"sd","11:05:23",1034400
13.15,0.5,600,"sd","11:04:52",1031400
13.2,0.55,100,"bu","11:03:14",1030800
13.2,0.55,1000,"bu","11:02:36",1030700
13.2,0.55,100,"bu","11:02:22",1029700
13.15,0.5,1000,"sd","11:01:32",1029600
13.15,0.5,1300,"sd","11:00:41",1028600
13.15,0.5,100,"sd","10:59:41",1027300
13.15,0.5,1900,"sd","10:59:21",1027200
13.15,0.5,6800,"bu","10:59:21",1025300
13.15,0.5,3000,"bu","10:59:17",1018500
13.15,0.5,200,"sd","10:58:31",1015500
13.15,0.5,100,"sd","10:58:25",1015300
13.15,0.5,500,"sd","10:58:25",1015200
13.15,0.5,200,"sd","10:55:47",1014700
13.15,0.5,1300,"bu","10:55:15",1014500
13.15,0.5,200,"sd","10:55:03",1013200
13.15,0.5,100,"sd","10:54:54",1013000
13.15,0.5,1000,"bu","10:54:20",1012900
13.15,0.5,4000,"bu","10:54:20",1011900
13.15,0.5,300,"bu","10:54:20",1007900
13.15,0.5,1700,"sd","10:53:43",1007600
13.15,0.5,1300,"sd","10:53:33",1005900
13.15,0.5,100,"sd","10:53:33",1004600
13.15,0.5,1200,"sd","10:53:33",1004500
13.15,0.5,500,"sd","10:53:33",1003300
13.15,0.5,3700,"sd","10:53:33",1002800
13.15,0.5,100,"sd","10:53:33",999100
13.15,0.5,500,"sd","10:53:33",999000
13.15,0.5,2000,"sd","10:53:33",998500
13.15,0.5,400,"sd","10:53:33",996500
13.15,0.5,200,"sd","10:53:33",996100
13.15,0.5,200,"sd","10:53:05",995900
13.15,0.5,500,"sd","10:53:04",995700
13.15,0.5,1000,"sd","10:52:29",995200
13.15,0.5,100,"sd","10:52:03",994200
13.15,0.5,100,"sd","10:52:03",994100
13.15,0.5,800,"sd","10:52:03",994000
13.15,0.5,200,"sd","10:51:45",993200
13.15,0.5,200,"sd","10:51:03",993000
13.15,0.5,300,"sd","10:50:41",992800
13.15,0.5,300,"sd","10:49:40",992500
13.15,0.5,200,"sd","10:49:40",992200
13.15,0.5,1800,"sd","10:49:17",992000
13.15,0.5,200,"sd","10:49:17",990200
13.2,0.55,100,"bu","10:47:30",990000
13.2,0.55,1000,"bu","10:45:59",989900
13.2,0.55,1300,"sd","10:45:12",988900
13.2,0.55,200,"sd","10:45:12",987600
13.2,0.55,5100,"sd","10:45:12",987400
13.2,0.55,200,"sd","10:45:08",982300
13.2,0.55,1000,"sd","10:44:59",982100
13.2,0.55,3700,"sd","10:44:48",981100
13.2,0.55,2000,"sd","10:44:48",977400
13.2,0.55,900,"sd","10:44:48",975400
13.2,0.55,500,"sd","10:44:48",974500
13.2,0.55,100,"sd","10:44:48",974000
13.2,0.55,500,"sd","10:44:48",973900
13.2,0.55,300,"sd","10:44:48",973400
13.2,0.55,200,"sd","10:44:48",973100
13.2,0.55,300,"sd","10:44:48",972900
13.2,0.55,200,"sd","10:44:48",972600
13.2,0.55,200,"sd","10:44:48",972400
13.2,0.55,600,"sd","10:44:48",972200
13.2,0.55,100,"sd","10:44:48",971600
13.2,0.55,400,"sd","10:44:48",971500
13.2,0.55,3600,"sd","10:43:59",971100
13.25,0.6,300,"bu","10:43:48",967500
13.2,0.55,5000,"sd","10:43:44",967200
13.2,0.55,300,"sd","10:42:49",962200
13.25,0.6,400,"sd","10:42:48",961900
13.25,0.6,100,"sd","10:42:17",961500
13.25,0.6,500,"sd","10:41:52",961400
13.25,0.6,500,"sd","10:41:52",960900
13.25,0.6,100,"sd","10:41:52",960400
13.25,0.6,200,"sd","10:41:52",960300
13.25,0.6,200,"sd","10:41:27",960100
13.25,0.6,100,"sd","10:41:13",959900
13.25,0.6,1000,"sd","10:41:06",959800
13.25,0.6,500,"sd","10:40:43",958800
13.25,0.6,2000,"sd","10:40:24",958300
13.25,0.6,5000,"sd","10:40:21",956300
13.25,0.6,1400,"sd","10:40:21",951300
13.25,0.6,100,"sd","10:40:21",949900
13.25,0.6,3500,"sd","10:40:21",949800
13.25,0.6,600,"sd","10:40:21",946300
13.25,0.6,5900,"sd","10:40:14",945700
13.25,0.6,600,"sd","10:40:14",939800
13.25,0.6,400,"sd","10:40:14",939200
13.25,0.6,200,"sd","10:40:10",938800
13.25,0.6,200,"sd","10:39:27",938600
13.25,0.6,200,"sd","10:39:09",938400
13.25,0.6,9800,"sd","10:39:09",938200
13.3,0.65,2000,"bu","10:39:07",928400
13.25,0.6,200,"sd","10:38:51",926400
13.25,0.6,100,"sd","10:38:51",926200
13.25,0.6,200,"sd","10:38:51",926100
13.3,0.65,200,"bu","10:38:46",925900
13.3,0.65,1000,"bu","10:38:36",925700
13.3,0.65,200,"sd","10:38:29",924700
13.3,0.65,100,"sd","10:38:29",924500
13.3,0.65,300,"sd","10:38:29",924400
13.3,0.65,300,"sd","10:38:29",924100
13.3,0.65,700,"sd","10:38:23",923800
13.3,0.65,9300,"sd","10:38:23",923100
13.3,0.65,10000,"sd","10:38:12",913800
13.3,0.65,200,"sd","10:38:11",903800
13.3,0.65,200,"sd","10:38:10",903600
13.3,0.65,300,"sd","10:38:08",903400
13.3,0.65,900,"sd","10:38:08",903100
13.3,0.65,2000,"sd","10:37:55",902200
13.35,0.7,1000,"bu","10:37:49",900200
13.35,0.7,500,"bu","10:37:44",899200
13.35,0.7,100,"bu","10:37:41",898700
13.35,0.7,400,"bu","10:37:41",898600
13.35,0.7,100,"bu","10:37:41",898200
13.35,0.7,100,"bu","10:37:41",898100
13.35,0.7,1300,"bu","10:37:41",898000
13.35,0.7,500,"bu","10:37:37",896700
13.35,0.7,200,"bu","10:37:22",896200
13.35,0.7,1000,"bu","10:37:16",896000
13.35,0.7,1000,"bu","10:37:16",895000
13.35,0.7,300,"bu","10:37:16",894000
13.35,0.7,500,"bu","10:37:16",893700
13.35,0.7,100,"bu","10:37:16",893200
13.35,0.7,2000,"bu","10:37:16",893100
13.35,0.7,100,"bu","10:37:16",891100
13.3,0.65,2000,"bu","10:36:58",891000
13.3,0.65,100,"bu","10:36:58",889000
13.3,0.65,3000,"bu","10:36:58",888900
13.3,0.65,2000,"bu","10:36:58",885900
13.3,0.65,200,"bu","10:36:58",883900
13.3,0.65,2000,"bu","10:36:58",883700
13.3,0.65,200,"bu","10:36:58",881700
13.3,0.65,200,"bu","10:36:58",881500
13.3,0.65,1000,"bu","10:36:58",881300
13.3,0.65,400,"bu","10:36:58",880300
13.3,0.65,2000,"bu","10:36:44",879900
13.3,0.65,7600,"bu","10:36:44",877900
13.3,0.65,100,"bu","10:36:44",870300
13.3,0.65,100,"bu","10:36:44",870200
13.3,0.65,1000,"bu","10:36:44",870100
13.3,0.65,300,"bu","10:36:44",869100
13.3,0.65,100,"bu","10:36:44",868800
13.3,0.65,500,"bu","10:36:44",868700
13.3,0.65,200,"bu","10:36:44",868200
13.3,0.65,100,"bu","10:36:44",868000
13.3,0.65,300,"bu","10:36:42",867900
13.3,0.65,300,"bu","10:36:42",867600
13.3,0.65,400,"bu","10:36:42",867300
13.25,0.6,500,"sd","10:36:41",866900
13.25,0.6,500,"sd","10:36:41",866400
13.3,0.65,400,"bu","10:36:39",865900
13.3,0.65,300,"bu","10:36:30",865500
13.3,0.65,500,"bu","10:36:17",865200
13.3,0.65,1500,"bu","10:36:09",864700
13.3,0.65,2000,"bu","10:36:09",863200
13.3,0.65,300,"bu","10:36:09",861200
13.25,0.6,300,"sd","10:35:54",860900
13.25,0.6,1000,"sd","10:35:49",860600
13.25,0.6,100,"sd","10:35:43",859600
13.25,0.6,12500,"sd","10:35:14",859500
13.25,0.6,1000,"bu","10:35:14",847000
13.25,0.6,100,"bu","10:35:14",846000
13.25,0.6,500,"bu","10:35:14",845900
13.25,0.6,1000,"bu","10:35:14",845400
13.25,0.6,1000,"bu","10:35:14",844400
13.25,0.6,200,"bu","10:35:14",843400
13.25,0.6,100,"bu","10:35:14",843200
13.25,0.6,2000,"bu","10:35:14",843100
13.25,0.6,18300,"bu","10:35:14",841100
13.25,0.6,500,"bu","10:35:14",822800
13.25,0.6,200,"bu","10:35:14",822300
13.25,0.6,200,"bu","10:34:41",822100
13.2,0.55,1000,"sd","10:34:23",821900
13.25,0.6,600,"bu","10:34:20",820900
13.2,0.55,100,"sd","10:34:02",820300
13.25,0.6,900,"bu","10:33:57",820200
13.25,0.6,100,"bu","10:33:57",819300
13.25,0.6,2900,"bu","10:33:41",819200
13.25,0.6,7100,"bu","10:33:41",816300
13.2,0.55,100,"sd","10:33:38",809200
13.2,0.55,5000,"sd","10:33:25",809100
13.2,0.55,2000,"sd","10:33:21",804100
13.2,0.55,4000,"sd","10:33:04",802100
13.25,0.6,900,"bu","10:32:55",798100
13.2,0.55,1000,"sd","10:32:47",797200
13.2,0.55,400,"sd","10:32:32",796200
13.2,0.55,1100,"sd","10:32:05",795800
13.2,0.55,200,"sd","10:32:05",794700
13.2,0.55,200,"sd","10:32:05",794500
13.2,0.55,13500,"sd","10:32:05",794300
13.2,0.55,500,"sd","10:31:56",780800
13.25,0.6,400,"bu","10:31:28",780300
13.25,0.6,1000,"bu","10:30:40",779900
13.25,0.6,600,"bu","10:30:32",778900
13.25,0.6,800,"bu","10:30:32",778300
13.25,0.6,600,"bu","10:30:32",777500
13.25,0.6,600,"bu","10:30:31",776900
13.2,0.55,100,"sd","10:30:21",776300
13.2,0.55,5000,"sd","10:29:53",776200
13.25,0.6,200,"bu","10:29:43",771200
13.25,0.6,4500,"bu","10:29:41",771000
13.25,0.6,100,"bu","10:29:38",766500
13.25,0.6,4000,"bu","10:29:33",766400
13.25,0.6,300,"bu","10:29:33",762400
13.25,0.6,300,"bu","10:29:33",762100
13.25,0.6,500,"bu","10:29:33",761800
13.25,0.6,100,"bu","10:29:33",761300
13.25,0.6,4800,"bu","10:29:33",761200
13.25,0.6,200,"bu","10:29:32",756400
13.25,0.6,200,"bu","10:29:32",756200
13.25,0.6,500,"bu","10:29:28",756000
13.25,0.6,300,"bu","10:29:25",755500
13.25,0.6,4000,"bu","10:28:39",755200
13.25,0.6,1000,"bu","10:28:39",751200
13.25,0.6,100,"bu","10:28:35",750200
13.25,0.6,1000,"bu","10:28:27",750100
13.25,0.6,500,"bu","10:28:22",749100
13.2,0.55,300,"sd","10:28:13",748600
13.25,0.6,400,"bu","10:28:10",748300
13.2,0.55,200,"bu","10:27:31",747900
13.2,0.55,12500,"bu","10:27:31",747700
13.2,0.55,200,"bu","10:27:31",735200
13.2,0.55,300,"bu","10:27:31",735000
13.2,0.55,400,"bu","10:27:31",734700
13.2,0.55,2000,"bu","10:27:31",734300
13.2,0.55,1000,"bu","10:27:31",732300
13.2,0.55,3000,"bu","10:27:31",731300
13.2,0.55,25000,"bu","10:27:31",728300
13.2,0.55,10000,"bu","10:27:31",703300
13.2,0.55,100,"bu","10:27:31",693300
13.2,0.55,100,"bu","10:27:31",693200
13.2,0.55,1000,"bu","10:27:31",693100
13.2,0.55,500,"bu","10:27:31",692100
13.2,0.55,1000,"bu","10:27:31",691600
13.2,0.55,300,"bu","10:27:31",690600
13.2,0.55,5000,"bu","10:27:31",690300
13.2,0.55,1100,"bu","10:27:31",685300
13.2,0.55,400,"bu","10:27:31",684200
13.2,0.55,500,"bu","10:27:31",683800
13.2,0.55,200,"bu","10:27:31",683300
13.2,0.55,5000,"bu","10:27:31",683100
13.2,0.55,200,"bu","10:27:31",678100
13.2,0.55,2000,"bu","10:27:31",677900
13.2,0.55,1000,"bu","10:27:31",675900
13.2,0.55,100,"bu","10:27:31",674900
13.2,0.55,1000,"bu","10:27:31",674800
13.2,0.55,100,"bu","10:27:31",673800
13.2,0.55,100,"bu","10:27:31",673700
13.2,0.55,3000,"bu","10:27:31",673600
13.2,0.55,2000,"bu","10:27:31",670600
13.2,0.55,1000,"bu","10:27:31",668600
13.2,0.55,100,"bu","10:27:31",667600
13.2,0.55,200,"bu","10:27:31",667500
13.15,0.5,3000,"sd","10:27:24",667300
13.15,0.5,100,"bu","10:27:17",664300
13.15,0.5,200,"bu","10:27:17",664200
13.15,0.5,100,"bu","10:27:17",664000
13.15,0.5,100,"bu","10:27:17",663900
13.15,0.5,200,"bu","10:27:17",663800
13.15,0.5,200,"bu","10:27:17",663600
13.15,0.5,1000,"bu","10:27:17",663400
13.15,0.5,1000,"bu","10:27:17",662400
13.15,0.5,300,"bu","10:27:17",661400
13.15,0.5,1000,"bu","10:27:17",661100
13.15,0.5,500,"bu","10:27:17",660100
13.15,0.5,10000,"bu","10:27:17",659600
13.15,0.5,200,"bu","10:27:08",649600
13.15,0.5,1000,"bu","10:27:06",649400
13.1,0.45,2800,"sd","10:27:05",648400
13.15,0.5,3700,"bu","10:27:00",645600
13.15,0.5,500,"bu","10:27:00",641900
13.15,0.5,3800,"bu","10:27:00",641400
13.15,0.5,1000,"bu","10:26:52",637600
13.15,0.5,200,"bu","10:26:51",636600
13.15,0.5,300,"bu","10:26:51",636400
13.15,0.5,100,"bu","10:26:49",636100
13.15,0.5,100,"bu","10:26:44",636000
13.15,0.5,400,"bu","10:26:44",635900
13.15,0.5,200,"bu","10:26:44",635500
13.15,0.5,100,"bu","10:26:41",635300
13.15,0.5,700,"bu","10:26:41",635200
13.15,0.5,100,"bu","10:26:41",634500
13.15,0.5,600,"bu","10:26:41",634400
13.15,0.5,900,"bu","10:26:34",633800
13.15,0.5,100,"bu","10:26:34",632900
13.15,0.5,400,"bu","10:26:34",632800
13.15,0.5,300,"bu","10:26:34",632400
13.15,0.5,600,"bu","10:26:24",632100
13.15,0.5,1000,"bu","10:26:24",631500
13.15,0.5,1200,"bu","10:26:24",630500
13.15,0.5,700,"bu","10:26:24",629300
13.15,0.5,5000,"bu","10:26:24",628600
13.15,0.5,1000,"bu","10:26:24",623600
13.15,0.5,300,"bu","10:26:24",622600
13.15,0.5,200,"bu","10:26:24",622300
13.1,0.45,300,"sd","10:26:23",622100
13.1,0.45,3000,"sd","10:26:08",621800
13.15,0.5,2200,"bu","10:26:05",618800
13.15,0.5,300,"bu","10:25:40",616600
13.1,0.45,200,"bu","10:25:25",616300
13.1,0.45,200,"bu","10:25:25",616100
13.1,0.45,100,"bu","10:25:25",615900
13.1,0.45,200,"bu","10:25:25",615800
13.1,0.45,100,"bu","10:25:25",615600
13.1,0.45,300,"bu","10:25:25",615500
13.1,0.45,100,"bu","10:25:25",615200
13.1,0.45,500,"bu","10:25:25",615100
13.1,0.45,200,"bu","10:25:25",614600
13.1,0.45,200,"bu","10:25:25",614400
13.1,0.45,13100,"bu","10:25:25",614200
13.1,0.45,400,"bu","10:25:25",601100
13.1,0.45,1000,"bu","10:25:25",600700
13.1,0.45,6900,"bu","10:25:22",599700
13.1,0.45,100,"bu","10:25:22",592800
13.1,0.45,200,"bu","10:25:22",592700
13.1,0.45,500,"bu","10:25:22",592500
13.1,0.45,500,"bu","10:25:22",592000
13.1,0.45,100,"bu","10:25:21",591500
13.1,0.45,1000,"bu","10:25:21",591400
13.1,0.45,700,"bu","10:25:21",590400
13.1,0.45,500,"bu","10:24:58",589700
13.1,0.45,1000,"bu","10:24:42",589200
13.05,0.4,500,"sd","10:24:40",588200
13.1,0.45,1000,"bu","10:24:26",587700
13.1,0.45,1800,"bu","10:23:59",586700
13.1,0.45,200,"bu","10:23:59",584900
13.1,0.45,500,"bu","10:23:53",584700
13.1,0.45,200,"bu","10:23:45",584200
13.05,0.4,2000,"sd","10:23:09",584000
13.1,0.45,100,"bu","10:22:50",582000
13.1,0.45,1900,"bu","10:22:50",581900
13.05,0.4,500,"sd","10:22:29",580000
13.05,0.4,100,"sd","10:22:29",579500
13.05,0.4,100,"sd","10:22:29",579400
13.05,0.4,100,"sd","10:22:29",579300
13.05,0.4,100,"sd","10:22:29",579200
13.05,0.4,3600,"sd","10:22:29",579100
13.1,0.45,100,"bu","10:21:36",575500
13.1,0.45,300,"bu","10:21:36",575400
13.1,0.45,600,"bu","10:21:36",575100
13.1,0.45,100,"bu","10:20:25",574500
13.1,0.45,300,"bu","10:19:52",574400
13.1,0.45,200,"bu","10:19:52",574100
13.1,0.45,2300,"bu","10:19:52",573900
13.1,0.45,500,"bu","10:19:20",571600
13.1,0.45,2900,"bu","10:19:12",571100
13.1,0.45,100,"bu","10:19:11",568200
13.1,0.45,100,"bu","10:18:38",568100
13.1,0.45,500,"bu","10:18:09",568000
13.1,0.45,300,"bu","10:17:39",567500
13.1,0.45,100,"bu","10:17:16",567200
13.1,0.45,3200,"bu","10:17:07",567100
13.1,0.45,200,"bu","10:17:07",563900
13.1,0.45,200,"bu","10:17:07",563700
13.1,0.45,500,"bu","10:17:07",563500
13.1,0.45,1000,"bu","10:17:07",563000
13.1,0.45,900,"bu","10:17:07",562000
13.1,0.45,500,"bu","10:16:53",561100
13.1,0.45,200,"bu","10:16:48",560600
13.1,0.45,100,"bu","10:16:32",560400
13.1,0.45,200,"bu","10:16:26",560300
13.1,0.45,100,"bu","10:15:55",560100
13.05,0.4,500,"sd","10:13:09",560000
13.05,0.4,500,"bu","10:12:41",559500
13.05,0.4,400,"bu","10:12:41",559000
13.05,0.4,100,"bu","10:12:27",558600
13.05,0.4,200,"bu","10:11:44",558500
13.05,0.4,300,"bu","10:11:30",558300
13.05,0.4,1600,"bu","10:11:14",558000
13.05,0.4,5000,"bu","10:11:14",556400
13.05,0.4,900,"bu","10:11:14",551400
13.05,0.4,100,"bu","10:10:40",550500
13,0.35,200,"sd","10:09:04",550400
13.05,0.4,500,"bu","10:09:00",550200
13,0.35,300,"sd","10:08:33",549700
13.05,0.4,1000,"bu","10:08:26",549400
13.05,0.4,1000,"bu","10:07:46",548400
13.05,0.4,1000,"sd","10:07:24",547400
13.05,0.4,500,"sd","10:07:24",546400
13.05,0.4,500,"sd","10:07:17",545900
13.05,0.4,1000,"bu","10:06:51",545400
13.05,0.4,300,"bu","10:06:43",544400
13.05,0.4,2000,"bu","10:06:11",544100
13.05,0.4,500,"bu","10:05:52",542100
13.05,0.4,100,"bu","10:05:45",541600
13.05,0.4,1100,"sd","10:05:35",541500
13.05,0.4,3800,"sd","10:05:29",540400
13.05,0.4,5000,"sd","10:05:14",536600
13.05,0.4,5000,"sd","10:05:09",531600
13.05,0.4,1100,"sd","10:05:06",526600
13.05,0.4,3900,"sd","10:05:06",525500
13.1,0.45,5000,"bu","10:04:03",521600
13.1,0.45,700,"bu","10:04:03",516600
13.1,0.45,1000,"bu","10:03:23",515900
13.1,0.45,5000,"bu","10:03:23",514900
13.05,0.4,5000,"sd","10:03:18",509900
13.05,0.4,100,"sd","10:03:04",504900
13.05,0.4,100,"sd","10:02:59",504800
13,0.35,2000,"sd","10:02:26",504700
13.05,0.4,1000,"bu","10:02:26",502700
13.05,0.4,3500,"bu","10:02:26",501700
13.05,0.4,200,"bu","10:02:26",498200
13.05,0.4,1000,"bu","10:02:26",498000
13.05,0.4,2800,"bu","10:02:26",497000
13,0.35,2300,"bu","10:02:15",494200
13,0.35,200,"bu","10:01:45",491900
13,0.35,700,"bu","10:01:45",491700
13,0.35,300,"sd","10:01:40",491000
13,0.35,300,"sd","10:01:40",490700
13,0.35,200,"sd","10:01:40",490400
13,0.35,300,"sd","10:01:24",490200
13,0.35,4500,"bu","10:01:10",489900
13,0.35,1000,"bu","10:01:09",485400
13,0.35,4500,"sd","10:00:57",484400
13,0.35,1100,"bu","10:00:47",479900
13,0.35,1500,"bu","10:00:47",478800
13,0.35,10000,"bu","10:00:42",477300
13,0.35,4600,"bu","10:00:33",467300
13,0.35,10000,"bu","10:00:17",462700
13,0.35,100,"bu","10:00:11",452700
13,0.35,10000,"bu","10:00:05",452600
13,0.35,100,"bu","10:00:05",442600
13,0.35,100,"bu","10:00:05",442500
13,0.35,2500,"sd","10:00:05",442400
13,0.35,200,"sd","10:00:05",439900
13,0.35,1000,"sd","10:00:05",439700
13,0.35,300,"sd","10:00:05",438700
13,0.35,2000,"sd","10:00:05",438400
13,0.35,1000,"sd","10:00:05",436400
13,0.35,1000,"sd","10:00:05",435400
13,0.35,1000,"sd","10:00:05",434400
13,0.35,5000,"sd","10:00:05",433400
13,0.35,2000,"sd","10:00:05",428400
13,0.35,7000,"sd","10:00:05",426400
13,0.35,600,"sd","10:00:05",419400
13.05,0.4,300,"bu","09:58:59",418800
13.05,0.4,200,"bu","09:58:40",418500
13.05,0.4,100,"bu","09:58:23",418300
13.05,0.4,500,"sd","09:58:13",418200
13.05,0.4,100,"sd","09:58:13",417700
13.05,0.4,1000,"sd","09:58:13",417600
13.1,0.45,1000,"bu","09:57:32",416600
13.05,0.4,100,"bu","09:56:51",415600
13.05,0.4,100,"bu","09:56:27",415500
13.05,0.4,100,"bu","09:56:25",415400
13.05,0.4,100,"sd","09:56:21",415300
13.1,0.45,500,"bu","09:56:14",415200
13.05,0.4,1900,"sd","09:55:45",414700
13.05,0.4,1100,"sd","09:55:45",412800
13.1,0.45,100,"bu","09:55:08",411700
13.1,0.45,100,"bu","09:54:58",411600
13.1,0.45,2000,"sd","09:54:51",411500
13.1,0.45,3200,"sd","09:54:51",409500
13.1,0.45,100,"sd","09:54:31",406300
13.1,0.45,200,"sd","09:54:13",406200
13.15,0.5,100,"bu","09:54:07",406000
13.15,0.5,1000,"bu","09:54:01",405900
13.15,0.5,200,"bu","09:53:27",404900
13.15,0.5,1800,"bu","09:53:27",404700
13.15,0.5,2800,"bu","09:53:22",402900
13.15,0.5,400,"sd","09:53:15",400100
13.15,0.5,300,"bu","09:53:11",399700
13.15,0.5,2300,"bu","09:53:11",399400
13.15,0.5,1000,"bu","09:53:09",397100
13.15,0.5,700,"sd","09:52:50",396100
13.15,0.5,500,"bu","09:52:45",395400
13.15,0.5,1000,"bu","09:52:45",394900
13.15,0.5,1800,"bu","09:52:45",393900
13.15,0.5,200,"bu","09:52:45",392100
13.15,0.5,500,"bu","09:52:40",391900
13.15,0.5,1000,"bu","09:52:34",391400
13.15,0.5,3000,"bu","09:52:34",390400
13.15,0.5,5000,"bu","09:52:34",387400
13.15,0.5,100,"bu","09:52:34",382400
13.15,0.5,24900,"bu","09:52:34",382300
13.1,0.45,6400,"sd","09:52:29",357400
13.1,0.45,500,"sd","09:52:29",351000
13.1,0.45,2000,"sd","09:52:29",350500
13.1,0.45,1100,"sd","09:52:29",348500
13.1,0.45,500,"sd","09:52:16",347400
13.1,0.45,1000,"bu","09:52:08",346900
13.1,0.45,500,"bu","09:52:08",345900
13.1,0.45,2300,"bu","09:52:08",345400
13.1,0.45,100,"bu","09:52:08",343100
13.1,0.45,100,"bu","09:52:08",343000
13.1,0.45,1000,"bu","09:52:08",342900
13.1,0.45,1000,"bu","09:52:08",341900
13.1,0.45,7400,"bu","09:52:08",340900
13.1,0.45,200,"bu","09:51:55",333500
13.05,0.4,3900,"sd","09:51:24",333300
13.05,0.4,100,"sd","09:51:24",329400
13.05,0.4,100,"sd","09:51:24",329300
13.05,0.4,900,"sd","09:51:24",329200
13.1,0.45,100,"bu","09:50:43",328300
13.1,0.45,400,"bu","09:50:35",328200
13.05,0.4,600,"bu","09:50:34",327800
13.05,0.4,100,"bu","09:50:33",327200
13,0.35,900,"sd","09:50:31",327100
13,0.35,5000,"sd","09:50:31",326200
13,0.35,200,"sd","09:50:31",321200
13,0.35,200,"sd","09:50:31",321000
13,0.35,200,"sd","09:50:31",320800
13,0.35,1000,"sd","09:50:31",320600
13,0.35,500,"sd","09:50:31",319600
13,0.35,2000,"sd","09:50:31",319100
13.05,0.4,3200,"bu","09:50:31",317100
13.05,0.4,3200,"sd","09:50:22",313900
13.05,0.4,2300,"sd","09:50:22",310700
13.05,0.4,200,"sd","09:50:22",308400
13.05,0.4,400,"sd","09:50:22",308200
13.1,0.45,7000,"bu","09:50:20",307800
13.1,0.45,300,"bu","09:50:18",300800
13.1,0.45,1000,"bu","09:49:44",300500
13.1,0.45,4000,"bu","09:49:32",299500
13.1,0.45,500,"bu","09:49:20",295500
13.1,0.45,1800,"bu","09:49:17",295000
13.1,0.45,3200,"bu","09:49:17",293200
13.1,0.45,300,"bu","09:49:05",290000
13.1,0.45,100,"bu","09:49:04",289700
13.1,0.45,6000,"bu","09:48:14",289600
13.1,0.45,400,"sd","09:47:44",283600
13.1,0.45,1000,"sd","09:47:38",283200
13.1,0.45,3000,"sd","09:47:36",282200
13.1,0.45,1000,"bu","09:47:25",279200
13.1,0.45,3400,"bu","09:47:25",278200
13.1,0.45,10000,"bu","09:47:25",274800
13.1,0.45,1200,"bu","09:47:25",264800
13.1,0.45,200,"bu","09:47:19",263600
13.1,0.45,200,"bu","09:47:11",263400
13.05,0.4,100,"sd","09:47:03",263200
13.1,0.45,200,"bu","09:46:58",263100
13.1,0.45,500,"bu","09:46:38",262900
13,0.35,1000,"sd","09:46:35",262400
13.05,0.4,200,"bu","09:46:03",261400
13.05,0.4,400,"sd","09:45:25",261200
13.05,0.4,100,"bu","09:45:20",260800
13.05,0.4,100,"bu","09:45:15",260700
13.05,0.4,200,"sd","09:45:10",260600
13.05,0.4,3800,"sd","09:45:10",260400
13.1,0.45,1000,"bu","09:45:05",256600
13.1,0.45,500,"bu","09:44:54",255600
13.1,0.45,500,"sd","09:44:50",255100
13.1,0.45,700,"sd","09:44:50",254600
13.1,0.45,200,"sd","09:44:48",253900
13.1,0.45,100,"sd","09:44:44",253700
13.1,0.45,500,"sd","09:44:44",253600
13.1,0.45,1000,"sd","09:44:44",253100
13.1,0.45,1100,"sd","09:44:44",252100
13.1,0.45,2300,"sd","09:44:44",251000
13.1,0.45,4100,"sd","09:44:32",248700
13.1,0.45,600,"sd","09:44:24",244600
13.1,0.45,5000,"sd","09:44:14",244000
13.1,0.45,800,"sd","09:44:11",239000
13.1,0.45,300,"sd","09:44:11",238200
13.1,0.45,900,"sd","09:44:11",237900
13.15,0.5,100,"bu","09:44:08",237000
13.1,0.45,1000,"bu","09:43:59",236900
13.1,0.45,100,"bu","09:43:59",235900
13.1,0.45,900,"bu","09:43:58",235800
13.1,0.45,100,"bu","09:43:58",234900
13.1,0.45,2000,"bu","09:43:57",234800
13.1,0.45,1000,"bu","09:43:57",232800
13.1,0.45,900,"bu","09:43:57",231800
13.1,0.45,100,"bu","09:43:57",230900
13.1,0.45,200,"bu","09:43:57",230800
13.1,0.45,500,"bu","09:43:57",230600
13.1,0.45,500,"bu","09:43:57",230100
13.1,0.45,4200,"bu","09:43:57",229600
13.1,0.45,100,"bu","09:43:57",225400
13.1,0.45,200,"bu","09:43:51",225300
13.1,0.45,5600,"bu","09:43:46",225100
13.1,0.45,500,"bu","09:43:46",219500
13.1,0.45,5000,"bu","09:43:46",219000
13.1,0.45,100,"bu","09:43:46",214000
13.05,0.4,200,"bu","09:43:36",213900
13.05,0.4,100,"bu","09:43:36",213700
13.05,0.4,100,"bu","09:43:36",213600
13.05,0.4,100,"bu","09:43:36",213500
13.05,0.4,5000,"bu","09:43:36",213400
13.05,0.4,700,"bu","09:43:36",208400
13.05,0.4,300,"bu","09:43:35",207700
13.05,0.4,1000,"bu","09:43:35",207400
13.05,0.4,1000,"bu","09:43:35",206400
13.05,0.4,2000,"bu","09:43:35",205400
13.05,0.4,100,"bu","09:43:35",203400
13.05,0.4,200,"bu","09:43:35",203300
13.05,0.4,400,"bu","09:43:35",203100
13.05,0.4,100,"bu","09:43:28",202700
13.05,0.4,100,"bu","09:43:28",202600
13,0.35,1000,"sd","09:43:16",202500
13,0.35,200,"sd","09:43:11",201500
13,0.35,200,"bu","09:43:09",201300
13,0.35,1000,"bu","09:43:09",201100
13,0.35,200,"bu","09:43:09",200100
13,0.35,500,"bu","09:43:09",199900
13,0.35,1000,"bu","09:43:09",199400
13,0.35,400,"bu","09:43:09",198400
13,0.35,400,"bu","09:43:09",198000
13,0.35,500,"bu","09:43:09",197600
13,0.35,100,"bu","09:43:09",197100
13,0.35,100,"bu","09:43:09",197000
13,0.35,1400,"bu","09:43:09",196900
13,0.35,1600,"bu","09:43:05",195500
13,0.35,1400,"bu","09:43:05",193900
13,0.35,2000,"bu","09:43:03",192500
13,0.35,1600,"bu","09:43:01",190500
13,0.35,400,"bu","09:43:01",188900
12.95,0.3,400,"sd","09:42:59",188500
13,0.35,1000,"bu","09:42:57",188100
13,0.35,200,"bu","09:42:48",187100
13,0.35,700,"bu","09:42:38",186900
13,0.35,300,"bu","09:42:38",186200
13,0.35,500,"bu","09:42:30",185900
13,0.35,200,"bu","09:42:25",185400
13,0.35,4800,"bu","09:42:25",185200
13,0.35,200,"bu","09:42:01",180400
13,0.35,500,"bu","09:42:01",180200
13,0.35,1000,"bu","09:42:01",179700
12.95,0.3,18300,"bu","09:42:01",178700
12.9,0.25,600,"sd","09:41:47",160400
12.95,0.3,100,"bu","09:41:45",159800
12.95,0.3,3600,"sd","09:41:38",159700
12.95,0.3,700,"sd","09:41:38",156100
13,0.35,200,"bu","09:41:19",155400
12.95,0.3,5000,"sd","09:40:44",155200
12.95,0.3,5000,"sd","09:40:33",150200
12.95,0.3,100,"bu","09:40:21",145200
12.95,0.3,500,"bu","09:40:17",145100
12.95,0.3,1400,"bu","09:40:09",144600
12.95,0.3,200,"bu","09:40:09",143200
12.95,0.3,400,"bu","09:40:09",143000
12.95,0.3,600,"bu","09:39:57",142600
12.95,0.3,2400,"bu","09:39:57",142000
12.95,0.3,700,"bu","09:39:30",139600
12.95,0.3,200,"bu","09:39:30",138900
12.95,0.3,1700,"bu","09:39:19",138700
12.95,0.3,200,"bu","09:39:19",137000
12.95,0.3,8100,"bu","09:39:19",136800
12.95,0.3,100,"bu","09:38:46",128700
12.95,0.3,3900,"sd","09:38:06",128600
12.95,0.3,5000,"sd","09:38:06",124700
12.95,0.3,2900,"sd","09:38:06",119700
12.95,0.3,1000,"sd","09:38:05",116800
12.95,0.3,200,"bu","09:37:39",115800
12.95,0.3,5000,"bu","09:37:39",115600
12.95,0.3,1000,"bu","09:37:39",110600
12.95,0.3,4900,"bu","09:37:39",109600
12.95,0.3,100,"bu","09:37:29",104700
12.95,0.3,100,"bu","09:37:29",104600
12.9,0.25,300,"sd","09:37:26",104500
12.9,0.25,200,"sd","09:37:10",104200
12.9,0.25,200,"sd","09:37:10",104000
12.9,0.25,200,"sd","09:36:36",103800
12.9,0.25,200,"sd","09:36:27",103600
12.9,0.25,300,"bu","09:36:10",103400
12.9,0.25,1100,"bu","09:36:10",103100
12.9,0.25,100,"bu","09:36:05",102000
12.9,0.25,1000,"bu","09:35:52",101900
12.9,0.25,2100,"bu","09:35:50",100900
12.9,0.25,400,"bu","09:35:48",98800
12.9,0.25,2500,"bu","09:35:48",98400
12.9,0.25,500,"bu","09:35:48",95900
12.9,0.25,1200,"bu","09:35:48",95400
12.9,0.25,5000,"bu","09:35:48",94200
12.9,0.25,200,"bu","09:35:48",89200
12.9,0.25,100,"bu","09:35:48",89000
12.9,0.25,100,"bu","09:35:48",88900
12.9,0.25,900,"bu","09:35:39",88800
12.9,0.25,500,"bu","09:35:39",87900
12.9,0.25,600,"bu","09:35:39",87400
12.9,0.25,2000,"bu","09:35:39",86800
12.9,0.25,2000,"bu","09:35:39",84800
12.85,0.2,3000,"bu","09:35:39",82800
12.85,0.2,800,"bu","09:35:39",79800
12.85,0.2,200,"bu","09:35:39",79000
12.85,0.2,300,"bu","09:35:38",78800
12.85,0.2,300,"bu","09:35:38",78500
12.8,0.15,2000,"bu","09:35:09",78200
12.8,0.15,900,"bu","09:35:09",76200
12.8,0.15,1000,"bu","09:34:53",75300
12.8,0.15,2000,"sd","09:34:52",74300
12.8,0.15,100,"sd","09:34:52",72300
12.85,0.2,200,"bu","09:34:51",72200
12.85,0.2,200,"bu","09:34:51",72000
12.85,0.2,5000,"bu","09:34:51",71800
12.85,0.2,100,"bu","09:34:51",66800
12.85,0.2,2500,"bu","09:34:51",66700
12.8,0.15,1900,"bu","09:34:33",64200
12.8,0.15,1100,"sd","09:34:16",62300
12.8,0.15,1400,"sd","09:33:43",61200
12.8,0.15,600,"sd","09:33:43",59800
12.8,0.15,3000,"bu","09:33:12",59200
12.8,0.15,2000,"bu","09:33:12",56200
12.8,0.15,2500,"bu","09:33:12",54200
12.8,0.15,200,"bu","09:33:12",51700
12.8,0.15,200,"bu","09:33:12",51500
12.8,0.15,1500,"bu","09:33:12",51300
12.8,0.15,500,"bu","09:31:25",49800
12.75,0.1,9000,"sd","09:31:22",49300
12.75,0.1,200,"sd","09:30:38",40300
12.75,0.1,800,"sd","09:30:38",40100
12.8,0.15,100,"bu","09:30:06",39300
12.8,0.15,500,"bu","09:29:52",39200
12.75,0.1,200,"sd","09:29:15",38700
12.75,0.1,4000,"sd","09:29:10",38500
12.75,0.1,1000,"sd","09:29:10",34500
12.8,0.15,100,"sd","09:28:16",33500
12.8,0.15,100,"sd","09:28:16",33400
12.8,0.15,600,"sd","09:28:16",33300
12.8,0.15,400,"sd","09:28:01",32700
12.8,0.15,100,"sd","09:28:01",32300
12.8,0.15,500,"sd","09:28:01",32200
12.85,0.2,100,"bu","09:27:06",31700
12.85,0.2,2400,"sd","09:27:00",31600
12.85,0.2,1000,"bu","09:26:46",29200
12.85,0.2,500,"bu","09:26:46",28200
12.85,0.2,1100,"bu","09:26:46",27700
12.85,0.2,100,"bu","09:26:43",26600
12.85,0.2,1000,"bu","09:26:42",26500
12.85,0.2,700,"sd","09:25:25",25500
12.85,0.2,300,"sd","09:25:09",24800
12.85,0.2,300,"sd","09:25:09",24500
12.85,0.2,300,"sd","09:24:51",24200
12.9,0.25,1000,"bu","09:24:05",23900
12.9,0.25,200,"bu","09:23:43",22900
12.9,0.25,200,"bu","09:23:43",22700
12.9,0.25,5000,"bu","09:23:43",22500
12.9,0.25,4600,"bu","09:23:43",17500
12.9,0.25,400,"bu","09:23:28",12900
12.9,0.25,100,"bu","09:23:28",12500
12.85,0.2,1000,"bu","09:23:04",12400
12.85,0.2,300,"bu","09:23:04",11400
12.85,0.2,200,"bu","09:22:39",11100
12.85,0.2,300,"bu","09:22:39",10900
12.85,0.2,1000,"bu","09:22:39",10600
12.85,0.2,500,"bu","09:22:39",9600
12.8,0.15,100,"sd","09:21:51",9100
12.85,0.2,300,"bu","09:21:48",9000
12.85,0.2,200,"bu","09:21:46",8700
12.85,0.2,2000,"bu","09:21:42",8500
12.85,0.2,100,"bu","09:21:12",6500
12.8,0.15,100,"bu","09:21:12",6400
12.8,0.15,900,"bu","09:20:40",6300
12.8,0.15,200,"bu","09:20:29",5400
12.8,0.15,100,"bu","09:20:21",5200
12.8,0.15,800,"bu","09:19:08",5100
12.8,0.15,200,"bu","09:19:08",4300
12.8,0.15,1100,"bu","09:18:59",4100
12.8,0.15,900,"bu","09:18:59",3000
12.8,0.15,1000,"bu","09:17:28",2100
12.8,0.15,100,"bu","09:16:54",1100
12.8,0.15,100,"bu","09:16:54",1000
12.7,0.05,300,"bu","09:16:54",900
12.65,0,600,"sd","09:15:00",600
