"price","change","match_qtty","side","time","total_vol"
25.4,0.25,51500,"unknown","14:45:01",1046700
25.45,0.3,100,"bu","14:29:53",995200
25.4,0.25,100,"bu","14:29:13",995100
25.4,0.25,7000,"bu","14:29:13",995000
25.4,0.25,400,"bu","14:29:08",988000
25.4,0.25,200,"bu","14:28:57",987600
25.4,0.25,500,"bu","14:28:51",987400
25.4,0.25,100,"bu","14:28:31",986900
25.4,0.25,200,"bu","14:28:14",986800
25.4,0.25,500,"bu","14:28:07",986600
25.4,0.25,800,"bu","14:27:57",986100
25.4,0.25,100,"bu","14:27:31",985300
25.4,0.25,100,"bu","14:27:08",985200
25.4,0.25,100,"bu","14:26:57",985100
25.4,0.25,100,"bu","14:26:38",985000
25.4,0.25,200,"bu","14:26:37",984900
25.4,0.25,2000,"sd","14:26:28",984700
25.4,0.25,500,"sd","14:26:28",982700
25.4,0.25,1000,"sd","14:26:28",982200
25.4,0.25,1000,"sd","14:26:28",981200
25.4,0.25,1100,"sd","14:26:28",980200
25.4,0.25,300,"sd","14:26:28",979100
25.4,0.25,2800,"sd","14:26:28",978800
25.45,0.3,100,"bu","14:26:11",976000
25.4,0.25,1200,"bu","14:25:15",975900
25.4,0.25,800,"bu","14:25:13",974700
25.4,0.25,500,"bu","14:25:13",973900
25.4,0.25,500,"bu","14:25:13",973400
25.4,0.25,500,"bu","14:25:13",972900
25.4,0.25,2000,"bu","14:25:13",972400
25.4,0.25,100,"bu","14:25:13",970400
25.4,0.25,300,"bu","14:25:13",970300
25.4,0.25,100,"bu","14:25:13",970000
25.4,0.25,1000,"bu","14:25:13",969900
25.4,0.25,100,"bu","14:25:13",968900
25.4,0.25,7400,"bu","14:25:13",968800
25.4,0.25,100,"bu","14:25:13",961400
25.4,0.25,3800,"bu","14:25:13",961300
25.4,0.25,100,"bu","14:25:13",957500
25.4,0.25,1000,"bu","14:25:12",957400
25.4,0.25,100,"bu","14:25:12",956400
25.4,0.25,700,"bu","14:25:12",956300
25.4,0.25,1000,"bu","14:25:12",955600
25.4,0.25,10000,"bu","14:25:12",954600
25.4,0.25,1000,"bu","14:25:12",944600
25.4,0.25,1000,"bu","14:25:12",943600
25.4,0.25,1000,"bu","14:25:12",942600
25.4,0.25,4900,"bu","14:25:12",941600
25.4,0.25,12500,"bu","14:25:01",936700
25.4,0.25,200,"bu","14:24:04",924200
25.35,0.2,200,"sd","14:22:21",924000
25.35,0.2,800,"sd","14:21:39",923800
25.4,0.25,1400,"bu","14:21:20",923000
25.35,0.2,200,"sd","14:20:47",921600
25.4,0.25,1000,"bu","14:20:46",921400
25.35,0.2,800,"sd","14:20:40",920400
25.35,0.2,100,"sd","14:20:22",919600
25.4,0.25,100,"bu","14:20:18",919500
25.35,0.2,400,"sd","14:20:14",919400
25.35,0.2,500,"sd","14:20:14",919000
25.35,0.2,3000,"sd","14:20:14",918500
25.35,0.2,100,"sd","14:20:14",915500
25.35,0.2,100,"sd","14:20:14",915400
25.35,0.2,200,"sd","14:20:14",915300
25.35,0.2,1000,"sd","14:20:14",915100
25.35,0.2,2700,"sd","14:20:14",914100
25.4,0.25,200,"bu","14:19:51",911400
25.4,0.25,100,"bu","14:19:51",911200
25.4,0.25,300,"bu","14:19:51",911100
25.4,0.25,1400,"bu","14:19:51",910800
25.35,0.2,100,"sd","14:18:49",909400
25.35,0.2,1000,"sd","14:17:49",909300
25.35,0.2,1000,"sd","14:16:39",908300
25.35,0.2,1000,"sd","14:16:25",907300
25.35,0.2,300,"sd","14:16:22",906300
25.35,0.2,2000,"sd","14:15:41",906000
25.35,0.2,300,"bu","14:15:09",904000
25.35,0.2,1600,"bu","14:15:09",903700
25.35,0.2,100,"bu","14:15:08",902100
25.3,0.15,300,"sd","14:15:00",902000
25.35,0.2,200,"bu","14:14:54",901700
25.35,0.2,1000,"bu","14:14:50",901500
25.35,0.2,700,"bu","14:14:46",900500
25.35,0.2,900,"bu","14:14:43",899800
25.35,0.2,300,"bu","14:14:43",898900
25.35,0.2,500,"bu","14:14:43",898600
25.35,0.2,2600,"bu","14:14:43",898100
25.35,0.2,800,"bu","14:14:43",895500
25.35,0.2,1900,"bu","14:14:43",894700
25.35,0.2,100,"bu","14:14:19",892800
25.35,0.2,500,"bu","14:14:19",892700
25.35,0.2,100,"bu","14:14:19",892200
25.35,0.2,500,"bu","14:14:05",892100
25.35,0.2,400,"bu","14:13:58",891600
25.35,0.2,100,"bu","14:13:58",891200
25.35,0.2,2000,"bu","14:13:58",891100
25.35,0.2,1000,"bu","14:13:51",889100
25.3,0.15,300,"sd","14:13:36",888100
25.3,0.15,2100,"sd","14:13:32",887800
25.3,0.15,5000,"sd","14:13:21",885700
25.3,0.15,400,"sd","14:12:44",880700
25.35,0.2,1000,"bu","14:12:43",880300
25.3,0.15,300,"sd","14:12:39",879300
25.35,0.2,200,"bu","14:12:25",879000
25.3,0.15,500,"sd","14:12:09",878800
25.3,0.15,200,"sd","14:11:18",878300
25.3,0.15,100,"sd","14:11:17",878100
25.3,0.15,2000,"sd","14:11:13",878000
25.3,0.15,100,"sd","14:11:05",876000
25.3,0.15,300,"sd","14:10:47",875900
25.35,0.2,200,"bu","14:09:30",875600
25.35,0.2,1000,"bu","14:07:44",875400
25.3,0.15,35900,"sd","14:07:42",874400
25.35,0.2,100,"sd","14:07:42",838500
25.35,0.2,500,"sd","14:07:42",838400
25.35,0.2,500,"sd","14:07:42",837900
25.35,0.2,3000,"sd","14:07:42",837400
25.35,0.2,100,"sd","14:07:42",834400
25.35,0.2,100,"sd","14:07:42",834300
25.35,0.2,200,"sd","14:07:42",834200
25.35,0.2,1200,"sd","14:07:42",834000
25.35,0.2,800,"sd","14:07:42",832800
25.35,0.2,100,"sd","14:07:42",832000
25.35,0.2,100,"sd","14:07:42",831900
25.35,0.2,1000,"sd","14:07:42",831800
25.35,0.2,900,"sd","14:07:42",830800
25.35,0.2,500,"sd","14:07:42",829900
25.35,0.2,500,"sd","14:07:33",829400
25.35,0.2,500,"sd","14:07:25",828900
25.35,0.2,200,"sd","14:07:25",828400
25.35,0.2,200,"sd","14:07:25",828200
25.35,0.2,800,"sd","14:07:25",828000
25.35,0.2,300,"sd","14:07:25",827200
25.35,0.2,100,"sd","14:06:42",826900
25.35,0.2,100,"sd","14:06:21",826800
25.35,0.2,100,"sd","14:06:04",826700
25.4,0.25,1000,"bu","14:05:48",826600
25.4,0.25,200,"bu","14:05:38",825600
25.4,0.25,200,"bu","14:05:37",825400
25.4,0.25,200,"bu","14:05:32",825200
25.35,0.2,500,"sd","14:05:05",825000
25.35,0.2,200,"sd","14:04:37",824500
25.35,0.2,3100,"sd","14:04:31",824300
25.35,0.2,200,"sd","14:04:31",821200
25.35,0.2,500,"sd","14:04:25",821000
25.35,0.2,100,"sd","14:03:44",820500
25.35,0.2,100,"sd","14:03:30",820400
25.35,0.2,100,"sd","14:03:12",820300
25.35,0.2,400,"sd","14:03:12",820200
25.35,0.2,500,"sd","14:02:30",819800
25.35,0.2,100,"sd","14:02:02",819300
25.35,0.2,100,"sd","14:01:51",819200
25.4,0.25,100,"bu","13:59:53",819100
25.35,0.2,100,"sd","13:59:50",819000
25.35,0.2,100,"sd","13:59:18",818900
25.35,0.2,400,"sd","13:59:08",818800
25.35,0.2,1000,"sd","13:59:08",818400
25.35,0.2,300,"sd","13:59:08",817400
25.35,0.2,1700,"sd","13:55:47",817100
25.35,0.2,500,"sd","13:55:47",815400
25.35,0.2,400,"sd","13:55:47",814900
25.35,0.2,400,"sd","13:55:47",814500
25.35,0.2,200,"sd","13:55:15",814100
25.35,0.2,300,"sd","13:55:01",813900
25.35,0.2,100,"sd","13:54:34",813600
25.35,0.2,200,"sd","13:54:09",813500
25.35,0.2,100,"sd","13:53:53",813300
25.35,0.2,200,"sd","13:53:25",813200
25.35,0.2,300,"sd","13:53:25",813000
25.35,0.2,100,"sd","13:52:29",812700
25.35,0.2,1000,"sd","13:52:29",812600
25.35,0.2,1000,"sd","13:52:29",811600
25.35,0.2,3400,"sd","13:52:29",810600
25.35,0.2,1600,"sd","13:51:13",807200
25.35,0.2,800,"sd","13:51:13",805600
25.35,0.2,200,"sd","13:50:14",804800
25.35,0.2,400,"sd","13:50:14",804600
25.35,0.2,600,"sd","13:50:01",804200
25.35,0.2,1000,"sd","13:50:01",803600
25.35,0.2,400,"sd","13:50:01",802600
25.35,0.2,300,"sd","13:50:01",802200
25.35,0.2,200,"sd","13:50:01",801900
25.35,0.2,1200,"sd","13:49:52",801700
25.35,0.2,600,"sd","13:49:36",800500
25.35,0.2,100,"sd","13:49:36",799900
25.35,0.2,300,"sd","13:49:36",799800
25.35,0.2,500,"sd","13:49:32",799500
25.35,0.2,500,"sd","13:49:32",799000
25.35,0.2,200,"sd","13:49:26",798500
25.35,0.2,1000,"sd","13:48:16",798300
25.35,0.2,1800,"sd","13:48:09",797300
25.35,0.2,500,"sd","13:46:32",795500
25.35,0.2,5000,"sd","13:45:52",795000
25.35,0.2,5000,"sd","13:45:27",790000
25.35,0.2,400,"sd","13:45:07",785000
25.35,0.2,100,"sd","13:44:42",784600
25.35,0.2,500,"sd","13:43:53",784500
25.35,0.2,500,"sd","13:43:53",784000
25.35,0.2,1400,"sd","13:43:53",783500
25.35,0.2,200,"sd","13:43:39",782100
25.4,0.25,100,"bu","13:43:19",781900
25.35,0.2,500,"sd","13:43:13",781800
25.35,0.2,2100,"sd","13:43:06",781300
25.35,0.2,100,"sd","13:43:06",779200
25.35,0.2,500,"sd","13:43:06",779100
25.35,0.2,200,"sd","13:43:06",778600
25.35,0.2,100,"sd","13:43:06",778400
25.35,0.2,500,"sd","13:42:54",778300
25.35,0.2,200,"sd","13:42:54",777800
25.35,0.2,800,"sd","13:42:51",777600
25.35,0.2,1000,"sd","13:41:51",776800
25.35,0.2,900,"sd","13:41:25",775800
25.35,0.2,300,"sd","13:41:02",774900
25.35,0.2,2200,"sd","13:41:02",774600
25.35,0.2,200,"sd","13:40:26",772400
25.35,0.2,600,"sd","13:39:44",772200
25.35,0.2,400,"sd","13:39:44",771600
25.4,0.25,100,"bu","13:39:19",771200
25.35,0.2,1000,"sd","13:39:16",771100
25.4,0.25,400,"bu","13:38:35",770100
25.4,0.25,300,"bu","13:38:35",769700
25.4,0.25,100,"bu","13:38:35",769400
25.35,0.2,500,"sd","13:37:15",769300
25.4,0.25,1600,"bu","13:36:03",768800
25.4,0.25,100,"bu","13:35:29",767200
25.4,0.25,100,"bu","13:35:29",767100
25.35,0.2,200,"sd","13:35:23",767000
25.35,0.2,500,"bu","13:35:07",766800
25.35,0.2,2000,"bu","13:35:07",766300
25.35,0.2,10400,"bu","13:35:07",764300
25.35,0.2,1000,"sd","13:34:50",753900
25.35,0.2,500,"sd","13:34:50",752900
25.35,0.2,1400,"sd","13:34:50",752400
25.35,0.2,100,"sd","13:34:50",751000
25.35,0.2,4000,"sd","13:34:50",750900
25.35,0.2,100,"sd","13:34:50",746900
25.35,0.2,200,"sd","13:34:50",746800
25.35,0.2,100,"sd","13:34:50",746600
25.35,0.2,200,"sd","13:34:50",746500
25.35,0.2,100,"sd","13:34:50",746300
25.35,0.2,1000,"sd","13:34:50",746200
25.35,0.2,900,"sd","13:34:50",745200
25.35,0.2,200,"sd","13:34:34",744300
25.35,0.2,2000,"sd","13:34:33",744100
25.35,0.2,200,"sd","13:34:28",742100
25.35,0.2,400,"sd","13:34:18",741900
25.35,0.2,200,"sd","13:34:00",741500
25.35,0.2,500,"sd","13:34:00",741300
25.35,0.2,2000,"sd","13:33:48",740800
25.35,0.2,500,"sd","13:33:45",738800
25.35,0.2,2000,"sd","13:33:40",738300
25.35,0.2,200,"sd","13:33:34",736300
25.35,0.2,900,"sd","13:33:22",736100
25.35,0.2,200,"sd","13:33:22",735200
25.35,0.2,500,"sd","13:33:22",735000
25.35,0.2,600,"sd","13:33:22",734500
25.35,0.2,500,"sd","13:33:22",733900
25.35,0.2,1000,"sd","13:33:00",733400
25.4,0.25,600,"bu","13:31:16",732400
25.4,0.25,500,"bu","13:31:15",731800
25.4,0.25,500,"sd","13:28:44",731300
25.4,0.25,1000,"sd","13:28:44",730800
25.4,0.25,400,"sd","13:28:44",729800
25.4,0.25,100,"sd","13:28:33",729400
25.4,0.25,1000,"sd","13:28:33",729300
25.4,0.25,900,"sd","13:28:33",728300
25.4,0.25,100,"sd","13:28:22",727400
25.4,0.25,100,"sd","13:28:22",727300
25.4,0.25,200,"sd","13:27:56",727200
25.4,0.25,800,"sd","13:27:30",727000
25.4,0.25,700,"sd","13:27:30",726200
25.4,0.25,900,"sd","13:27:30",725500
25.4,0.25,500,"sd","13:26:41",724600
25.4,0.25,4200,"sd","13:26:37",724100
25.4,0.25,100,"sd","13:26:19",719900
25.45,0.3,100,"bu","13:24:57",719800
25.45,0.3,100,"bu","13:24:08",719700
25.4,0.25,100,"sd","13:24:06",719600
25.4,0.25,100,"sd","13:23:48",719500
25.4,0.25,100,"bu","13:23:46",719400
25.4,0.25,2100,"bu","13:23:46",719300
25.4,0.25,3000,"bu","13:23:22",717200
25.35,0.2,100,"sd","13:22:46",714200
25.3,0.15,300,"sd","13:20:40",714100
25.3,0.15,100,"sd","13:20:40",713800
25.3,0.15,200,"sd","13:20:40",713700
25.3,0.15,300,"sd","13:20:40",713500
25.3,0.15,100,"sd","13:20:40",713200
25.35,0.2,100,"sd","13:20:09",713100
25.35,0.2,500,"sd","13:20:09",713000
25.35,0.2,400,"sd","13:20:09",712500
25.35,0.2,100,"sd","13:20:09",712100
25.35,0.2,500,"sd","13:20:09",712000
25.35,0.2,200,"sd","13:20:09",711500
25.35,0.2,9600,"sd","13:19:49",711300
25.35,0.2,200,"sd","13:19:49",701700
25.35,0.2,100,"sd","13:19:49",701500
25.35,0.2,3900,"sd","13:19:49",701400
25.35,0.2,200,"sd","13:19:49",697500
25.35,0.2,400,"sd","13:19:49",697300
25.35,0.2,100,"sd","13:19:49",696900
25.35,0.2,200,"sd","13:19:49",696800
25.35,0.2,500,"sd","13:19:49",696600
25.35,0.2,100,"sd","13:19:49",696100
25.35,0.2,1000,"sd","13:19:49",696000
25.35,0.2,500,"sd","13:19:49",695000
25.35,0.2,1000,"sd","13:19:49",694500
25.35,0.2,1000,"sd","13:19:49",693500
25.35,0.2,6000,"sd","13:19:49",692500
25.35,0.2,1000,"sd","13:19:49",686500
25.35,0.2,100,"sd","13:19:49",685500
25.35,0.2,200,"sd","13:19:49",685400
25.4,0.25,200,"sd","13:19:49",685200
25.4,0.25,500,"sd","13:19:49",685000
25.4,0.25,500,"sd","13:19:49",684500
25.4,0.25,1000,"sd","13:19:49",684000
25.4,0.25,100,"bu","13:18:43",683000
25.4,0.25,100,"bu","13:18:12",682900
25.4,0.25,500,"bu","13:18:10",682800
25.4,0.25,100,"bu","13:18:08",682300
25.4,0.25,200,"bu","13:18:00",682200
25.4,0.25,500,"bu","13:17:48",682000
25.4,0.25,200,"sd","13:17:45",681500
25.4,0.25,400,"sd","13:17:45",681300
25.4,0.25,1000,"sd","13:17:45",680900
25.4,0.25,100,"sd","13:17:45",679900
25.4,0.25,200,"sd","13:17:45",679800
25.4,0.25,1000,"sd","13:17:45",679600
25.4,0.25,200,"sd","13:17:45",678600
25.4,0.25,100,"sd","13:17:45",678400
25.4,0.25,100,"sd","13:17:45",678300
25.4,0.25,100,"sd","13:17:45",678200
25.4,0.25,100,"sd","13:17:45",678100
25.4,0.25,100,"sd","13:17:08",678000
25.4,0.25,300,"sd","13:16:40",677900
25.4,0.25,100,"sd","13:16:40",677600
25.45,0.3,2000,"bu","13:16:10",677500
25.45,0.3,1000,"bu","13:15:43",675500
25.45,0.3,100,"bu","13:15:11",674500
25.45,0.3,100,"bu","13:15:11",674400
25.4,0.25,100,"sd","13:14:42",674300
25.4,0.25,900,"sd","13:14:42",674200
25.4,0.25,500,"sd","13:14:42",673300
25.4,0.25,500,"sd","13:14:42",672800
25.45,0.3,900,"bu","13:14:29",672300
25.45,0.3,100,"bu","13:14:29",671400
25.4,0.25,200,"sd","13:14:26",671300
25.4,0.25,200,"sd","13:14:26",671100
25.45,0.3,100,"sd","13:13:58",670900
25.45,0.3,300,"sd","13:13:58",670800
25.45,0.3,200,"sd","13:13:56",670500
25.45,0.3,500,"sd","13:13:51",670300
25.45,0.3,100,"sd","13:13:51",669800
25.45,0.3,100,"sd","13:13:51",669700
25.45,0.3,100,"sd","13:13:43",669600
25.45,0.3,200,"sd","13:13:06",669500
25.45,0.3,1800,"sd","13:12:32",669300
25.5,0.35,2000,"bu","13:12:11",667500
25.45,0.3,500,"sd","13:12:01",665500
25.45,0.3,3000,"sd","13:11:40",665000
25.45,0.3,1000,"sd","13:11:12",662000
25.45,0.3,1200,"sd","13:11:09",661000
25.5,0.35,100,"bu","13:11:04",659800
25.45,0.3,300,"sd","13:10:57",659700
25.45,0.3,200,"sd","13:10:53",659400
25.45,0.3,1000,"sd","13:10:52",659200
25.45,0.3,8300,"sd","13:10:35",658200
25.45,0.3,2000,"sd","13:10:21",649900
25.45,0.3,200,"sd","13:10:01",647900
25.45,0.3,200,"sd","13:09:54",647700
25.45,0.3,500,"sd","13:09:54",647500
25.45,0.3,200,"sd","13:09:54",647000
25.45,0.3,100,"sd","13:09:54",646800
25.45,0.3,100,"sd","13:09:51",646700
25.45,0.3,100,"sd","13:09:41",646600
25.45,0.3,700,"sd","13:09:17",646500
25.45,0.3,1300,"sd","13:09:17",645800
25.45,0.3,2000,"sd","13:09:08",644500
25.45,0.3,2000,"sd","13:08:51",642500
25.45,0.3,100,"sd","13:07:59",640500
25.45,0.3,700,"sd","13:07:50",640400
25.45,0.3,900,"sd","13:07:46",639700
25.45,0.3,100,"sd","13:07:46",638800
25.45,0.3,100,"sd","13:07:41",638700
25.45,0.3,2900,"sd","13:07:41",638600
25.45,0.3,200,"sd","13:07:41",635700
25.45,0.3,600,"sd","13:07:37",635500
25.45,0.3,4400,"sd","13:07:37",634900
25.45,0.3,500,"sd","13:07:35",630500
25.45,0.3,1000,"sd","13:07:16",630000
25.45,0.3,1000,"sd","13:07:09",629000
25.45,0.3,1000,"sd","13:06:41",628000
25.45,0.3,100,"sd","13:06:26",627000
25.5,0.35,2500,"bu","13:04:57",626900
25.5,0.35,2000,"bu","13:04:13",624400
25.5,0.35,1000,"bu","13:04:03",622400
25.5,0.35,9300,"sd","13:03:42",621400
25.5,0.35,100,"sd","13:03:40",612100
25.5,0.35,200,"sd","13:03:33",612000
25.5,0.35,100,"bu","13:03:22",611800
25.5,0.35,200,"bu","13:03:22",611700
25.5,0.35,100,"bu","13:03:22",611500
25.5,0.35,200,"sd","13:03:10",611400
25.5,0.35,200,"sd","13:03:10",611200
25.5,0.35,900,"sd","13:03:10",611000
25.5,0.35,100,"sd","13:03:10",610100
25.5,0.35,200,"sd","13:03:10",610000
25.5,0.35,1000,"sd","13:03:09",609800
25.5,0.35,500,"sd","13:03:09",608800
25.5,0.35,800,"sd","13:03:09",608300
25.5,0.35,100,"sd","13:02:34",607500
25.5,0.35,700,"sd","13:02:13",607400
25.5,0.35,100,"sd","13:02:04",606700
25.5,0.35,500,"sd","13:02:04",606600
25.5,0.35,100,"sd","13:02:04",606100
25.5,0.35,100,"sd","13:02:04",606000
25.5,0.35,700,"sd","13:02:04",605900
25.5,0.35,900,"sd","13:02:04",605200
25.5,0.35,100,"sd","13:01:07",604300
25.5,0.35,100,"sd","13:01:07",604200
25.5,0.35,1600,"sd","13:01:07",604100
25.5,0.35,400,"sd","13:00:22",602500
25.5,0.35,100,"sd","13:00:22",602100
25.5,0.35,2000,"sd","13:00:18",602000
25.55,0.4,100,"bu","13:00:16",600000
25.55,0.4,100,"bu","13:00:16",599900
25.5,0.35,200,"sd","13:00:10",599800
25.55,0.4,200,"bu","13:00:07",599600
25.55,0.4,200,"bu","13:00:07",599400
25.5,0.35,200,"sd","13:00:07",599200
25.55,0.4,1600,"bu","13:00:06",599000
25.5,0.35,500,"sd","13:00:02",597400
25.5,0.35,3000,"sd","13:00:01",596900
25.6,0.45,500,"bu","13:00:01",593900
25.55,0.4,500,"sd","11:29:31",593400
25.5,0.35,4100,"sd","11:29:25",592900
25.5,0.35,200,"sd","11:29:25",588800
25.5,0.35,600,"sd","11:29:25",588600
25.55,0.4,100,"sd","11:29:25",588000
25.55,0.4,200,"bu","11:28:56",587900
25.55,0.4,600,"bu","11:28:56",587700
25.55,0.4,400,"sd","11:28:53",587100
25.55,0.4,4100,"sd","11:28:41",586700
25.55,0.4,300,"sd","11:27:57",582600
25.55,0.4,200,"sd","11:27:57",582300
25.55,0.4,200,"sd","11:27:48",582100
25.55,0.4,100,"sd","11:27:48",581900
25.55,0.4,100,"bu","11:27:48",581800
25.55,0.4,100,"bu","11:27:48",581700
25.55,0.4,200,"bu","11:27:48",581600
25.55,0.4,1000,"bu","11:27:48",581400
25.55,0.4,6500,"bu","11:27:48",580400
25.55,0.4,100,"bu","11:27:48",573900
25.55,0.4,100,"bu","11:27:48",573800
25.55,0.4,1000,"bu","11:27:48",573700
25.55,0.4,1500,"bu","11:27:48",572700
25.55,0.4,200,"bu","11:27:48",571200
25.55,0.4,2700,"bu","11:27:48",571000
25.55,0.4,16000,"bu","11:27:48",568300
25.55,0.4,100,"bu","11:27:30",552300
25.55,0.4,100,"bu","11:27:15",552200
25.55,0.4,3800,"bu","11:26:18",552100
25.55,0.4,200,"bu","11:26:18",548300
25.55,0.4,1000,"bu","11:26:18",548100
25.5,0.35,500,"sd","11:25:48",547100
25.5,0.35,200,"sd","11:25:30",546600
25.5,0.35,400,"sd","11:25:01",546400
25.5,0.35,300,"sd","11:24:36",546000
25.5,0.35,200,"sd","11:24:36",545700
25.5,0.35,200,"sd","11:24:20",545500
25.5,0.35,400,"sd","11:21:56",545300
25.5,0.35,300,"sd","11:21:40",544900
25.5,0.35,100,"sd","11:21:38",544600
25.5,0.35,100,"bu","11:21:02",544500
25.5,0.35,100,"bu","11:20:54",544400
25.5,0.35,1000,"bu","11:20:54",544300
25.5,0.35,4200,"bu","11:20:54",543300
25.5,0.35,800,"bu","11:20:50",539100
25.5,0.35,200,"bu","11:20:50",538300
25.5,0.35,100,"bu","11:19:52",538100
25.5,0.35,200,"bu","11:19:13",538000
25.5,0.35,300,"bu","11:19:13",537800
25.5,0.35,100,"bu","11:19:08",537500
25.5,0.35,300,"bu","11:18:15",537400
25.5,0.35,100,"bu","11:17:36",537100
25.5,0.35,600,"bu","11:17:04",537000
25.5,0.35,4700,"bu","11:16:52",536400
25.5,0.35,100,"sd","11:16:46",531700
25.5,0.35,5200,"sd","11:16:46",531600
25.5,0.35,500,"sd","11:16:37",526400
25.5,0.35,1000,"sd","11:16:22",525900
25.5,0.35,100,"bu","11:15:52",524900
25.5,0.35,10000,"bu","11:15:52",524800
25.5,0.35,5000,"bu","11:15:52",514800
25.5,0.35,1000,"bu","11:15:52",509800
25.5,0.35,500,"bu","11:15:52",508800
25.5,0.35,100,"bu","11:15:52",508300
25.5,0.35,5000,"bu","11:15:52",508200
25.5,0.35,4400,"bu","11:15:52",503200
25.5,0.35,1000,"bu","11:15:52",498800
25.5,0.35,200,"bu","11:15:52",497800
25.5,0.35,1000,"bu","11:15:52",497600
25.5,0.35,100,"bu","11:14:55",496600
25.5,0.35,500,"bu","11:14:54",496500
25.5,0.35,100,"bu","11:14:23",496000
25.45,0.3,1000,"sd","11:14:00",495900
25.5,0.35,100,"bu","11:13:59",494900
25.45,0.3,1000,"sd","11:12:04",494800
25.45,0.3,500,"bu","11:11:11",493800
25.45,0.3,3500,"bu","11:11:09",493300
25.45,0.3,1000,"bu","11:11:09",489800
25.45,0.3,200,"bu","11:11:09",488800
25.45,0.3,4000,"bu","11:11:09",488600
25.45,0.3,100,"bu","11:11:09",484600
25.45,0.3,1200,"bu","11:11:09",484500
25.45,0.3,400,"bu","11:09:34",483300
25.45,0.3,100,"bu","11:08:53",482900
25.45,0.3,2500,"bu","11:08:52",482800
25.4,0.25,100,"sd","11:08:37",480300
25.4,0.25,100,"sd","11:07:25",480200
25.4,0.25,100,"bu","11:07:20",480100
25.4,0.25,900,"bu","11:06:40",480000
25.4,0.25,1000,"bu","11:06:40",479100
25.4,0.25,100,"bu","11:06:40",478100
25.4,0.25,200,"bu","11:06:36",478000
25.4,0.25,200,"bu","11:06:34",477800
25.4,0.25,100,"bu","11:06:34",477600
25.4,0.25,100,"bu","11:06:13",477500
25.4,0.25,100,"bu","11:06:13",477400
25.4,0.25,500,"bu","11:06:13",477300
25.4,0.25,1000,"bu","11:03:02",476800
25.4,0.25,500,"bu","11:02:59",475800
25.4,0.25,100,"bu","11:01:22",475300
25.4,0.25,200,"bu","11:01:21",475200
25.4,0.25,700,"bu","10:59:56",475000
25.4,0.25,2600,"bu","10:59:56",474300
25.35,0.2,3000,"sd","10:59:15",471700
25.4,0.25,2000,"bu","10:58:29",468700
25.4,0.25,600,"bu","10:57:19",466700
25.4,0.25,300,"bu","10:56:26",466100
25.4,0.25,500,"sd","10:55:34",465800
25.4,0.25,1000,"sd","10:55:34",465300
25.4,0.25,3000,"sd","10:55:34",464300
25.45,0.3,100,"bu","10:55:30",461300
25.4,0.25,100,"sd","10:54:52",461200
25.4,0.25,500,"sd","10:54:43",461100
25.4,0.25,6400,"sd","10:54:35",460600
25.4,0.25,100,"sd","10:54:35",454200
25.4,0.25,500,"sd","10:54:35",454100
25.4,0.25,100,"sd","10:54:35",453600
25.4,0.25,100,"sd","10:54:35",453500
25.4,0.25,1000,"sd","10:54:35",453400
25.4,0.25,1800,"sd","10:54:35",452400
25.4,0.25,100,"sd","10:53:51",450600
25.4,0.25,100,"sd","10:53:19",450500
25.4,0.25,200,"sd","10:53:12",450400
25.4,0.25,12800,"sd","10:52:09",450200
25.4,0.25,100,"sd","10:52:09",437400
25.4,0.25,1000,"sd","10:52:09",437300
25.4,0.25,1100,"sd","10:52:09",436300
25.45,0.3,100,"bu","10:51:36",435200
25.45,0.3,600,"bu","10:51:28",435100
25.45,0.3,400,"bu","10:51:28",434500
25.45,0.3,100,"bu","10:50:45",434100
25.4,0.25,8900,"sd","10:50:44",434000
25.4,0.25,400,"sd","10:50:44",425100
25.4,0.25,200,"sd","10:50:44",424700
25.4,0.25,500,"sd","10:50:44",424500
25.4,0.25,100,"sd","10:49:53",424000
25.4,0.25,400,"sd","10:47:40",423900
25.4,0.25,300,"sd","10:47:40",423500
25.4,0.25,200,"sd","10:47:40",423200
25.4,0.25,500,"sd","10:47:40",423000
25.4,0.25,100,"sd","10:47:40",422500
25.4,0.25,800,"sd","10:47:40",422400
25.4,0.25,300,"sd","10:47:40",421600
25.4,0.25,9700,"sd","10:47:40",421300
25.45,0.3,1000,"sd","10:47:40",411600
25.45,0.3,100,"sd","10:47:40",410600
25.45,0.3,300,"sd","10:47:40",410500
25.45,0.3,1000,"sd","10:47:40",410200
25.45,0.3,300,"sd","10:47:40",409200
25.45,0.3,200,"sd","10:47:33",408900
25.45,0.3,500,"sd","10:47:05",408700
25.45,0.3,500,"sd","10:47:05",408200
25.5,0.35,100,"bu","10:46:29",407700
25.5,0.35,300,"bu","10:45:38",407600
25.5,0.35,200,"bu","10:45:38",407300
25.45,0.3,200,"sd","10:45:34",407100
25.45,0.3,100,"sd","10:45:27",406900
25.5,0.35,200,"bu","10:44:10",406800
25.5,0.35,400,"bu","10:43:52",406600
25.45,0.3,200,"sd","10:43:51",406200
25.45,0.3,100,"sd","10:43:50",406000
25.45,0.3,100,"sd","10:43:06",405900
25.45,0.3,900,"sd","10:43:06",405800
25.45,0.3,4000,"sd","10:43:06",404900
25.45,0.3,100,"sd","10:42:57",400900
25.5,0.35,4400,"bu","10:42:48",400800
25.5,0.35,600,"bu","10:42:48",396400
25.5,0.35,5000,"bu","10:42:08",395800
25.5,0.35,700,"sd","10:42:04",390800
25.5,0.35,200,"sd","10:42:04",390100
25.5,0.35,300,"sd","10:42:04",389900
25.5,0.35,1000,"sd","10:42:04",389600
25.5,0.35,500,"sd","10:42:04",388600
25.5,0.35,1700,"sd","10:42:04",388100
25.5,0.35,300,"sd","10:42:01",386400
25.5,0.35,700,"sd","10:42:01",386100
25.5,0.35,200,"sd","10:41:50",385400
25.5,0.35,2100,"sd","10:41:41",385200
25.5,0.35,900,"sd","10:41:41",383100
25.5,0.35,100,"sd","10:41:35",382200
25.5,0.35,1000,"sd","10:41:35",382100
25.5,0.35,500,"sd","10:41:35",381100
25.5,0.35,500,"sd","10:41:35",380600
25.5,0.35,100,"sd","10:41:35",380100
25.5,0.35,200,"sd","10:41:35",380000
25.5,0.35,2000,"sd","10:41:35",379800
25.5,0.35,200,"sd","10:41:35",377800
25.5,0.35,400,"sd","10:41:35",377600
25.5,0.35,200,"sd","10:41:17",377200
25.5,0.35,1400,"sd","10:41:05",377000
25.5,0.35,100,"sd","10:41:05",375600
25.5,0.35,100,"sd","10:41:01",375500
25.5,0.35,100,"sd","10:41:01",375400
25.5,0.35,1000,"sd","10:40:58",375300
25.55,0.4,100,"bu","10:40:10",374300
25.55,0.4,100,"bu","10:40:05",374200
25.55,0.4,100,"sd","10:39:45",374100
25.55,0.4,100,"sd","10:39:45",374000
25.55,0.4,400,"sd","10:39:45",373900
25.6,0.45,100,"bu","10:39:45",373500
25.55,0.4,1000,"sd","10:39:40",373400
25.6,0.45,100,"bu","10:39:39",372400
25.55,0.4,5000,"sd","10:39:34",372300
25.6,0.45,100,"bu","10:39:34",367300
25.6,0.45,100,"bu","10:39:29",367200
25.6,0.45,100,"bu","10:39:23",367100
25.55,0.4,100,"sd","10:39:22",367000
25.6,0.45,100,"bu","10:39:18",366900
25.55,0.4,500,"sd","10:38:59",366800
25.55,0.4,100,"sd","10:38:53",366300
25.55,0.4,100,"sd","10:38:07",366200
25.55,0.4,100,"sd","10:38:02",366100
25.55,0.4,300,"sd","10:37:51",366000
25.55,0.4,300,"sd","10:37:51",365700
25.55,0.4,200,"sd","10:37:42",365400
25.55,0.4,100,"sd","10:37:26",365200
25.55,0.4,2400,"bu","10:37:14",365100
25.55,0.4,100,"bu","10:37:08",362700
25.55,0.4,1000,"bu","10:37:06",362600
25.55,0.4,6500,"bu","10:37:03",361600
25.55,0.4,100,"bu","10:37:03",355100
25.55,0.4,5000,"bu","10:37:03",355000
25.55,0.4,1000,"bu","10:37:03",350000
25.55,0.4,1000,"bu","10:37:03",349000
25.55,0.4,200,"bu","10:36:49",348000
25.55,0.4,1000,"bu","10:36:42",347800
25.55,0.4,500,"bu","10:36:38",346800
25.55,0.4,100,"bu","10:36:27",346300
25.55,0.4,1000,"bu","10:36:26",346200
25.5,0.35,200,"sd","10:36:14",345200
25.55,0.4,5500,"bu","10:36:14",345000
25.5,0.35,200,"sd","10:34:42",339500
25.5,0.35,100,"sd","10:34:42",339300
25.5,0.35,1000,"sd","10:34:37",339200
25.5,0.35,1100,"sd","10:34:27",338200
25.5,0.35,2600,"sd","10:34:03",337100
25.5,0.35,400,"sd","10:34:03",334500
25.5,0.35,100,"sd","10:33:57",334100
25.5,0.35,100,"sd","10:33:57",334000
25.5,0.35,100,"sd","10:33:42",333900
25.5,0.35,1000,"sd","10:33:42",333800
25.5,0.35,3900,"sd","10:33:42",332800
25.5,0.35,1000,"sd","10:33:31",328900
25.55,0.4,100,"bu","10:32:41",327900
25.55,0.4,600,"bu","10:32:17",327800
25.55,0.4,100,"bu","10:32:17",327200
25.55,0.4,100,"bu","10:32:17",327100
25.5,0.35,3000,"sd","10:32:10",327000
25.5,0.35,1000,"sd","10:31:58",324000
25.5,0.35,1100,"sd","10:31:50",323000
25.5,0.35,1900,"sd","10:31:50",321900
25.5,0.35,100,"sd","10:31:43",320000
25.5,0.35,200,"sd","10:31:13",319900
25.5,0.35,200,"sd","10:30:51",319700
25.55,0.4,900,"bu","10:30:50",319500
25.55,0.4,100,"bu","10:30:50",318600
25.5,0.35,3000,"sd","10:30:42",318500
25.5,0.35,1600,"sd","10:30:04",315500
25.5,0.35,600,"sd","10:29:42",313900
25.5,0.35,200,"sd","10:29:40",313300
25.5,0.35,2200,"sd","10:29:30",313100
25.5,0.35,100,"sd","10:29:30",310900
25.5,0.35,10000,"sd","10:29:30",310800
25.5,0.35,400,"sd","10:29:30",300800
25.5,0.35,500,"sd","10:29:30",300400
25.5,0.35,2000,"sd","10:29:30",299900
25.55,0.4,100,"sd","10:29:29",297900
25.55,0.4,3000,"sd","10:29:29",297800
25.55,0.4,100,"sd","10:29:29",294800
25.55,0.4,200,"sd","10:29:29",294700
25.55,0.4,1400,"sd","10:29:29",294500
25.6,0.45,100,"bu","10:29:27",293100
25.55,0.4,500,"bu","10:27:51",293000
25.55,0.4,1800,"bu","10:27:51",292500
25.5,0.35,100,"sd","10:27:41",290700
25.5,0.35,1900,"sd","10:27:40",290600
25.5,0.35,100,"sd","10:27:29",288700
25.5,0.35,1000,"sd","10:26:43",288600
25.5,0.35,3000,"sd","10:26:21",287600
25.5,0.35,400,"sd","10:26:20",284600
25.55,0.4,200,"bu","10:26:12",284200
25.55,0.4,100,"bu","10:26:12",284000
25.55,0.4,300,"bu","10:26:12",283900
25.55,0.4,100,"bu","10:26:12",283600
25.55,0.4,100,"bu","10:26:12",283500
25.55,0.4,200,"bu","10:26:12",283400
25.55,0.4,500,"bu","10:26:12",283200
25.55,0.4,500,"bu","10:26:12",282700
25.55,0.4,500,"bu","10:26:12",282200
25.55,0.4,5000,"bu","10:26:12",281700
25.5,0.35,300,"sd","10:26:10",276700
25.5,0.35,200,"bu","10:25:32",276400
25.5,0.35,1000,"bu","10:25:32",276200
25.5,0.35,400,"bu","10:25:27",275200
25.5,0.35,100,"bu","10:25:27",274800
25.5,0.35,1500,"bu","10:25:27",274700
25.5,0.35,500,"bu","10:25:17",273200
25.5,0.35,100,"bu","10:25:16",272700
25.5,0.35,500,"bu","10:25:16",272600
25.5,0.35,100,"bu","10:25:16",272100
25.5,0.35,500,"bu","10:25:16",272000
25.5,0.35,200,"bu","10:25:16",271500
25.5,0.35,300,"bu","10:25:16",271300
25.5,0.35,1000,"bu","10:25:16",271000
25.5,0.35,1000,"bu","10:25:16",270000
25.5,0.35,100,"bu","10:25:16",269000
25.5,0.35,100,"bu","10:25:16",268900
25.5,0.35,400,"bu","10:25:16",268800
25.5,0.35,100,"bu","10:25:16",268400
25.5,0.35,100,"bu","10:25:16",268300
25.5,0.35,400,"bu","10:24:19",268200
25.5,0.35,200,"bu","10:24:10",267800
25.5,0.35,300,"bu","10:24:07",267600
25.5,0.35,200,"bu","10:24:07",267300
25.5,0.35,500,"bu","10:23:16",267100
25.45,0.3,200,"sd","10:22:54",266600
25.45,0.3,200,"sd","10:21:49",266400
25.45,0.3,300,"sd","10:21:45",266200
25.45,0.3,200,"sd","10:21:45",265900
25.45,0.3,900,"sd","10:21:45",265700
25.45,0.3,200,"sd","10:21:45",264800
25.45,0.3,400,"sd","10:21:45",264600
25.45,0.3,3000,"sd","10:21:09",264200
25.45,0.3,100,"sd","10:20:48",261200
25.45,0.3,100,"sd","10:20:47",261100
25.45,0.3,1400,"sd","10:20:20",261000
25.45,0.3,1600,"sd","10:20:20",259600
25.45,0.3,400,"sd","10:19:45",258000
25.45,0.3,1400,"sd","10:19:45",257600
25.5,0.35,300,"bu","10:19:06",256200
25.5,0.35,300,"bu","10:19:01",255900
25.45,0.3,100,"bu","10:18:44",255600
25.45,0.3,1000,"bu","10:18:44",255500
25.45,0.3,200,"bu","10:18:44",254500
25.45,0.3,100,"bu","10:18:44",254300
25.45,0.3,400,"bu","10:18:44",254200
25.45,0.3,1000,"bu","10:18:39",253800
25.45,0.3,100,"bu","10:18:39",252800
25.45,0.3,200,"bu","10:18:39",252700
25.45,0.3,200,"bu","10:18:39",252500
25.45,0.3,100,"bu","10:18:39",252300
25.45,0.3,8400,"bu","10:18:39",252200
25.45,0.3,20000,"bu","10:18:39",243800
25.45,0.3,1500,"bu","10:18:16",223800
25.4,0.25,300,"bu","10:18:10",222300
25.4,0.25,400,"bu","10:18:06",222000
25.4,0.25,100,"sd","10:17:52",221600
25.4,0.25,200,"sd","10:17:52",221500
25.4,0.25,100,"sd","10:17:38",221300
25.45,0.3,100,"bu","10:17:37",221200
25.45,0.3,4900,"bu","10:17:37",221100
25.45,0.3,100,"bu","10:17:31",216200
25.4,0.25,200,"sd","10:17:26",216100
25.4,0.25,100,"sd","10:17:26",215900
25.4,0.25,100,"sd","10:17:26",215800
25.4,0.25,200,"sd","10:17:26",215700
25.4,0.25,400,"sd","10:17:26",215500
25.45,0.3,100,"bu","10:17:01",215100
25.4,0.25,500,"bu","10:15:57",215000
25.4,0.25,500,"bu","10:15:57",214500
25.4,0.25,800,"bu","10:15:57",214000
25.4,0.25,5000,"bu","10:15:57",213200
25.4,0.25,200,"bu","10:15:57",208200
25.4,0.25,200,"bu","10:15:57",208000
25.4,0.25,200,"bu","10:15:57",207800
25.4,0.25,300,"bu","10:15:57",207600
25.4,0.25,200,"bu","10:15:57",207300
25.4,0.25,200,"bu","10:15:57",207100
25.4,0.25,500,"bu","10:15:57",206900
25.4,0.25,200,"bu","10:15:57",206400
25.4,0.25,400,"bu","10:15:57",206200
25.4,0.25,100,"bu","10:15:57",205800
25.4,0.25,100,"bu","10:15:57",205700
25.4,0.25,200,"bu","10:15:57",205600
25.4,0.25,500,"bu","10:15:57",205400
25.4,0.25,100,"bu","10:15:57",204900
25.4,0.25,9400,"bu","10:15:57",204800
25.4,0.25,1100,"bu","10:15:34",195400
25.4,0.25,1600,"bu","10:15:31",194300
25.4,0.25,500,"bu","10:14:44",192700
25.4,0.25,100,"bu","10:13:54",192200
25.4,0.25,100,"bu","10:13:40",192100
25.4,0.25,1000,"bu","10:13:10",192000
25.35,0.2,1800,"sd","10:11:46",191000
25.35,0.2,100,"sd","10:11:46",189200
25.35,0.2,100,"sd","10:11:46",189100
25.35,0.2,300,"sd","10:10:46",189000
25.35,0.2,1900,"sd","10:10:44",188700
25.35,0.2,2700,"sd","10:10:37",186800
25.35,0.2,300,"sd","10:10:37",184100
25.35,0.2,700,"sd","10:10:36",183800
25.35,0.2,100,"bu","10:10:26",183100
25.35,0.2,700,"bu","10:10:26",183000
25.35,0.2,1300,"sd","10:10:20",182300
25.35,0.2,3700,"sd","10:10:10",181000
25.35,0.2,1000,"sd","10:10:10",177300
25.35,0.2,100,"sd","10:10:10",176300
25.35,0.2,200,"sd","10:10:10",176200
25.35,0.2,100,"sd","10:10:00",176000
25.35,0.2,200,"sd","10:09:58",175900
25.35,0.2,300,"sd","10:09:26",175700
25.35,0.2,100,"sd","10:09:04",175400
25.35,0.2,3000,"sd","10:08:49",175300
25.35,0.2,200,"sd","10:08:30",172300
25.4,0.25,100,"bu","10:08:24",172100
25.35,0.2,800,"sd","10:08:22",172000
25.35,0.2,1000,"sd","10:08:18",171200
25.35,0.2,100,"sd","10:07:50",170200
25.35,0.2,200,"sd","10:06:57",170100
25.4,0.25,100,"bu","10:05:43",169900
25.4,0.25,100,"bu","10:04:34",169800
25.35,0.2,100,"bu","10:04:08",169700
25.35,0.2,200,"bu","10:04:08",169600
25.35,0.2,1300,"bu","10:04:08",169400
25.35,0.2,3100,"bu","10:04:08",168100
25.35,0.2,2000,"bu","10:03:50",165000
25.3,0.15,500,"sd","10:02:15",163000
25.3,0.15,500,"sd","10:02:13",162500
25.3,0.15,600,"sd","10:01:41",162000
25.3,0.15,1000,"sd","10:01:35",161400
25.3,0.15,400,"sd","10:01:08",160400
25.3,0.15,200,"sd","10:01:08",160000
25.3,0.15,1000,"sd","10:01:08",159800
25.3,0.15,200,"sd","10:01:08",158800
25.3,0.15,200,"sd","10:01:08",158600
25.3,0.15,100,"sd","10:01:08",158400
25.3,0.15,900,"sd","10:01:08",158300
25.35,0.2,4000,"sd","09:59:35",157400
25.35,0.2,3000,"sd","09:59:35",153400
25.35,0.2,3000,"sd","09:59:35",150400
25.35,0.2,100,"sd","09:59:25",147400
25.35,0.2,400,"sd","09:59:23",147300
25.35,0.2,100,"sd","09:59:09",146900
25.35,0.2,1400,"sd","09:58:36",146800
25.35,0.2,600,"sd","09:58:36",145400
25.35,0.2,200,"sd","09:57:49",144800
25.35,0.2,200,"sd","09:56:41",144600
25.35,0.2,300,"sd","09:56:41",144400
25.35,0.2,700,"sd","09:56:33",144100
25.4,0.25,9900,"sd","09:55:47",143400
25.4,0.25,100,"sd","09:55:37",133500
25.4,0.25,100,"sd","09:54:54",133400
25.4,0.25,100,"sd","09:54:22",133300
25.4,0.25,400,"sd","09:54:22",133200
25.45,0.3,500,"bu","09:54:21",132800
25.45,0.3,300,"bu","09:54:09",132300
25.4,0.25,1000,"sd","09:54:07",132000
25.45,0.3,700,"bu","09:53:59",131000
25.4,0.25,3000,"sd","09:53:50",130300
25.4,0.25,200,"sd","09:53:39",127300
25.4,0.25,400,"bu","09:53:33",127100
25.4,0.25,1000,"bu","09:53:12",126700
25.4,0.25,400,"bu","09:53:12",125700
25.4,0.25,100,"bu","09:53:07",125300
25.4,0.25,2000,"bu","09:52:59",125200
25.4,0.25,200,"bu","09:52:46",123200
25.4,0.25,1300,"sd","09:52:41",123000
25.4,0.25,200,"sd","09:52:35",121700
25.4,0.25,100,"sd","09:52:29",121500
25.4,0.25,200,"sd","09:52:29",121400
25.4,0.25,200,"sd","09:52:29",121200
25.4,0.25,2000,"sd","09:52:29",121000
25.4,0.25,500,"sd","09:52:29",119000
25.4,0.25,200,"sd","09:52:24",118500
25.4,0.25,1300,"sd","09:52:18",118300
25.4,0.25,800,"sd","09:52:18",117000
25.4,0.25,100,"sd","09:52:18",116200
25.4,0.25,100,"sd","09:52:18",116100
25.4,0.25,100,"sd","09:52:18",116000
25.4,0.25,600,"sd","09:52:18",115900
25.4,0.25,200,"sd","09:52:08",115300
25.45,0.3,100,"bu","09:51:58",115100
25.45,0.3,500,"bu","09:51:56",115000
25.45,0.3,500,"bu","09:51:51",114500
25.4,0.25,200,"sd","09:51:27",114000
25.4,0.25,100,"sd","09:51:19",113800
25.4,0.25,100,"sd","09:51:19",113700
25.4,0.25,1000,"sd","09:51:15",113600
25.45,0.3,700,"bu","09:51:14",112600
25.4,0.25,100,"sd","09:50:33",111900
25.45,0.3,1000,"bu","09:50:15",111800
25.45,0.3,400,"bu","09:50:05",110800
25.45,0.3,200,"bu","09:49:59",110400
25.45,0.3,500,"bu","09:49:59",110200
25.45,0.3,200,"bu","09:49:59",109700
25.45,0.3,5000,"bu","09:49:43",109500
25.4,0.25,100,"bu","09:49:30",104500
25.4,0.25,100,"bu","09:49:30",104400
25.4,0.25,100,"bu","09:49:30",104300
25.4,0.25,1000,"bu","09:49:30",104200
25.4,0.25,100,"bu","09:49:30",103200
25.4,0.25,500,"bu","09:49:30",103100
25.4,0.25,500,"bu","09:49:30",102600
25.4,0.25,300,"bu","09:49:30",102100
25.4,0.25,200,"bu","09:49:30",101800
25.4,0.25,500,"bu","09:49:30",101600
25.4,0.25,500,"bu","09:49:30",101100
25.35,0.2,100,"sd","09:49:18",100600
25.35,0.2,100,"bu","09:48:40",100500
25.35,0.2,900,"sd","09:48:37",100400
25.35,0.2,100,"sd","09:48:34",99500
25.35,0.2,100,"sd","09:48:34",99400
25.35,0.2,300,"sd","09:48:34",99300
25.35,0.2,1600,"sd","09:48:34",99000
25.35,0.2,100,"sd","09:48:34",97400
25.35,0.2,200,"sd","09:48:11",97300
25.35,0.2,800,"sd","09:48:11",97100
25.35,0.2,300,"bu","09:47:49",96300
25.3,0.15,400,"sd","09:47:48",96000
25.35,0.2,200,"bu","09:47:41",95600
25.35,0.2,100,"bu","09:47:36",95400
25.35,0.2,600,"bu","09:47:26",95300
25.35,0.2,500,"bu","09:47:26",94700
25.35,0.2,300,"bu","09:47:26",94200
25.35,0.2,100,"bu","09:47:26",93900
25.3,0.15,100,"bu","09:46:43",93800
25.3,0.15,100,"bu","09:46:40",93700
25.3,0.15,1800,"bu","09:46:34",93600
25.3,0.15,600,"bu","09:46:34",91800
25.3,0.15,300,"bu","09:46:34",91200
25.3,0.15,300,"bu","09:46:34",90900
25.3,0.15,2800,"bu","09:46:34",90600
25.3,0.15,3100,"bu","09:46:34",87800
25.3,0.15,700,"bu","09:46:34",84700
25.3,0.15,400,"bu","09:46:34",84000
25.3,0.15,100,"bu","09:46:31",83600
25.3,0.15,300,"bu","09:46:31",83500
25.3,0.15,100,"bu","09:46:31",83200
25.3,0.15,500,"bu","09:46:14",83100
25.25,0.1,100,"sd","09:45:39",82600
25.3,0.15,500,"bu","09:45:07",82500
25.3,0.15,100,"bu","09:44:21",82000
25.3,0.15,200,"bu","09:44:10",81900
25.3,0.15,300,"bu","09:43:56",81700
25.3,0.15,100,"bu","09:43:54",81400
25.3,0.15,1000,"bu","09:43:25",81300
25.3,0.15,200,"bu","09:43:15",80300
25.3,0.15,1000,"bu","09:42:56",80100
25.3,0.15,100,"bu","09:42:49",79100
25.3,0.15,500,"bu","09:42:49",79000
25.3,0.15,100,"bu","09:42:49",78500
25.3,0.15,100,"bu","09:42:49",78400
25.3,0.15,100,"bu","09:42:49",78300
25.3,0.15,100,"bu","09:42:49",78200
25.25,0.1,200,"sd","09:42:16",78100
25.25,0.1,100,"bu","09:42:12",77900
25.25,0.1,100,"bu","09:42:05",77800
25.25,0.1,1000,"bu","09:42:03",77700
25.25,0.1,300,"bu","09:41:20",76700
25.25,0.1,400,"bu","09:41:20",76400
25.25,0.1,400,"bu","09:41:18",76000
25.25,0.1,600,"bu","09:41:18",75600
25.25,0.1,800,"bu","09:41:12",75000
25.25,0.1,100,"bu","09:41:12",74200
25.25,0.1,100,"bu","09:41:12",74100
25.25,0.1,1000,"bu","09:41:12",74000
25.2,0.05,100,"bu","09:40:48",73000
25.2,0.05,2000,"bu","09:40:48",72900
25.2,0.05,13600,"bu","09:40:48",70900
25.2,0.05,200,"bu","09:40:48",57300
25.2,0.05,10000,"bu","09:40:48",57100
25.2,0.05,2000,"bu","09:40:48",47100
25.2,0.05,1000,"bu","09:40:43",45100
25.2,0.05,500,"bu","09:40:33",44100
25.2,0.05,500,"bu","09:40:26",43600
25.2,0.05,300,"bu","09:40:26",43100
25.2,0.05,200,"bu","09:40:26",42800
25.2,0.05,500,"bu","09:40:09",42600
25.2,0.05,1000,"bu","09:39:56",42100
25.2,0.05,500,"bu","09:39:55",41100
25.2,0.05,1000,"bu","09:37:11",40600
25.15,0,2800,"sd","09:36:40",39600
25.15,0,300,"sd","09:36:40",36800
25.15,0,100,"sd","09:36:40",36500
25.15,0,100,"sd","09:35:35",36400
25.15,0,400,"bu","09:35:15",36300
25.15,0,400,"bu","09:35:03",35900
25.15,0,100,"bu","09:34:51",35500
25.15,0,1400,"bu","09:34:43",35400
25.15,0,600,"bu","09:34:43",34000
25.1,-0.05,1000,"sd","09:34:09",33400
25.1,-0.05,100,"sd","09:31:41",32400
25.1,-0.05,100,"sd","09:31:41",32300
25.1,-0.05,100,"sd","09:31:41",32200
25.15,0,500,"bu","09:30:52",32100
25.15,0,100,"bu","09:30:52",31600
25.15,0,2000,"unknown","09:30:52",31500
25.15,0,100,"sd","09:30:52",29500
25.15,0,200,"sd","09:30:52",29400
25.15,0,500,"sd","09:30:52",29200
25.15,0,400,"sd","09:30:52",28700
25.2,0.05,100,"bu","09:29:13",28300
25.2,0.05,100,"sd","09:27:25",28200
25.2,0.05,400,"sd","09:27:25",28100
25.2,0.05,200,"sd","09:27:25",27700
25.2,0.05,1000,"sd","09:27:16",27500
25.2,0.05,300,"sd","09:26:34",26500
25.2,0.05,700,"sd","09:26:30",26200
25.2,0.05,1000,"sd","09:26:29",25500
25.2,0.05,1000,"sd","09:26:29",24500
25.2,0.05,100,"sd","09:25:17",23500
25.2,0.05,2300,"sd","09:25:17",23400
25.2,0.05,100,"sd","09:24:12",21100
25.2,0.05,500,"sd","09:24:12",21000
25.2,0.05,200,"sd","09:24:12",20500
25.2,0.05,200,"sd","09:24:12",20300
25.2,0.05,100,"sd","09:24:12",20100
25.2,0.05,900,"sd","09:23:24",20000
25.2,0.05,100,"sd","09:23:24",19100
25.2,0.05,100,"sd","09:22:23",19000
25.2,0.05,100,"sd","09:22:14",18900
25.2,0.05,2000,"sd","09:22:14",18800
25.2,0.05,100,"sd","09:22:14",16800
25.2,0.05,300,"sd","09:22:14",16700
25.2,0.05,300,"sd","09:22:14",16400
25.2,0.05,200,"sd","09:22:14",16100
25.2,0.05,2000,"sd","09:22:14",15900
25.2,0.05,100,"sd","09:21:26",13900
25.2,0.05,1000,"sd","09:21:12",13800
25.2,0.05,100,"sd","09:20:43",12800
25.25,0.1,1000,"bu","09:20:37",12700
25.2,0.05,1000,"sd","09:20:11",11700
25.2,0.05,100,"sd","09:19:58",10700
25.2,0.05,200,"sd","09:19:56",10600
25.2,0.05,200,"sd","09:19:32",10400
25.2,0.05,300,"sd","09:19:12",10200
25.2,0.05,3000,"sd","09:19:12",9900
25.2,0.05,1700,"sd","09:19:12",6900
25.2,0.05,1600,"sd","09:18:35",5200
25.2,0.05,1000,"sd","09:18:01",3600
25.2,0.05,200,"sd","09:17:56",2600
25.25,0.1,200,"sd","09:17:30",2400
25.2,0.05,100,"sd","09:16:23",2200
25.2,0.05,100,"sd","09:16:02",2100
25.2,0.05,100,"sd","09:15:40",2000
25.2,0.05,1900,"unknown","09:15:00",1900
