"price","change","match_qtty","side","time","total_vol"
1.4,0,43300,"sd","14:45:02",681800
1.4,0,300,"bu","14:29:57",638500
1.4,0,1700,"bu","14:28:13",638200
1.4,0,300,"bu","14:27:52",636500
1.4,0,1100,"bu","14:24:46",636200
1.4,0,100,"bu","14:16:49",635100
1.4,0,400,"bu","14:15:37",635000
1.4,0,500,"sd","14:09:32",634600
1.4,0,200,"sd","14:09:26",634100
1.4,0,300,"bu","14:08:53",633900
1.4,0,3700,"sd","14:08:37",633600
1.4,0,300,"bu","14:07:11",629900
1.4,0,3000,"sd","14:07:08",629600
1.4,0,7000,"bu","14:05:38",626600
1.4,0,100,"bu","14:04:43",619600
1.4,0,300,"bu","14:04:22",619500
1.4,0,100,"bu","14:04:21",619200
1.4,0,500,"bu","14:03:56",619100
1.4,0,1000,"bu","14:03:22",618600
1.4,0,100,"bu","14:03:00",617600
1.4,0,200,"bu","14:02:20",617500
1.4,0,4500,"sd","14:02:06",617300
1.4,0,100,"sd","14:01:44",612800
1.4,0,200,"sd","14:01:23",612700
1.4,0,1300,"sd","14:01:15",612500
1.4,0,1400,"sd","13:56:04",611200
1.4,0,2100,"sd","13:55:15",609800
1.4,0,200,"sd","13:53:56",607700
1.4,0,200,"sd","13:49:27",607500
1.4,0,100,"sd","13:46:03",607300
1.5,0.1,100,"bu","13:43:58",607200
1.4,0,200,"sd","13:41:31",607100
1.4,0,1300,"sd","13:41:27",606900
1.4,0,100,"bu","13:40:59",605600
1.4,0,1500,"bu","13:39:22",605500
1.4,0,1000,"bu","13:38:05",604000
1.4,0,500,"sd","13:37:45",603000
1.4,0,300,"sd","13:37:34",602500
1.4,0,200,"sd","13:37:24",602200
1.4,0,200,"bu","13:36:39",602000
1.4,0,1000,"bu","13:36:05",601800
1.4,0,100,"bu","13:33:40",600800
1.4,0,200,"bu","13:33:36",600700
1.4,0,500,"bu","13:31:38",600500
1.4,0,100,"bu","13:31:03",600000
1.4,0,8500,"bu","13:28:37",599900
1.4,0,1500,"sd","13:24:38",591400
1.4,0,800,"sd","13:21:49",589900
1.4,0,3200,"sd","13:21:10",589100
1.4,0,100,"bu","13:20:28",585900
1.4,0,600,"bu","13:19:31",585800
1.4,0,200,"bu","13:18:34",585200
1.4,0,200,"bu","13:17:25",585000
1.4,0,200,"bu","13:16:38",584800
1.4,0,200,"bu","13:13:16",584600
1.4,0,2400,"bu","13:08:16",584400
1.4,0,1300,"sd","13:02:37",582000
1.4,0,6800,"sd","13:00:11",580700
1.4,0,100,"sd","13:00:05",573900
1.5,0.1,400,"bu","13:00:04",573800
1.4,0,52600,"sd","13:00:02",573400
1.4,0,300,"sd","11:21:03",520800
1.4,0,100,"sd","11:20:55",520500
1.4,0,300,"sd","11:20:46",520400
1.4,0,400,"sd","11:18:28",520100
1.4,0,1000,"sd","11:08:48",519700
1.4,0,500,"sd","11:05:16",518700
1.5,0.1,1000,"bu","11:05:11",518200
1.5,0.1,1300,"bu","10:54:30",517200
1.4,0,2000,"sd","10:52:04",515900
1.4,0,2100,"sd","03:51:02",513900
1.4,0,1100,"sd","10:47:30",511800
1.4,0,700,"sd","10:46:44",510700
1.4,0,1000,"sd","10:44:51",510000
1.4,0,1000,"sd","10:43:45",509000
1.4,0,100,"sd","10:39:57",508000
1.4,0,1500,"sd","10:39:07",507900
1.5,0.1,100,"bu","10:38:32",506400
1.4,0,600,"sd","10:38:21",506300
1.4,0,1000,"sd","10:38:03",505700
1.5,0.1,300,"bu","10:35:56",504700
1.4,0,2000,"sd","10:35:25",504400
1.4,0,10000,"sd","10:35:15",502400
1.4,0,1000,"sd","10:35:08",492400
1.4,0,200,"sd","10:33:21",491400
1.4,0,700,"sd","10:25:44",491200
1.4,0,1000,"sd","10:24:26",490500
1.4,0,300,"sd","10:21:36",489500
1.4,0,1500,"unknown","10:16:30",489200
1.4,0,7000,"bu","10:15:55",487700
1.4,0,200,"bu","10:14:40",480700
1.4,0,500,"bu","10:14:19",480500
1.4,0,2800,"bu","10:13:28",480000
1.4,0,100,"bu","10:13:13",477200
1.4,0,100,"bu","10:12:55",477100
1.4,0,100,"bu","10:12:48",477000
1.4,0,100,"bu","10:12:39",476900
1.4,0,18200,"sd","10:12:13",476800
1.4,0,4000,"sd","10:12:09",458600
1.4,0,1000,"sd","10:12:01",454600
1.4,0,1000,"sd","10:11:44",453600
1.4,0,1500,"sd","10:11:35",452600
1.4,0,10000,"sd","10:11:33",451100
1.4,0,2000,"sd","10:11:31",441100
1.4,0,1500,"sd","10:11:28",439100
1.4,0,13000,"sd","10:11:15",437600
1.4,0,1000,"sd","10:10:52",424600
1.4,0,3000,"sd","10:10:47",423600
1.4,0,5400,"sd","10:10:26",420600
1.4,0,6100,"sd","10:10:02",415200
1.4,0,1000,"sd","10:09:41",409100
1.5,0.1,100,"bu","10:08:07",408100
1.5,0.1,800,"bu","10:03:29",408000
1.5,0.1,500,"bu","09:59:44",407200
1.5,0.1,100,"bu","09:58:22",406700
1.4,0,1000,"sd","09:57:27",406600
1.4,0,1000,"bu","09:57:26",405600
1.4,0,1000,"bu","09:57:25",404600
1.4,0,3700,"bu","09:57:22",403600
1.4,0,3500,"bu","09:57:17",399900
1.4,0,600,"bu","09:57:05",396400
1.4,0,3000,"bu","09:57:02",395800
1.4,0,10000,"bu","09:56:56",392800
1.4,0,2000,"bu","09:56:51",382800
1.4,0,6000,"bu","09:56:45",380800
1.4,0,100,"bu","09:56:33",374800
1.4,0,20000,"bu","09:56:31",374700
1.4,0,300,"bu","09:55:12",354700
1.4,0,1000,"bu","09:54:52",354400
1.4,0,400,"bu","09:54:48",353400
1.4,0,100,"bu","09:54:38",353000
1.4,0,3000,"bu","09:54:34",352900
1.4,0,2000,"bu","09:54:31",349900
1.3,-0.1,2500,"sd","09:54:29",347900
1.4,0,1500,"bu","09:54:20",345400
1.4,0,5000,"bu","09:54:15",343900
1.4,0,1000,"bu","09:54:08",338900
1.4,0,20000,"bu","09:54:06",337900
1.4,0,500,"bu","09:54:05",317900
1.4,0,4000,"bu","09:53:51",317400
1.4,0,5000,"bu","09:53:38",313400
1.4,0,200,"bu","09:53:09",308400
1.4,0,300,"bu","09:52:57",308200
1.4,0,10600,"bu","09:52:48",307900
1.4,0,500,"bu","09:52:43",297300
1.4,0,20000,"bu","09:52:19",296800
1.3,-0.1,1000,"sd","09:50:45",276800
1.3,-0.1,2000,"sd","09:49:54",275800
1.3,-0.1,5000,"sd","09:49:42",273800
1.3,-0.1,500,"sd","09:48:46",268800
1.3,-0.1,1500,"sd","09:48:06",268300
1.3,-0.1,1700,"sd","09:46:30",266800
1.4,0,500,"bu","09:45:45",265100
1.4,0,1000,"bu","09:45:30",264600
1.4,0,1000,"bu","09:42:44",263600
1.4,0,500,"bu","09:40:13",262600
1.4,0,20000,"bu","09:39:25",262100
1.4,0,600,"bu","09:35:41",242100
1.4,0,10000,"bu","09:31:49",241500
1.4,0,200,"bu","09:30:17",231500
1.4,0,100,"bu","09:27:49",231300
1.3,-0.1,500,"sd","09:27:45",231200
1.3,-0.1,3000,"sd","09:27:42",230700
1.4,0,100,"bu","09:27:38",227700
1.3,-0.1,1000,"sd","09:26:24",227600
1.3,-0.1,5000,"sd","09:24:37",226600
1.3,-0.1,5000,"sd","09:24:36",221600
1.3,-0.1,1400,"sd","09:23:23",216600
1.3,-0.1,100,"sd","09:21:56",215200
1.3,-0.1,500,"sd","09:20:28",215100
1.4,0,19000,"bu","09:20:26",214600
1.3,-0.1,2000,"sd","09:20:10",195600
1.3,-0.1,1100,"sd","09:19:47",193600
1.3,-0.1,200,"sd","09:18:49",192500
1.3,-0.1,500,"sd","09:18:44",192300
1.3,-0.1,400,"sd","09:18:00",191800
1.3,-0.1,11300,"sd","09:17:30",191400
1.3,-0.1,100,"sd","09:17:26",180100
1.3,-0.1,500,"sd","09:17:06",180000
1.3,-0.1,2000,"sd","09:16:38",179500
1.3,-0.1,1000,"sd","09:15:27",177500
1.3,-0.1,1500,"sd","09:15:24",176500
1.3,-0.1,4000,"sd","09:15:20",175000
1.3,-0.1,1600,"sd","09:14:21",171000
1.3,-0.1,9500,"sd","09:13:28",169400
1.3,-0.1,4300,"sd","09:13:21",159900
1.3,-0.1,10000,"sd","09:12:25",155600
1.3,-0.1,1700,"sd","09:12:19",145600
1.3,-0.1,10500,"sd","09:12:13",143900
1.3,-0.1,10000,"sd","09:11:56",133400
1.3,-0.1,1600,"sd","09:11:32",123400
1.3,-0.1,1000,"sd","09:11:28",121800
1.3,-0.1,6000,"sd","09:10:55",120800
1.3,-0.1,8000,"sd","09:10:44",114800
1.3,-0.1,3200,"sd","09:10:42",106800
1.3,-0.1,6000,"sd","09:10:38",103600
1.3,-0.1,800,"sd","09:10:27",97600
1.3,-0.1,1500,"sd","09:09:48",96800
1.3,-0.1,2000,"sd","09:09:39",95300
1.3,-0.1,2200,"sd","09:09:23",93300
1.3,-0.1,31200,"sd","09:08:57",91100
1.3,-0.1,1700,"sd","09:08:04",59900
1.3,-0.1,4000,"sd","09:07:32",58200
1.3,-0.1,1500,"sd","09:07:27",54200
1.3,-0.1,600,"sd","09:07:11",52700
1.3,-0.1,3300,"sd","09:06:22",52100
1.3,-0.1,900,"sd","09:04:46",48800
1.4,0,100,"bu","09:04:30",47900
1.3,-0.1,10000,"sd","09:03:56",47800
1.3,-0.1,400,"sd","09:03:37",37800
1.3,-0.1,200,"sd","09:03:24",37400
1.3,-0.1,5000,"sd","09:03:00",37200
1.3,-0.1,7000,"sd","09:02:47",32200
1.3,-0.1,1000,"sd","09:02:42",25200
1.3,-0.1,11000,"sd","09:01:46",24200
1.3,-0.1,100,"sd","09:01:33",13200
1.3,-0.1,100,"sd","09:01:21",13100
1.4,0,100,"bu","09:01:02",13000
1.3,-0.1,1100,"sd","09:00:35",12900
1.3,-0.1,5700,"sd","09:00:09",11800
1.3,-0.1,6100,"sd","09:00:03",6100
