"price","change","match_qtty","side","time","total_vol"
20.5,0.6,23400,"bu","14:45:03",280600
20.35,0.45,100,"bu","14:29:55",257200
20.35,0.45,300,"bu","14:28:58",257100
20.35,0.45,1400,"bu","14:28:58",256800
20.3,0.4,3900,"bu","14:28:58",255400
20.3,0.4,9400,"bu","14:28:58",251500
20.25,0.35,100,"sd","14:26:06",242100
20.25,0.35,100,"sd","14:26:06",242000
20.25,0.35,1000,"bu","14:19:52",241900
20.3,0.4,500,"bu","14:18:03",240900
20.3,0.4,100,"bu","14:16:33",240400
20.3,0.4,100,"sd","14:15:38",240300
20.3,0.4,5000,"sd","14:15:28",240200
20.3,0.4,1000,"sd","14:14:00",235200
20.3,0.4,1700,"sd","14:14:00",234200
20.25,0.35,1000,"sd","14:14:00",232500
20.3,0.4,500,"bu","14:14:00",231500
20.3,0.4,300,"sd","14:11:37",231000
20.3,0.4,200,"bu","14:11:23",230700
19.85,-0.05,900,"sd","14:11:09",230500
19.9,0,300,"sd","14:11:09",229600
19.9,0,100,"sd","14:11:09",229300
19.9,0,100,"sd","14:10:15",229200
19.95,0.05,100,"sd","14:10:14",229100
20,0.1,500,"sd","14:10:14",229000
20,0.1,100,"sd","14:10:14",228500
20,0.1,200,"sd","14:10:14",228400
20,0.1,100,"sd","14:10:14",228200
20,0.1,1000,"sd","14:10:14",228100
20,0.1,2000,"sd","14:10:14",227100
20,0.1,200,"sd","14:10:14",225100
20,0.1,300,"sd","14:10:14",224900
20.05,0.15,2000,"sd","14:10:14",224600
20.1,0.2,1000,"sd","14:10:14",222600
20.1,0.2,500,"sd","14:10:14",221600
20.1,0.2,300,"sd","14:10:14",221100
20.1,0.2,1000,"sd","14:10:14",219000
20.1,0.2,200,"sd","14:10:14",220800
20.1,0.2,1600,"sd","14:10:14",220600
20.2,0.3,300,"sd","14:10:14",218000
20.2,0.3,2000,"sd","14:10:14",217700
20.2,0.3,1600,"sd","14:10:14",215700
20.2,0.3,1000,"sd","14:10:02",214100
20.2,0.3,1000,"sd","14:09:13",213100
20.2,0.3,1400,"sd","14:08:23",212100
20.2,0.3,300,"sd","14:08:23",210700
20.25,0.35,300,"sd","14:08:23",210400
20.4,0.5,600,"bu","14:01:38",210100
20.45,0.55,100,"bu","14:01:09",209500
20.45,0.55,300,"bu","14:01:09",209400
20.45,0.55,700,"bu","14:00:53",209100
20.45,0.55,300,"bu","14:00:53",208400
20.25,0.35,1700,"sd","14:00:51",208100
20.25,0.35,200,"sd","14:00:51",206400
20.25,0.35,100,"sd","14:00:51",206200
20.5,0.6,4900,"sd","13:54:01",206100
20.5,0.6,2500,"sd","13:53:51",201200
20.5,0.6,1000,"bu","13:53:51",198700
20.5,0.6,300,"bu","13:53:51",197700
20.5,0.6,600,"bu","13:53:51",197400
20.5,0.6,500,"bu","13:53:51",196800
20.5,0.6,100,"bu","13:53:51",196300
20.4,0.5,100,"bu","13:53:51",196200
20.4,0.5,400,"bu","13:53:00",196100
20.4,0.5,500,"bu","13:53:00",195700
20.35,0.45,800,"bu","13:52:46",195200
20.35,0.45,1000,"bu","13:51:25",194400
20.3,0.4,500,"bu","13:51:07",193400
20.3,0.4,500,"sd","13:50:31",192900
20.3,0.4,100,"sd","13:50:31",192400
20.3,0.4,800,"sd","13:50:31",192300
20.3,0.4,1700,"bu","13:50:05",191500
20.3,0.4,100,"bu","13:49:51",189800
20.3,0.4,100,"bu","13:49:23",189700
20.3,0.4,500,"bu","13:49:17",189600
20.3,0.4,200,"bu","13:49:09",189100
20.3,0.4,2000,"bu","13:48:36",188900
20.3,0.4,400,"bu","13:48:28",186900
20.3,0.4,700,"bu","13:48:28",186500
20.25,0.35,500,"bu","13:47:45",185800
20.2,0.3,4700,"bu","13:47:22",185300
20.2,0.3,500,"bu","13:46:53",180600
20.2,0.3,2000,"sd","13:46:05",180100
20.2,0.3,100,"sd","13:46:05",178100
20.2,0.3,300,"sd","13:46:05",178000
20.2,0.3,200,"sd","13:46:05",177700
20.2,0.3,600,"sd","13:46:05",177500
20.25,0.35,400,"sd","13:46:05",176900
20.3,0.4,1300,"sd","13:42:58",176500
20.3,0.4,200,"sd","13:42:06",175200
20.3,0.4,1000,"bu","13:41:48",175000
20.2,0.3,1400,"sd","13:40:52",174000
20.25,0.35,1600,"sd","13:40:52",172600
20.3,0.4,300,"sd","13:40:34",171000
20.3,0.4,200,"bu","13:38:44",170700
20.3,0.4,400,"sd","13:37:45",170500
20.3,0.4,100,"sd","13:37:45",170100
20.35,0.45,100,"bu","13:36:43",170000
20.35,0.45,100,"bu","13:35:51",169900
20.3,0.4,100,"sd","13:35:23",169800
20.3,0.4,1500,"bu","13:34:34",169700
20.3,0.4,100,"bu","13:34:34",168200
20.3,0.4,200,"bu","13:34:34",168100
20.25,0.35,500,"sd","13:33:39",167900
20.25,0.35,500,"sd","13:33:39",167400
20.3,0.4,2200,"sd","13:33:08",166900
20.3,0.4,200,"sd","13:32:16",164700
20.3,0.4,200,"sd","13:30:58",164500
20.3,0.4,300,"sd","13:30:58",164300
20.3,0.4,100,"sd","13:29:14",164000
20.35,0.45,1000,"sd","13:28:25",163900
20.35,0.45,100,"sd","13:28:25",162900
20.35,0.45,1000,"sd","13:28:25",162800
20.4,0.5,1000,"bu","13:26:10",161800
20.4,0.5,200,"bu","13:24:23",160800
20.4,0.5,700,"sd","13:23:40",160600
20.4,0.5,100,"sd","13:23:40",159900
20.4,0.5,100,"sd","13:23:40",159800
20.4,0.5,100,"sd","13:23:40",159700
20.4,0.5,500,"sd","13:23:40",159600
20.4,0.5,200,"sd","13:23:40",159100
20.4,0.5,1100,"sd","13:23:40",158900
20.4,0.5,600,"sd","13:20:19",157800
20.4,0.5,100,"sd","13:19:28",157200
20.4,0.5,1200,"sd","13:18:57",157100
20.4,0.5,2800,"sd","13:18:57",155900
20.4,0.5,300,"sd","13:18:56",152900
20.4,0.5,200,"sd","13:18:56",153100
20.5,0.6,100,"bu","13:18:25",152600
20.5,0.6,1000,"bu","13:18:25",152500
20.5,0.6,900,"bu","13:18:25",151500
20.45,0.55,100,"bu","13:18:25",150600
20.45,0.55,1000,"sd","13:15:45",150500
20.45,0.55,100,"sd","13:15:45",149500
20.45,0.55,2000,"sd","13:13:49",149400
20.45,0.55,3000,"sd","13:12:39",147400
20.5,0.6,100,"bu","13:11:11",144400
20.5,0.6,1000,"bu","13:11:11",144300
20.5,0.6,300,"bu","13:11:11",143300
20.5,0.6,1600,"bu","13:11:11",143000
20.5,0.6,100,"bu","13:09:04",141400
20.5,0.6,100,"sd","13:07:39",141300
20.5,0.6,1000,"sd","13:06:27",141200
20.5,0.6,100,"sd","13:06:15",140200
20.5,0.6,900,"sd","13:06:15",140100
20.5,0.6,100,"sd","13:05:46",139200
20.5,0.6,300,"sd","13:05:37",139100
20.5,0.6,1000,"sd","13:04:36",138800
20.5,0.6,700,"sd","13:04:07",137800
20.5,0.6,100,"sd","13:04:07",137100
20.5,0.6,200,"sd","13:04:07",137000
20.5,0.6,100,"sd","13:03:50",136800
20.6,0.7,100,"bu","13:03:06",136700
20.5,0.6,400,"sd","13:02:54",136600
20.5,0.6,300,"sd","13:02:44",136200
20.5,0.6,1000,"bu","13:01:17",135900
20.5,0.6,1000,"bu","13:01:11",134900
20.5,0.6,8000,"sd","13:00:41",133900
20.5,0.6,500,"sd","13:00:37",125900
20.5,0.6,1500,"sd","13:00:10",125400
20.6,0.7,100,"bu","13:00:05",123900
20.6,0.7,500,"sd","11:23:38",123800
20.6,0.7,500,"bu","11:23:02",123300
20.6,0.7,500,"bu","11:22:52",122800
20.6,0.7,500,"bu","11:22:52",122300
20.6,0.7,100,"bu","11:22:52",121800
20.6,0.7,700,"bu","11:22:52",121700
20.6,0.7,100,"bu","11:22:52",121000
20.6,0.7,1100,"bu","11:22:52",120900
20.6,0.7,200,"bu","11:21:54",119800
20.5,0.6,100,"bu","11:19:17",119600
20.5,0.6,400,"sd","11:18:48",119500
20.5,0.6,100,"bu","11:17:04",119100
20.5,0.6,2000,"bu","11:17:04",119000
20.5,0.6,500,"bu","11:17:04",117000
20.5,0.6,200,"bu","11:15:52",116500
20.5,0.6,100,"sd","11:07:09",116300
20.5,0.6,200,"sd","11:07:09",116200
20.6,0.7,1700,"bu","11:06:18",116000
20.6,0.7,300,"bu","11:06:18",114300
20.5,0.6,1000,"sd","11:05:14",114000
20.5,0.6,1000,"bu","11:04:29",113000
20.5,0.6,2800,"bu","11:04:29",112000
20.4,0.5,200,"bu","11:02:50",109200
20.35,0.45,100,"bu","11:02:50",109000
20.3,0.4,1000,"bu","11:01:50",108900
20.3,0.4,1000,"bu","11:01:38",107900
20.2,0.3,100,"sd","10:59:12",106900
20.2,0.3,100,"sd","10:59:12",106800
20.3,0.4,1500,"sd","10:58:49",106700
20.3,0.4,100,"sd","10:58:49",105200
20.35,0.45,100,"sd","10:57:38",105100
20.4,0.5,1800,"sd","10:52:10",105000
20.4,0.5,100,"sd","10:52:10",103200
20.4,0.5,100,"sd","10:52:10",103100
20.45,0.55,500,"bu","10:52:02",103000
20.45,0.55,300,"sd","10:51:37",102500
20.45,0.55,400,"sd","10:51:37",102200
20.45,0.55,100,"sd","10:51:34",101800
20.45,0.55,100,"sd","10:51:34",101700
20.45,0.55,3000,"sd","10:51:30",101600
20.45,0.55,600,"sd","10:51:00",98600
20.45,0.55,1000,"sd","10:50:43",98000
20.5,0.6,100,"bu","10:49:18",97000
20.45,0.55,600,"sd","10:49:17",96900
20.5,0.6,1000,"bu","10:47:35",96300
20.5,0.6,1000,"sd","10:47:12",95300
20.5,0.6,900,"sd","10:47:12",94300
20.5,0.6,100,"sd","10:47:12",93400
20.55,0.65,2300,"sd","10:47:12",93300
20.55,0.65,1800,"sd","10:47:12",91000
20.6,0.7,700,"sd","10:44:18",89200
20.6,0.7,300,"sd","10:44:10",88500
20.6,0.7,500,"sd","10:44:10",88200
20.6,0.7,200,"sd","10:44:10",87700
20.6,0.7,400,"sd","10:43:49",87500
20.7,0.8,800,"bu","10:42:18",87100
20.7,0.8,100,"bu","10:41:55",86300
20.7,0.8,1000,"bu","10:41:55",86200
20.7,0.8,100,"bu","10:41:55",85200
20.7,0.8,100,"bu","10:38:27",85100
20.7,0.8,900,"bu","10:38:27",85000
20.7,0.8,1000,"bu","10:38:27",84100
20.7,0.8,1000,"bu","10:36:41",83100
20.6,0.7,3000,"bu","10:36:34",82100
20.6,0.7,100,"bu","10:36:34",79100
20.6,0.7,300,"bu","10:36:34",79000
20.55,0.65,100,"sd","10:36:28",78700
20.55,0.65,3000,"bu","10:34:07",78600
20.55,0.65,300,"sd","10:26:51",75600
20.55,0.65,700,"sd","10:26:51",75300
20.6,0.7,200,"sd","10:25:17",74600
20.6,0.7,2200,"sd","10:25:17",74400
20.6,0.7,100,"sd","10:24:46",72200
20.6,0.7,1700,"bu","10:24:19",72100
20.6,0.7,200,"bu","10:24:05",70400
20.6,0.7,600,"sd","10:23:35",70200
20.6,0.7,300,"sd","10:22:43",69600
20.75,0.85,2000,"bu","10:21:34",69300
20.75,0.85,300,"bu","10:21:34",67300
20.7,0.8,2000,"bu","10:21:34",67000
20.7,0.8,500,"bu","10:21:34",65000
20.7,0.8,200,"bu","10:21:34",64500
20.7,0.8,300,"bu","10:20:55",64300
20.7,0.8,200,"bu","10:20:55",64000
20.6,0.7,100,"bu","10:20:22",63800
20.6,0.7,300,"sd","10:20:10",63700
20.6,0.7,200,"sd","10:20:02",63400
20.7,0.8,300,"bu","10:19:09",63200
20.6,0.7,1400,"bu","10:19:01",62900
20.6,0.7,100,"bu","10:18:49",61500
20.6,0.7,100,"bu","10:18:49",61400
20.55,0.65,300,"bu","10:18:35",61300
20.5,0.6,100,"sd","10:17:21",61000
20.5,0.6,200,"sd","10:17:11",60900
20.5,0.6,500,"bu","10:17:11",60700
20.5,0.6,1800,"bu","10:17:11",60200
20.5,0.6,1300,"bu","10:17:11",58400
20.5,0.6,500,"bu","10:17:11",57100
20.5,0.6,500,"bu","10:17:11",56600
20.45,0.55,4000,"sd","10:16:51",56100
20.45,0.55,700,"bu","10:16:46",52100
20.45,0.55,100,"bu","10:16:34",51400
20.45,0.55,200,"bu","10:16:08",51300
20.45,0.55,500,"bu","10:16:08",51100
20.45,0.55,800,"bu","10:16:08",50600
20.45,0.55,1800,"bu","10:16:00",49800
20.45,0.55,200,"bu","10:16:00",48000
20.45,0.55,300,"bu","10:15:20",47800
20.4,0.5,500,"bu","10:15:20",47500
20.4,0.5,200,"bu","10:15:20",47000
20.35,0.45,200,"bu","10:14:21",46800
20.35,0.45,300,"bu","10:13:39",46600
20.35,0.45,100,"bu","10:13:39",46300
20.35,0.45,100,"bu","10:13:39",46200
20.3,0.4,1000,"sd","10:13:32",46100
20.3,0.4,500,"unknown","10:11:43",45100
20.3,0.4,100,"bu","10:11:38",44600
20.3,0.4,400,"bu","10:10:38",44500
20.2,0.3,100,"bu","10:09:42",44100
20.15,0.25,1800,"sd","10:05:58",44000
20.15,0.25,900,"sd","10:05:37",42200
20.15,0.25,200,"sd","10:05:37",41300
20.35,0.45,200,"sd","09:55:05",41100
20.5,0.6,300,"bu","09:54:54",40900
20.5,0.6,100,"bu","09:54:54",40600
20.5,0.6,1000,"bu","09:54:54",40500
20.4,0.5,2100,"bu","09:54:54",39500
20.4,0.5,4500,"bu","09:54:54",37400
20.4,0.5,500,"sd","09:54:13",32900
20.4,0.5,900,"sd","09:54:13",32400
20.45,0.55,4100,"sd","09:54:13",31500
20.5,0.6,300,"bu","09:53:18",27400
20.5,0.6,100,"bu","09:51:48",27100
20.5,0.6,100,"bu","09:51:17",27000
20.45,0.55,900,"bu","09:51:17",26900
20.45,0.55,100,"bu","09:50:32",26000
20.45,0.55,1000,"bu","09:49:58",25900
20.45,0.55,1000,"bu","09:49:54",24900
20.4,0.5,100,"sd","09:49:47",23900
20.4,0.5,5000,"bu","09:49:21",23800
20.35,0.45,300,"bu","09:47:52",18800
20.35,0.45,100,"bu","09:47:29",18500
20.15,0.25,100,"sd","09:45:41",18400
20.1,0.2,100,"sd","09:42:54",18300
20.1,0.2,900,"sd","09:42:54",18200
20.1,0.2,300,"bu","09:41:26",17300
20.1,0.2,300,"bu","09:41:26",17000
20,0.1,300,"bu","09:40:53",16700
20,0.1,700,"bu","09:40:16",16400
20,0.1,1000,"bu","09:40:15",15700
20,0.1,7700,"bu","09:40:01",14700
20,0.1,2300,"bu","09:40:01",7000
20,0.1,1300,"bu","09:39:45",4700
19.9,0,700,"bu","09:39:45",3400
19.75,-0.15,400,"bu","09:32:44",2700
19.75,-0.15,100,"bu","09:30:28",2300
19.75,-0.15,100,"sd","09:28:29",2200
19.8,-0.1,100,"sd","09:28:29",2100
19.85,-0.05,100,"sd","09:28:29",2000
19.9,0,100,"bu","09:22:37",1900
19.5,-0.4,100,"bu","09:17:32",1800
19.5,-0.4,100,"bu","09:17:32",1700
19.5,-0.4,400,"bu","09:17:32",1600
19.45,-0.45,300,"sd","09:17:11",1200
19.5,-0.4,200,"sd","09:17:11",900
19.5,-0.4,100,"sd","09:17:11",700
19.9,0,100,"bu","09:16:58",600
19.9,0,100,"sd","09:16:03",500
19.9,0,100,"sd","09:16:03",400
19.9,0,300,"sd","09:15:01",300
