"price","change","match_qtty","side","time","total_vol"
26400,0,5000,"bu","14:59:12",180700
26400,0,3000,"bu","14:55:41",175700
26300,-100,100,"bu","14:49:04",172700
26100,-300,3400,"sd","14:48:32",172600
26300,-100,100,"bu","14:48:01",169200
26100,-300,800,"sd","14:47:47",169100
26200,-200,5000,"unknown","14:34:37",168300
26300,-100,200,"bu","14:33:11",163300
26200,-200,500,"sd","14:33:09",163100
26300,-100,100,"bu","14:31:14",162600
26300,-100,200,"bu","14:23:46",162500
26300,-100,200,"bu","14:23:22",162300
26200,-200,100,"sd","14:20:01",162100
26200,-200,3100,"bu","14:19:38",162000
26200,-200,2000,"bu","14:18:15",158900
26300,-100,2100,"bu","14:09:19",156900
26300,-100,200,"bu","14:05:59",154800
26300,-100,100,"bu","13:57:19",154600
26200,-200,3000,"bu","13:56:29",154500
26100,-300,500,"sd","13:51:10",151500
26100,-300,100,"bu","13:51:03",151000
26100,-300,1000,"bu","13:50:42",150900
26100,-300,100,"bu","13:50:23",149900
26100,-300,100,"bu","13:50:12",149800
26100,-300,400,"bu","13:39:04",149700
26100,-300,400,"sd","13:36:41",149300
26100,-300,3000,"sd","13:35:48",148900
26200,-200,1000,"bu","13:28:24",145900
26200,-200,100,"bu","13:28:12",144900
26200,-200,400,"bu","13:27:20",144800
26100,-300,1500,"sd","13:18:36",144400
26100,-300,1300,"bu","13:17:09",142900
26100,-300,100,"bu","13:13:35",141600
26100,-300,500,"bu","13:13:33",141500
26100,-300,100,"bu","13:11:03",141000
26100,-300,1000,"sd","13:03:38",140900
26100,-300,100,"sd","13:03:18",139900
26200,-200,11000,"bu","13:00:04",139800
26000,-400,200,"sd","13:00:03",128800
26200,-200,600,"bu","11:22:32",128600
26200,-200,200,"bu","11:19:09",128000
26200,-200,100,"bu","11:18:30",127800
26200,-200,200,"bu","11:15:24",127700
26000,-400,2000,"sd","11:14:55",127500
26200,-200,500,"bu","11:13:41",125500
26200,-200,200,"bu","11:04:49",125000
26000,-400,1000,"sd","11:04:24",124800
26200,-200,200,"bu","10:59:37",123800
26000,-400,1000,"unknown","10:59:05",123600
26200,-200,400,"bu","10:58:26",122600
26200,-200,1000,"bu","10:57:52",122200
26000,-400,8000,"sd","10:57:39",121200
26200,-200,300,"bu","10:46:24",113200
26200,-200,300,"bu","10:45:49",112900
26200,-200,200,"bu","10:39:34",112600
26000,-400,100,"sd","10:34:23",112400
26000,-400,100,"sd","10:34:21",112300
26200,-200,200,"bu","10:32:35",112200
26000,-400,4500,"sd","10:32:23",112000
26200,-200,200,"bu","10:32:07",107500
26200,-200,200,"bu","10:30:52",107300
26000,-400,500,"unknown","10:29:48",107100
25900,-500,7100,"sd","10:28:29",106600
26000,-400,2900,"sd","10:27:23",99500
26100,-300,200,"bu","10:25:29",96600
26100,-300,100,"bu","10:23:36",96400
26200,-200,300,"bu","10:20:17",96300
26200,-200,100,"bu","10:18:23",96000
26200,-200,500,"bu","10:17:20",95900
26000,-400,6000,"sd","10:17:08",95400
26200,-200,300,"bu","10:15:58",89400
26000,-400,5000,"sd","10:15:45",89100
26100,-300,1200,"sd","10:14:46",84100
26000,-400,800,"sd","10:14:43",82900
26100,-300,100,"bu","10:11:54",82100
26000,-400,1200,"sd","10:10:55",82000
26000,-400,700,"bu","10:08:41",80800
26000,-400,100,"bu","10:08:23",80100
25900,-500,200,"sd","10:06:12",80000
25900,-500,2300,"sd","10:01:57",79800
26000,-400,100,"bu","09:58:51",77500
26000,-400,100,"bu","09:57:27",77400
26000,-400,200,"sd","09:57:08",77300
26000,-400,4000,"sd","09:56:59",77100
26000,-400,100,"bu","09:56:42",73100
26000,-400,900,"sd","09:56:25",73000
26000,-400,5000,"sd","09:55:49",72100
26200,-200,100,"bu","09:54:07",67100
26200,-200,200,"bu","09:52:19",67000
26000,-400,7000,"sd","09:52:10",66800
26300,-100,200,"bu","09:48:09",59800
26100,-300,3000,"unknown","09:48:00",59600
26000,-400,5000,"sd","09:47:20",56600
26400,0,100,"bu","09:45:59",51600
26000,-400,100,"unknown","09:41:46",51500
26000,-400,500,"bu","09:41:43",51400
26000,-400,4400,"sd","09:40:32",50900
26000,-400,1800,"sd","09:36:48",46500
26000,-400,1700,"bu","09:36:38",44700
26000,-400,200,"unknown","09:34:13",43000
26000,-400,200,"unknown","09:33:19",42800
26000,-400,1000,"bu","09:33:17",42600
26000,-400,3000,"bu","09:33:06",41600
26000,-400,100,"bu","09:32:33",38600
26000,-400,1500,"bu","09:32:29",38500
26000,-400,100,"bu","09:32:18",37000
26000,-400,24100,"bu","09:32:06",36900
26400,0,100,"bu","09:28:07",12800
26400,0,1400,"sd","09:24:35",12700
26400,0,600,"bu","09:24:02",11300
26400,0,200,"bu","09:21:33",10700
26400,0,800,"sd","09:19:28",10500
26500,100,3700,"bu","09:11:28",9700
26500,100,100,"bu","09:10:37",6000
26500,100,2400,"bu","09:08:23",5900
26500,100,2000,"bu","09:07:35",3500
26400,0,1500,"bu","09:02:05",1500
