"price","change","match_qtty","side","time","total_vol"
6600,80,1000,"bu","14:44:59",40600
6600,80,400,"bu","14:26:39",39600
6600,80,400,"bu","14:26:39",39200
6590,70,100,"bu","14:26:39",38800
6590,70,1000,"bu","14:26:39",38700
6550,30,400,"bu","14:26:39",37700
6550,30,3000,"bu","14:26:24",37300
6550,30,400,"sd","14:24:41",34300
6550,30,1200,"sd","14:24:41",33900
6540,20,300,"bu","14:17:43",32700
6540,20,200,"sd","14:16:31",32400
6540,20,500,"sd","14:16:31",32200
6540,20,2000,"sd","14:15:57",31700
6540,20,500,"sd","14:10:20",29700
6540,20,3000,"sd","14:10:20",29200
6540,20,100,"sd","14:10:20",26200
6540,20,400,"sd","14:10:20",26100
6560,40,500,"sd","14:10:20",25700
6580,60,100,"bu","14:05:38",25200
6580,60,200,"bu","14:05:38",25100
6560,40,100,"bu","14:03:31",24900
6560,40,100,"bu","14:02:34",24800
6540,20,100,"bu","14:02:08",24700
6540,20,900,"bu","13:59:48",24600
6540,20,100,"bu","13:59:48",23700
6550,30,100,"bu","13:54:11",23600
6550,30,200,"bu","13:49:49",23500
6550,30,100,"bu","13:38:01",23300
6530,10,200,"sd","13:34:16",23200
6530,10,200,"sd","13:28:26",23000
6530,10,600,"bu","13:28:20",22800
6520,0,900,"sd","13:27:51",22200
6520,0,1100,"sd","13:27:51",21300
6520,0,100,"sd","13:19:26",20200
6520,0,100,"sd","13:19:05",20100
6530,10,1000,"bu","13:12:42",20000
6530,10,200,"bu","13:10:22",19000
6530,10,2200,"bu","13:09:55",18800
6530,10,800,"bu","13:09:22",16600
6530,10,200,"sd","13:06:19",15800
6530,10,100,"sd","13:01:54",15600
6530,10,200,"sd","11:27:56",15500
6530,10,4800,"sd","11:14:55",15300
6530,10,200,"sd","11:14:55",10500
6530,10,1800,"sd","11:12:14",10300
6530,10,200,"sd","11:12:14",8500
6580,60,100,"bu","11:08:20",8300
6530,10,300,"sd","10:54:50",8200
6530,10,100,"sd","10:54:50",7900
6540,20,500,"sd","10:53:52",7800
6540,20,500,"sd","10:46:21",7300
6600,80,600,"bu","10:31:29",6800
6600,80,200,"bu","10:31:29",6200
6590,70,1000,"bu","10:31:29",6000
6590,70,100,"bu","10:31:29",5000
6580,60,1000,"bu","10:31:29",4900
6570,50,100,"bu","10:31:29",3900
6550,30,500,"sd","10:05:29",3800
6550,30,100,"bu","10:02:25",3300
6520,0,200,"sd","09:49:21",3200
6500,-20,500,"sd","09:35:17",3000
6500,-20,400,"sd","09:33:45",2500
6500,-20,900,"sd","09:30:22",2100
6500,-20,500,"sd","09:30:22",1200
6500,-20,500,"sd","09:30:17",700
6500,-20,200,"bu","09:15:35",200
