"price","change","match_qtty","side","time","total_vol"
17750,400,6000,"unknown","14:44:59",274600
17800,450,100,"bu","14:29:35",268600
17800,450,400,"bu","14:29:35",268500
17800,450,100,"sd","14:29:16",268100
17800,450,800,"sd","14:29:00",268000
17800,450,100,"bu","14:28:46",267200
17800,450,100,"sd","14:28:44",267100
17850,500,200,"bu","14:28:16",267000
17800,450,100,"bu","14:28:16",266800
17800,450,200,"bu","14:28:16",266700
17800,450,200,"bu","14:28:15",266500
17800,450,200,"bu","14:28:11",266300
17800,450,3200,"sd","14:28:09",266100
17800,450,300,"sd","14:28:01",262900
17800,450,500,"sd","14:27:50",262600
17800,450,1000,"bu","14:27:46",262100
17800,450,2000,"sd","14:27:45",261100
17800,450,800,"sd","14:27:45",259100
17800,450,100,"sd","14:27:39",258300
17800,450,900,"bu","14:27:21",258200
17800,450,100,"bu","14:27:15",257300
17800,450,400,"bu","14:27:15",257200
17800,450,100,"sd","14:26:59",256800
17800,450,100,"bu","14:26:41",256700
17800,450,100,"bu","14:26:41",256600
17750,400,200,"bu","14:26:07",256500
17750,400,300,"bu","14:26:07",256300
17750,400,100,"sd","14:25:28",256000
17750,400,100,"sd","14:25:28",255900
17850,500,200,"bu","14:25:13",255800
17850,500,1400,"bu","14:25:07",255600
17850,500,1400,"bu","14:25:00",254200
17850,500,800,"bu","14:24:48",252800
17850,500,1800,"bu","14:24:01",252000
17800,450,100,"bu","14:23:54",250200
17800,450,100,"bu","14:23:54",250100
17800,450,400,"bu","14:23:54",250000
17800,450,400,"bu","14:23:54",249600
17800,450,2000,"bu","14:23:54",249200
17800,450,1000,"bu","14:23:44",247200
17800,450,400,"bu","14:23:44",246200
17800,450,300,"bu","14:23:34",245800
17800,450,200,"bu","14:23:34",245500
17800,450,500,"bu","14:23:34",245300
17750,400,100,"sd","14:23:21",244800
17750,400,100,"sd","14:23:14",244700
17750,400,100,"sd","14:22:57",244600
17750,400,100,"sd","14:22:43",244500
17750,400,1000,"bu","14:22:32",244400
17750,400,100,"bu","14:22:32",243400
17750,400,3000,"bu","14:22:32",243300
17700,350,300,"sd","14:22:32",240300
17700,350,300,"sd","14:22:25",240000
17700,350,100,"bu","14:22:25",239700
17700,350,500,"bu","14:22:25",239600
17700,350,400,"sd","14:21:43",239100
17700,350,3600,"sd","14:21:43",238700
17700,350,500,"sd","14:21:43",235100
17700,350,900,"sd","14:21:39",234600
17700,350,300,"sd","14:21:39",233700
17700,350,800,"sd","14:21:39",233400
17700,350,2000,"sd","14:21:27",232600
17750,400,200,"bu","14:20:52",230400
17750,400,200,"bu","14:20:52",230600
17700,350,2000,"sd","14:20:48",230200
17700,350,100,"bu","14:20:41",228200
17700,350,100,"bu","14:20:41",228100
17700,350,900,"sd","14:20:37",228000
17700,350,200,"sd","14:20:37",227100
17700,350,200,"bu","14:20:23",226900
17700,350,100,"bu","14:20:23",226700
17700,350,200,"bu","14:20:23",226600
17650,300,400,"bu","14:20:23",226400
17700,350,1000,"bu","14:20:16",226000
17650,300,200,"sd","14:20:14",225000
17650,300,200,"bu","14:20:04",224800
17650,300,100,"bu","14:20:04",224600
17600,250,100,"bu","14:19:25",224500
17600,250,100,"bu","14:19:25",224400
17600,250,5100,"bu","14:19:25",224300
17500,150,100,"bu","14:19:25",219200
17500,150,100,"bu","14:19:25",219100
17500,150,1000,"bu","14:19:25",219000
17500,150,4000,"bu","14:19:15",218000
17500,150,6000,"bu","14:19:15",214000
17500,150,500,"bu","14:19:03",208000
17400,50,200,"bu","14:19:03",207500
17400,50,700,"bu","14:18:47",207300
17500,150,3500,"bu","14:18:40",206600
17450,100,500,"bu","14:18:40",203100
17400,50,100,"bu","14:18:25",202600
17400,50,100,"bu","14:18:25",202500
17300,-50,100,"sd","14:18:24",202400
17400,50,100,"bu","14:18:05",202300
17400,50,200,"bu","14:18:05",202200
17400,50,500,"bu","14:18:05",202000
17300,-50,100,"bu","14:17:10",201500
17300,-50,1600,"bu","14:17:10",201400
17300,-50,2200,"bu","14:17:10",199800
17250,-100,300,"bu","14:16:58",197600
17250,-100,100,"bu","14:16:58",197300
17200,-150,600,"bu","14:16:38",197200
17200,-150,900,"bu","14:16:23",196600
17100,-250,900,"bu","14:15:53",195700
17100,-250,500,"bu","14:15:24",194800
17100,-250,200,"bu","14:15:11",194300
17050,-300,1500,"bu","14:14:56",194100
17050,-300,5000,"bu","14:14:56",192600
17050,-300,1000,"bu","14:14:47",187600
17050,-300,200,"sd","14:14:37",186600
17050,-300,100,"sd","14:14:37",186400
17050,-300,2000,"sd","14:14:37",186300
17050,-300,200,"sd","14:14:37",184300
17100,-250,1000,"bu","14:14:34",184100
17100,-250,1200,"bu","14:14:17",183100
17100,-250,200,"bu","14:14:17",181900
17100,-250,200,"bu","14:14:17",181700
17050,-300,300,"sd","14:13:06",181500
17050,-300,300,"sd","14:12:21",181200
17050,-300,100,"sd","14:12:21",180900
17050,-300,500,"sd","14:12:21",180800
17050,-300,500,"sd","14:12:20",180300
17050,-300,1000,"sd","14:11:22",179800
17050,-300,100,"sd","14:11:00",178800
17050,-300,3000,"sd","14:10:39",178700
17100,-250,300,"sd","14:08:21",175700
17100,-250,200,"sd","14:08:15",175400
17100,-250,200,"sd","14:08:15",175200
17100,-250,100,"bu","14:08:14",175000
17100,-250,200,"bu","14:08:14",174900
17100,-250,300,"bu","14:07:41",174700
17100,-250,700,"bu","14:07:41",174400
17100,-250,300,"bu","14:07:29",173700
17050,-300,300,"sd","14:07:19",173400
17100,-250,100,"bu","14:06:19",173100
17100,-250,1000,"bu","14:05:57",173000
17050,-300,300,"sd","14:05:37",172000
17100,-250,1900,"bu","14:05:15",171700
17100,-250,1100,"bu","14:05:15",169800
17100,-250,300,"bu","14:05:13",168700
17100,-250,3200,"bu","14:05:10",168400
17100,-250,400,"bu","14:04:29",165200
17050,-300,2000,"bu","14:04:00",164800
17050,-300,2000,"bu","14:04:00",162800
17050,-300,200,"bu","14:04:00",160800
17050,-300,100,"bu","14:04:00",160600
17000,-350,100,"bu","14:03:05",160500
17000,-350,2500,"bu","14:02:55",160400
17000,-350,300,"bu","14:02:38",157900
17000,-350,100,"sd","14:02:37",157600
17000,-350,500,"bu","14:02:02",157500
17000,-350,200,"bu","14:01:52",157000
17000,-350,200,"bu","14:01:50",156800
17000,-350,1600,"bu","14:01:37",156600
17000,-350,100,"bu","14:01:37",155000
17000,-350,300,"bu","14:01:37",154900
17000,-350,100,"bu","14:01:07",154600
17000,-350,500,"bu","14:01:01",154500
17000,-350,500,"bu","14:00:11",154000
17000,-350,700,"bu","13:59:55",153500
17000,-350,300,"bu","13:59:55",152800
17000,-350,500,"bu","13:59:45",152500
17000,-350,100,"bu","13:59:29",152000
16900,-450,500,"sd","13:58:51",151900
16950,-400,600,"bu","13:58:45",151400
16950,-400,300,"bu","13:58:40",150800
16950,-400,100,"bu","13:58:38",150500
16950,-400,300,"bu","13:58:04",150400
16950,-400,100,"bu","13:57:44",150100
16950,-400,300,"bu","13:54:17",150000
16950,-400,1000,"bu","13:53:32",149700
16900,-450,400,"bu","13:51:39",148700
16900,-450,1000,"bu","13:51:29",148300
16900,-450,600,"sd","13:50:55",147300
16900,-450,300,"sd","13:50:12",146700
16900,-450,100,"bu","13:46:38",146400
16850,-500,400,"sd","13:41:33",146300
16900,-450,100,"sd","13:41:33",145900
16950,-400,500,"sd","13:41:09",145800
16950,-400,1200,"sd","13:41:09",145300
16950,-400,100,"sd","13:38:51",144100
16950,-400,100,"sd","13:38:49",144000
16950,-400,100,"sd","13:38:21",143900
16950,-400,500,"sd","13:37:34",143800
16950,-400,1500,"sd","13:37:34",143300
16950,-400,500,"sd","13:37:10",141800
16950,-400,1900,"sd","13:37:10",141300
16950,-400,3000,"sd","13:36:41",139400
16950,-400,100,"sd","13:31:50",136400
16950,-400,500,"sd","13:31:50",136300
16950,-400,900,"sd","13:31:50",135800
16950,-400,1400,"sd","13:30:14",134900
17000,-350,100,"bu","13:29:25",133500
17000,-350,100,"bu","13:29:25",133400
17000,-350,1000,"bu","13:29:25",133300
17000,-350,700,"bu","13:29:25",132300
17000,-350,1000,"bu","13:29:25",131600
17000,-350,100,"bu","13:29:25",130600
17000,-350,100,"bu","13:28:18",130500
16950,-400,100,"bu","13:27:53",130400
16900,-450,700,"bu","13:27:53",130300
16900,-450,100,"sd","13:27:44",129600
16900,-450,1000,"sd","13:27:44",129500
16900,-450,1500,"sd","13:27:39",128500
16900,-450,500,"sd","13:27:39",127000
16950,-400,100,"bu","13:26:42",126500
16900,-450,500,"bu","13:23:48",126400
16900,-450,300,"bu","13:23:48",125900
16900,-450,100,"bu","13:23:28",125600
16900,-450,500,"bu","13:23:08",125500
16900,-450,100,"bu","13:22:41",125000
16850,-500,100,"bu","13:22:17",124900
16850,-500,300,"sd","13:21:28",124800
16850,-500,100,"bu","13:19:54",124500
16850,-500,300,"bu","13:19:48",124400
16850,-500,1100,"sd","13:19:37",124100
16850,-500,1000,"sd","13:19:32",123000
16850,-500,2400,"bu","13:19:05",122000
16850,-500,300,"bu","13:19:00",119600
16850,-500,2000,"bu","13:18:57",119300
16850,-500,300,"bu","13:18:46",117300
16900,-450,100,"bu","13:16:31",117000
16900,-450,100,"bu","13:15:27",116900
16900,-450,100,"bu","13:12:29",116800
16900,-450,100,"bu","13:11:50",116700
16900,-450,200,"bu","13:11:26",116600
16800,-550,200,"sd","13:11:09",116400
16800,-550,100,"bu","13:10:44",116200
16800,-550,200,"bu","13:10:33",116100
16800,-550,100,"bu","13:10:00",115900
16800,-550,200,"bu","13:09:04",115800
16800,-550,300,"bu","13:08:39",115600
16800,-550,100,"sd","13:08:29",115300
16800,-550,100,"bu","13:08:05",115200
16800,-550,400,"bu","13:07:42",115100
16800,-550,500,"bu","13:07:42",114700
16800,-550,100,"bu","13:07:42",114200
16750,-600,200,"sd","13:07:40",114100
16800,-550,100,"bu","13:07:35",113900
16800,-550,100,"bu","13:05:51",113800
16750,-600,200,"sd","13:05:22",113700
16800,-550,100,"bu","13:05:22",113500
16750,-600,1000,"sd","13:03:27",113400
16750,-600,500,"sd","13:02:36",112400
16750,-600,1000,"sd","13:02:24",111900
16750,-600,700,"sd","13:00:24",110900
16800,-550,400,"bu","13:00:21",110200
16800,-550,200,"bu","13:00:19",109800
16750,-600,1200,"sd","13:00:08",109600
16750,-600,200,"sd","13:00:08",108400
16750,-600,1000,"sd","13:00:08",108200
16750,-600,200,"sd","13:00:07",107200
16750,-600,300,"sd","13:00:07",107000
16750,-600,100,"sd","13:00:07",106700
16750,-600,200,"sd","13:00:06",106600
16750,-600,800,"sd","13:00:06",106400
16800,-550,500,"bu","13:00:01",105600
16750,-600,200,"sd","13:00:00",105100
16750,-600,500,"sd","13:00:00",104900
16750,-600,300,"sd","13:00:00",104400
16800,-550,300,"bu","11:29:29",104100
16800,-550,200,"sd","11:29:10",103800
16800,-550,2000,"sd","11:29:10",103600
16800,-550,400,"sd","11:29:10",101600
16800,-550,600,"sd","11:29:05",101200
16800,-550,100,"sd","11:29:05",100600
16800,-550,800,"sd","11:29:05",100500
16850,-500,500,"sd","11:29:05",99700
16800,-550,2800,"sd","11:20:15",99200
16800,-550,1400,"sd","11:20:05",96400
16800,-550,200,"sd","11:20:05",95000
16800,-550,200,"sd","11:20:05",94800
16800,-550,200,"sd","11:20:05",94600
16800,-550,600,"sd","11:13:39",94400
16800,-550,700,"sd","11:11:34",93800
16800,-550,4500,"sd","11:11:06",93100
16800,-550,100,"sd","11:11:06",88600
16800,-550,100,"sd","11:11:06",88500
16800,-550,100,"sd","11:11:06",88400
16800,-550,100,"sd","11:11:06",88300
16800,-550,300,"sd","11:11:06",88200
16800,-550,100,"sd","11:11:06",87900
16800,-550,100,"sd","11:11:06",87800
16800,-550,1000,"sd","11:11:06",87700
16800,-550,1200,"sd","11:11:06",86700
16800,-550,5000,"sd","11:11:06",85500
16800,-550,100,"sd","11:11:06",80500
16800,-550,300,"sd","11:11:06",80400
16800,-550,500,"sd","11:11:06",80100
16800,-550,100,"sd","11:11:06",79600
16800,-550,200,"sd","11:11:06",79500
16800,-550,300,"sd","11:11:06",79300
16800,-550,500,"sd","11:11:06",79000
16800,-550,500,"sd","11:11:06",78500
16800,-550,3000,"sd","11:11:06",78000
16800,-550,100,"sd","11:11:06",75000
16800,-550,100,"sd","11:11:06",74900
16800,-550,400,"sd","11:11:06",74800
16850,-500,1300,"sd","11:11:06",74400
16850,-500,700,"bu","11:07:11",73100
16850,-500,1900,"sd","11:06:53",72400
16850,-500,500,"sd","11:06:53",70500
16850,-500,200,"sd","11:06:52",70000
16850,-500,100,"sd","11:06:52",69800
16850,-500,100,"sd","11:06:52",69700
16850,-500,1500,"sd","11:06:52",69600
16850,-500,500,"sd","11:06:01",68100
16850,-500,200,"sd","11:06:01",67600
16850,-500,100,"sd","11:06:01",67400
16850,-500,200,"sd","11:06:01",67300
16850,-500,1200,"sd","11:06:01",67100
16850,-500,3800,"sd","11:05:48",65900
16850,-500,100,"sd","11:05:48",62100
16850,-500,300,"sd","11:05:48",62000
16850,-500,300,"sd","11:05:48",61700
16850,-500,500,"sd","11:05:48",61400
16900,-450,100,"bu","11:03:52",60900
16900,-450,100,"bu","11:02:41",60800
16900,-450,200,"bu","11:02:39",60700
16900,-450,500,"sd","11:01:05",60500
16900,-450,200,"sd","11:01:05",60000
16900,-450,400,"sd","11:01:05",59800
16900,-450,1800,"sd","11:01:05",59400
16900,-450,200,"sd","10:54:48",57600
16900,-450,100,"bu","10:51:23",57400
16900,-450,300,"bu","10:51:07",57300
16900,-450,200,"bu","10:51:07",57000
16900,-450,100,"sd","10:46:05",56800
16900,-450,100,"sd","10:46:04",56700
16900,-450,100,"sd","10:46:04",56600
16900,-450,500,"sd","10:46:04",56500
16900,-450,1500,"sd","10:44:31",56000
16900,-450,600,"sd","10:44:31",54500
16900,-450,400,"sd","10:44:31",53900
16900,-450,300,"sd","10:44:31",53500
16900,-450,100,"sd","10:44:31",53200
16900,-450,100,"sd","10:44:31",53100
16900,-450,2000,"sd","10:44:31",53000
16950,-400,100,"sd","10:43:22",51000
16950,-400,1000,"sd","10:43:22",50900
16950,-400,100,"sd","10:43:22",49900
16950,-400,300,"sd","10:43:22",49800
17000,-350,200,"bu","10:39:45",49500
17000,-350,100,"bu","10:29:21",49300
17000,-350,1000,"sd","10:28:53",49200
16950,-400,200,"sd","10:25:03",48200
16950,-400,200,"sd","10:25:03",48000
16950,-400,100,"sd","10:25:03",47800
17000,-350,300,"sd","10:25:03",47700
17000,-350,1000,"sd","10:25:03",47400
17000,-350,300,"bu","10:21:13",46400
17000,-350,300,"sd","10:20:43",46100
17000,-350,200,"sd","10:20:43",45800
17000,-350,200,"sd","10:20:43",45600
17050,-300,200,"bu","10:20:26",45400
17050,-300,200,"bu","10:17:15",45200
17000,-350,100,"sd","10:12:55",45000
17050,-300,100,"bu","10:12:50",44900
17000,-350,100,"sd","10:12:29",44800
17000,-350,100,"sd","10:12:29",44700
17000,-350,2900,"sd","10:12:29",44600
17050,-300,200,"sd","10:11:31",41700
17050,-300,1700,"sd","10:11:31",41500
17050,-300,100,"bu","10:10:25",39800
17050,-300,1000,"sd","10:09:51",39700
17050,-300,100,"sd","10:09:51",38700
17050,-300,200,"sd","10:09:51",38600
17050,-300,1800,"sd","10:09:51",38400
17100,-250,1500,"bu","10:05:01",36600
17100,-250,2900,"bu","10:00:34",35100
17050,-300,3200,"sd","09:50:38",32200
17050,-300,800,"sd","09:50:38",29000
17050,-300,400,"bu","09:48:41",28200
17050,-300,300,"bu","09:48:26",27800
17050,-300,300,"bu","09:46:56",27500
17050,-300,100,"bu","09:46:56",27200
17050,-300,900,"bu","09:46:09",27100
17050,-300,100,"bu","09:46:09",26200
17000,-350,100,"bu","09:46:05",26100
17000,-350,100,"bu","09:44:00",26000
17000,-350,300,"bu","09:44:00",25900
17000,-350,1000,"bu","09:44:00",25600
17050,-300,800,"bu","09:39:22",24600
17050,-300,100,"bu","09:39:18",23800
17100,-250,500,"sd","09:30:32",23700
17100,-250,500,"bu","09:29:16",23200
17100,-250,1000,"bu","09:29:16",22700
17050,-300,1000,"bu","09:28:54",21700
17050,-300,1000,"bu","09:28:54",20700
16800,-550,600,"sd","09:23:40",19700
16800,-550,500,"sd","09:23:40",19100
16800,-550,1000,"sd","09:23:40",18600
16850,-500,200,"unknown","09:23:40",17600
16850,-500,500,"unknown","09:23:40",17400
16850,-500,500,"unknown","09:23:40",16900
16850,-500,200,"unknown","09:23:40",16400
16900,-450,1700,"unknown","09:23:40",16200
17000,-350,200,"unknown","09:23:40",14500
17000,-350,700,"unknown","09:23:40",14300
17000,-350,400,"bu","09:22:56",13600
17000,-350,500,"bu","09:22:56",13200
17000,-350,800,"bu","09:22:56",12700
17000,-350,100,"bu","09:22:55",11900
17000,-350,100,"bu","09:22:51",11800
17000,-350,1000,"bu","09:22:36",11700
16900,-450,100,"sd","09:22:18",10700
16900,-450,200,"sd","09:22:18",10600
16800,-550,500,"sd","09:20:41",10400
16800,-550,100,"sd","09:20:41",9900
16850,-500,300,"sd","09:20:41",9800
16850,-500,100,"sd","09:20:41",9500
16900,-450,100,"bu","09:20:31",9400
16900,-450,100,"bu","09:20:27",9300
16900,-450,100,"bu","09:20:15",9200
16850,-500,200,"sd","09:19:30",9100
16850,-500,500,"sd","09:19:30",8900
16850,-500,1000,"sd","09:19:30",8400
16850,-500,100,"sd","09:19:30",7400
16900,-450,100,"bu","09:19:27",7300
16900,-450,100,"bu","09:19:12",7200
16900,-450,300,"sd","09:19:03",7100
16900,-450,900,"unknown","09:18:32",6800
16900,-450,100,"bu","09:18:17",5900
16900,-450,1000,"bu","09:18:16",5800
16900,-450,3000,"sd","09:17:51",4800
16850,-500,100,"sd","09:16:46",1800
16850,-500,300,"sd","09:16:46",1700
16850,-500,100,"sd","09:16:46",1400
16850,-500,1300,"sd","09:15:00",1300
