"price","change","match_qtty","side","time","total_vol"
3.5,0.1,200,"bu","14:45:01",464500
3.5,0.1,100,"bu","14:26:56",464300
3.4,0,500,"sd","14:21:18",464200
3.5,0.1,500,"bu","14:17:00",463700
3.5,0.1,500,"bu","14:16:19",463200
3.5,0.1,100,"bu","14:13:34",462700
3.4,0,1000,"sd","14:12:36",462600
3.4,0,40000,"sd","13:57:11",461600
3.4,0,200,"sd","13:52:29",421600
3.4,0,10000,"sd","13:50:52",421400
3.4,0,3400,"sd","13:45:33",411400
3.5,0.1,100,"bu","13:42:58",408000
3.5,0.1,400,"bu","13:42:35",407900
3.5,0.1,300,"bu","13:39:30",407500
3.5,0.1,900,"bu","13:38:41",407200
3.5,0.1,1100,"bu","13:37:52",406300
3.5,0.1,100,"bu","13:35:44",405200
3.5,0.1,10000,"bu","13:35:29",405100
3.5,0.1,1200,"bu","13:34:42",395100
3.4,0,1500,"sd","13:30:31",393900
3.5,0.1,200,"bu","13:30:26",392400
3.5,0.1,10000,"bu","13:29:37",392200
3.5,0.1,10000,"bu","13:24:17",382200
3.5,0.1,300,"bu","13:16:19",372200
3.4,0,1000,"sd","13:14:09",371900
3.4,0,3500,"sd","13:11:20",370900
3.4,0,500,"sd","13:09:26",367400
3.5,0.1,2000,"bu","13:00:04",366900
3.4,0,400,"sd","13:00:03",364900
3.5,0.1,3000,"bu","11:26:38",364500
3.5,0.1,100,"bu","11:25:29",361500
3.5,0.1,200,"bu","11:19:40",361400
3.5,0.1,500,"bu","11:05:12",361200
3.5,0.1,500,"sd","11:04:13",360700
3.5,0.1,29000,"sd","11:03:17",360200
3.5,0.1,1000,"bu","11:03:12",331200
3.5,0.1,1000,"bu","11:01:40",330200
3.5,0.1,1000,"bu","11:00:45",329200
3.5,0.1,100,"bu","10:59:20",328200
3.5,0.1,1000,"bu","10:59:03",328100
3.5,0.1,400,"bu","10:56:52",327100
3.5,0.1,2000,"bu","10:51:15",326700
3.5,0.1,200,"bu","10:49:49",324700
3.5,0.1,300,"bu","10:49:27",324500
3.5,0.1,1000,"bu","10:45:32",324200
3.5,0.1,200,"bu","10:44:09",323200
3.5,0.1,300,"bu","10:43:37",323000
3.5,0.1,400,"bu","10:43:22",322700
3.5,0.1,100,"bu","10:42:07",322300
3.5,0.1,500,"bu","10:41:35",322200
3.5,0.1,100,"bu","10:40:54",321700
3.5,0.1,10000,"bu","10:38:58",321600
3.5,0.1,300,"bu","10:34:47",311600
3.5,0.1,3000,"bu","10:34:37",311300
3.5,0.1,200,"bu","10:33:38",308300
3.5,0.1,2000,"bu","10:18:31",308100
3.5,0.1,6900,"bu","10:14:51",306100
3.5,0.1,800,"sd","10:13:11",299200
3.5,0.1,200,"sd","10:09:32",298400
3.5,0.1,1000,"sd","10:09:13",298200
3.5,0.1,3200,"sd","10:08:11",297200
3.5,0.1,6300,"sd","10:08:01",294000
3.5,0.1,400,"sd","10:04:57",287700
3.5,0.1,30000,"sd","10:02:59",287300
3.5,0.1,8700,"sd","10:02:43",257300
3.5,0.1,1000,"sd","10:00:04",248600
3.5,0.1,100,"sd","09:53:29",247600
3.5,0.1,1000,"sd","09:51:44",247500
3.5,0.1,400,"sd","09:51:02",246500
3.5,0.1,300,"sd","09:50:21",246100
3.6,0.2,100,"bu","09:48:40",245800
3.5,0.1,800,"sd","09:44:18",245700
3.5,0.1,1000,"sd","09:43:20",244900
3.5,0.1,1000,"sd","09:43:07",243900
3.5,0.1,2000,"sd","09:41:04",242900
3.5,0.1,1500,"sd","09:40:13",240900
3.5,0.1,400,"sd","09:39:47",239400
3.5,0.1,200,"sd","09:39:22",239000
3.5,0.1,8800,"sd","09:39:09",238800
3.5,0.1,200,"bu","09:38:54",230000
3.5,0.1,9600,"bu","09:34:06",229800
3.5,0.1,5000,"sd","09:30:00",220200
3.5,0.1,900,"sd","09:29:38",215200
3.5,0.1,30000,"sd","09:29:13",214300
3.5,0.1,4300,"sd","09:28:22",184300
3.5,0.1,31400,"sd","09:28:08",180000
3.5,0.1,47000,"sd","09:27:46",148600
3.5,0.1,1000,"sd","09:26:59",101600
3.5,0.1,700,"sd","09:26:22",100600
3.6,0.2,100,"bu","09:26:17",99900
3.5,0.1,100,"sd","09:25:37",99800
3.6,0.2,100,"bu","09:22:46",99700
3.5,0.1,300,"sd","09:19:04",99600
3.5,0.1,500,"sd","09:19:00",99300
3.5,0.1,200,"sd","09:18:39",98800
3.5,0.1,1000,"sd","09:17:21",98600
3.5,0.1,46800,"sd","09:16:54",97600
3.5,0.1,50000,"bu","09:16:40",50800
3.5,0.1,400,"bu","09:09:26",800
3.5,0.1,400,"bu","09:07:32",400
