"price","change","match_qtty","side","time","total_vol"
28000,200,86800,"unknown","14:44:59",2860900
27950,150,600,"sd","14:29:37",2774100
27950,150,200,"sd","14:29:37",2773500
27950,150,1000,"sd","14:29:37",2773300
27950,150,1200,"sd","14:29:37",2772300
27950,150,800,"sd","14:29:25",2771100
27950,150,100,"sd","14:29:25",2770300
27950,150,1100,"sd","14:29:25",2770200
28000,200,700,"bu","14:29:23",2769100
28000,200,1900,"bu","14:29:23",2768400
27950,150,400,"sd","14:29:00",2766500
27950,150,300,"sd","14:28:56",2766100
27950,150,200,"sd","14:28:52",2765800
27950,150,100,"sd","14:28:52",2765600
27950,150,300,"sd","14:28:47",2765500
27950,150,400,"sd","14:28:44",2765200
27950,150,300,"sd","14:28:43",2764800
27950,150,300,"sd","14:28:39",2764500
27950,150,400,"sd","14:28:35",2764200
28000,200,100,"bu","14:28:34",2763800
27950,150,200,"sd","14:28:31",2763700
27950,150,100,"sd","14:28:31",2763500
27950,150,300,"sd","14:28:27",2763400
27950,150,100,"sd","14:28:22",2763100
27950,150,300,"sd","14:28:22",2763000
27950,150,300,"sd","14:28:18",2762700
27950,150,300,"sd","14:28:14",2762400
27950,150,400,"sd","14:28:10",2762100
27950,150,300,"sd","14:28:06",2761700
27950,150,300,"sd","14:28:02",2761400
27950,150,100,"sd","14:27:57",2761100
27950,150,200,"sd","14:27:57",2761000
27950,150,100,"sd","14:27:57",2760800
27950,150,300,"sd","14:27:53",2760700
27950,150,300,"sd","14:27:52",2760400
27950,150,400,"sd","14:27:45",2760100
27950,150,300,"sd","14:27:41",2759700
27950,150,300,"sd","14:27:37",2759400
27950,150,400,"sd","14:27:32",2759100
28000,200,3000,"bu","14:27:31",2758700
28000,200,200,"bu","14:27:31",2755700
28000,200,1000,"bu","14:27:31",2755500
28000,200,800,"bu","14:27:31",2754500
27950,150,300,"sd","14:27:28",2753700
27950,150,300,"sd","14:27:24",2753400
27950,150,400,"sd","14:27:20",2753100
27950,150,300,"sd","14:27:16",2752700
28000,200,1200,"bu","14:27:16",2752400
28000,200,100,"bu","14:27:16",2751200
28000,200,200,"bu","14:27:16",2751100
28000,200,200,"bu","14:27:16",2750900
28000,200,300,"bu","14:27:16",2750700
28000,200,1000,"bu","14:27:16",2750400
27950,150,300,"sd","14:27:12",2749400
27950,150,400,"sd","14:27:07",2749100
27950,150,1000,"sd","14:27:05",2748700
27950,150,300,"sd","14:27:03",2747700
27950,150,400,"sd","14:26:59",2747400
27950,150,300,"sd","14:26:55",2747000
27950,150,300,"sd","14:26:51",2746700
27950,150,400,"sd","14:26:49",2746400
27950,150,300,"sd","14:26:42",2746000
27950,150,300,"sd","14:26:40",2745700
27950,150,400,"sd","14:26:34",2745400
27950,150,300,"sd","14:26:31",2745000
27950,150,300,"sd","14:26:29",2744700
27950,150,400,"sd","14:26:22",2744400
27950,150,300,"sd","14:26:18",2744000
28000,200,100,"bu","14:26:15",2743700
27950,150,300,"sd","14:26:13",2743600
27950,150,400,"sd","14:26:09",2743300
27950,150,200,"sd","14:26:05",2742900
27950,150,100,"sd","14:26:05",2742700
27950,150,300,"sd","14:26:01",2742600
27950,150,100,"sd","14:25:57",2742300
27950,150,300,"sd","14:25:57",2742200
27950,150,200,"sd","14:25:52",2741900
27950,150,100,"sd","14:25:52",2741700
27950,150,300,"sd","14:25:48",2741600
27950,150,300,"sd","14:25:46",2741300
27950,150,200,"sd","14:25:46",2741000
27950,150,400,"sd","14:25:44",2740800
28000,200,10000,"bu","14:25:41",2740400
27950,150,300,"sd","14:25:40",2730400
27950,150,100,"sd","14:25:36",2730100
27950,150,200,"sd","14:25:36",2730000
27950,150,400,"sd","14:25:32",2729800
28000,200,12000,"bu","14:25:30",2729400
27950,150,100,"sd","14:25:30",2717400
27950,150,300,"sd","14:25:27",2717300
27950,150,300,"sd","14:25:23",2717000
27950,150,400,"sd","14:25:19",2716700
27950,150,300,"sd","14:25:15",2716300
28000,200,500,"bu","14:25:15",2716000
27950,150,300,"sd","14:25:11",2715500
27950,150,400,"sd","14:25:07",2715200
27950,150,300,"sd","14:25:02",2714800
28000,200,5000,"bu","14:25:00",2714500
28000,200,5000,"bu","14:24:59",2709500
27950,150,300,"sd","14:24:58",2704500
27950,150,400,"sd","14:24:54",2704200
28000,200,200,"bu","14:24:50",2703800
27950,150,300,"sd","14:24:50",2703600
27950,150,300,"sd","14:24:48",2703300
28000,200,500,"bu","14:24:46",2703000
28000,200,100,"bu","14:24:43",2702500
27950,150,400,"sd","14:24:43",2702400
28000,200,10000,"bu","14:24:40",2702000
27950,150,300,"sd","14:24:37",2692000
28000,200,100,"bu","14:24:34",2691700
27950,150,300,"sd","14:24:33",2691600
27950,150,400,"sd","14:24:29",2691300
27950,150,300,"sd","14:24:29",2690900
28000,200,100,"bu","14:24:28",2690600
27950,150,300,"sd","14:24:25",2690500
28000,200,5000,"bu","14:24:22",2690200
27950,150,300,"sd","14:24:21",2685200
27950,150,400,"sd","14:24:17",2684900
27950,150,300,"sd","14:24:13",2684500
27950,150,300,"sd","14:24:08",2684200
27950,150,1800,"sd","14:24:06",2683900
27950,150,400,"sd","14:24:04",2682100
27950,150,200,"sd","14:24:00",2681700
27950,150,100,"sd","14:24:00",2681500
27950,150,300,"sd","14:23:56",2681400
28000,200,500,"bu","14:23:54",2681100
27950,150,400,"sd","14:23:52",2680600
28000,200,300,"bu","14:23:50",2680200
27950,150,300,"sd","14:23:47",2679900
27950,150,300,"sd","14:23:43",2679600
28000,200,100,"bu","14:23:42",2679300
27950,150,400,"sd","14:23:39",2679200
28000,200,200,"bu","14:23:35",2678800
27950,150,200,"sd","14:23:35",2678600
27950,150,100,"sd","14:23:35",2678400
27950,150,300,"sd","14:23:31",2678300
28000,200,600,"bu","14:23:30",2678000
27950,150,400,"sd","14:23:27",2677400
28000,200,1000,"bu","14:23:27",2677000
27950,150,100,"sd","14:23:25",2676000
28000,200,8000,"bu","14:23:24",2675900
27950,150,300,"sd","14:23:22",2667900
27950,150,300,"sd","14:23:18",2667600
27950,150,400,"sd","14:23:14",2667300
27950,150,100,"sd","14:23:13",2666900
27950,150,100,"sd","14:23:11",2666800
27950,150,200,"sd","14:23:11",2666700
27950,150,300,"sd","14:23:06",2666500
28000,200,1000,"bu","14:23:05",2666200
27950,150,400,"sd","14:23:02",2665200
27950,150,300,"sd","14:22:57",2664800
27950,150,400,"sd","14:22:53",2664500
27950,150,300,"sd","14:22:49",2664100
27950,150,300,"sd","14:22:45",2663800
27950,150,400,"sd","14:22:41",2663500
28000,200,2600,"bu","14:22:37",2663100
27950,150,300,"sd","14:22:37",2660500
27950,150,300,"sd","14:22:32",2660200
27950,150,400,"sd","14:22:28",2659900
27950,150,300,"sd","14:22:24",2659500
27950,150,300,"sd","14:22:20",2659200
28000,200,100,"bu","14:22:18",2658900
28000,200,2600,"bu","14:22:16",2658800
27950,150,400,"sd","14:22:16",2656200
27950,150,300,"sd","14:22:12",2655800
28000,200,2100,"bu","14:22:09",2655500
27950,150,300,"sd","14:22:07",2653400
28000,200,3900,"bu","14:22:05",2653100
28000,200,2500,"bu","14:22:03",2649200
27950,150,400,"sd","14:22:03",2646700
28000,200,2600,"bu","14:22:01",2646300
27950,150,300,"sd","14:21:59",2643700
27950,150,900,"sd","14:21:58",2643400
27950,150,300,"sd","14:21:55",2642500
28000,200,3900,"bu","14:21:54",2642200
28000,200,2800,"bu","14:21:53",2638300
27950,150,400,"sd","14:21:51",2635500
27950,150,300,"sd","14:21:47",2635100
27950,150,300,"sd","14:21:42",2634800
28000,200,1000,"bu","14:21:41",2634500
28000,200,100,"sd","14:21:41",2633500
28000,200,300,"sd","14:21:41",2633400
28000,200,100,"sd","14:21:41",2633100
28000,200,1000,"sd","14:21:41",2633000
28000,200,3900,"sd","14:21:41",2632000
28000,200,2600,"sd","14:21:41",2628100
28000,200,1500,"sd","14:21:41",2625500
28000,200,2600,"sd","14:21:41",2624000
28000,200,2500,"sd","14:21:41",2621400
28000,200,400,"sd","14:21:38",2618900
28000,200,1000,"sd","14:21:36",2618500
28000,200,100,"sd","14:21:36",2617500
28000,200,100,"sd","14:21:36",2617400
28000,200,100,"sd","14:21:36",2617300
28000,200,600,"sd","14:21:36",2617200
28000,200,100,"sd","14:21:36",2616600
28000,200,300,"sd","14:21:34",2616500
28000,200,1300,"sd","14:21:32",2616200
28000,200,3900,"sd","14:21:32",2614900
28000,200,2600,"sd","14:21:32",2611000
28000,200,200,"sd","14:21:32",2608400
28000,200,300,"sd","14:21:30",2608200
28000,200,400,"sd","14:21:26",2607900
28050,250,100,"bu","14:21:26",2607500
28050,250,500,"bu","14:21:26",2607400
28000,200,100,"sd","14:21:22",2606900
28000,200,200,"sd","14:21:22",2606800
28000,200,300,"sd","14:21:17",2606600
28000,200,400,"sd","14:21:13",2606300
28000,200,100,"sd","14:21:09",2605900
28000,200,200,"sd","14:21:09",2605800
28000,200,300,"sd","14:21:05",2605600
28000,200,300,"sd","14:21:01",2605300
28000,200,100,"sd","14:21:01",2605000
28000,200,200,"sd","14:20:57",2604900
28000,200,100,"sd","14:20:57",2604700
28000,200,5000,"sd","14:20:57",2604600
28000,200,200,"sd","14:20:57",2599600
28000,200,100,"sd","14:20:57",2599400
28000,200,400,"sd","14:20:57",2599300
28000,200,300,"sd","14:20:57",2598900
28000,200,300,"sd","14:20:52",2598600
28000,200,300,"sd","14:20:50",2598300
28000,200,400,"sd","14:20:48",2598000
28000,200,300,"sd","14:20:44",2597600
28000,200,300,"sd","14:20:40",2597300
28000,200,400,"sd","14:20:36",2597000
28000,200,300,"sd","14:20:32",2596600
28000,200,100,"sd","14:20:31",2596300
28000,200,300,"sd","14:20:27",2596200
28000,200,200,"sd","14:20:24",2595900
28000,200,400,"sd","14:20:23",2595700
28000,200,300,"sd","14:20:19",2595300
28000,200,300,"sd","14:20:15",2595000
28000,200,200,"sd","14:20:14",2594700
28000,200,200,"sd","14:20:11",2594500
28000,200,200,"sd","14:20:11",2594300
28000,200,300,"sd","14:20:07",2594100
28000,200,4500,"sd","14:20:07",2593800
28000,200,100,"sd","14:20:07",2589300
28000,200,500,"sd","14:20:07",2589200
28000,200,100,"sd","14:20:07",2588700
28000,200,200,"sd","14:20:07",2588600
28000,200,3000,"sd","14:20:07",2588400
28000,200,300,"sd","14:20:07",2585400
28000,200,1000,"sd","14:20:07",2585100
28000,200,300,"sd","14:20:07",2584100
28000,200,200,"sd","14:20:06",2583800
28000,200,300,"sd","14:20:02",2583600
28000,200,400,"sd","14:19:58",2583300
28000,200,300,"sd","14:19:54",2582900
28000,200,300,"sd","14:19:50",2582600
28000,200,400,"sd","14:19:47",2582300
28000,200,300,"sd","14:19:42",2581900
28000,200,4000,"sd","14:19:38",2581600
28000,200,300,"sd","14:19:37",2577600
28000,200,400,"sd","14:19:33",2577300
28000,200,300,"sd","14:19:29",2576900
28000,200,300,"sd","14:19:25",2576600
28000,200,400,"sd","14:19:21",2576300
28000,200,300,"sd","14:19:17",2575900
28000,200,300,"sd","14:19:12",2575600
28000,200,400,"sd","14:19:08",2575300
28000,200,300,"sd","14:19:06",2574900
28000,200,100,"sd","14:19:00",2574600
28000,200,300,"sd","14:19:00",2574500
28000,200,400,"sd","14:18:56",2574200
28000,200,200,"sd","14:18:55",2573800
28000,200,300,"sd","14:18:52",2573600
28000,200,400,"sd","14:18:47",2573300
28000,200,300,"sd","14:18:43",2572900
28000,200,300,"sd","14:18:42",2572600
28000,200,300,"sd","14:18:39",2572300
28000,200,400,"sd","14:18:35",2572000
28000,200,300,"sd","14:18:31",2571600
28000,200,1000,"sd","14:18:28",2571300
28000,200,300,"sd","14:18:27",2570300
28050,250,100,"bu","14:18:25",2570000
28000,200,400,"sd","14:18:22",2569900
28000,200,300,"sd","14:18:18",2569500
28000,200,300,"sd","14:18:14",2569200
28000,200,400,"sd","14:18:10",2568900
28000,200,300,"sd","14:18:06",2568500
28000,200,300,"sd","14:18:02",2568200
28050,250,2100,"bu","14:18:00",2567900
28050,250,200,"bu","14:18:00",2565800
28050,250,400,"bu","14:18:00",2565600
28050,250,1000,"bu","14:18:00",2565200
28050,250,200,"bu","14:18:00",2564200
28000,200,400,"sd","14:17:57",2564000
28000,200,300,"sd","14:17:53",2563600
28000,200,300,"sd","14:17:49",2563300
28000,200,400,"sd","14:17:45",2563000
28000,200,300,"sd","14:17:41",2562600
28000,200,300,"sd","14:17:37",2562300
28000,200,1900,"sd","14:17:36",2562000
28000,200,1000,"sd","14:17:36",2560100
28000,200,500,"sd","14:17:36",2559100
28000,200,700,"sd","14:17:35",2558600
28000,200,400,"sd","14:17:32",2557900
28000,200,300,"sd","14:17:28",2557500
28000,200,300,"sd","14:17:24",2557200
28000,200,400,"sd","14:17:20",2556900
28000,200,300,"sd","14:17:16",2556500
28000,200,600,"sd","14:17:15",2556200
28000,200,200,"sd","14:17:15",2555600
28000,200,200,"sd","14:17:15",2555400
28000,200,300,"sd","14:17:13",2555200
28000,200,1700,"sd","14:17:13",2554900
28000,200,300,"sd","14:17:12",2553200
28000,200,400,"sd","14:17:07",2552900
28000,200,300,"sd","14:17:03",2552500
28000,200,300,"sd","14:16:59",2552200
28000,200,400,"sd","14:16:55",2551900
28000,200,400,"sd","14:16:51",2551500
28000,200,100,"sd","14:16:47",2551100
28000,200,100,"sd","14:16:42",2551000
28000,200,100,"sd","14:16:38",2550900
28000,200,100,"sd","14:16:34",2550800
28050,250,800,"bu","14:16:15",2550700
28000,200,100,"sd","14:16:12",2549900
28050,250,1000,"bu","14:15:51",2549800
28050,250,1000,"bu","14:15:51",2548800
28050,250,500,"bu","14:15:51",2547800
28050,250,300,"bu","14:15:51",2547300
28050,250,100,"bu","14:15:51",2547000
28050,250,1000,"bu","14:15:51",2546900
28050,250,500,"bu","14:15:44",2545900
28000,200,13000,"sd","14:14:54",2545400
28000,200,100,"sd","14:14:50",2532400
28000,200,200,"sd","14:14:34",2532300
28050,250,200,"bu","14:14:20",2532100
28050,250,300,"bu","14:14:05",2531900
28050,250,2400,"bu","14:14:05",2531600
28050,250,1600,"bu","14:13:53",2529200
28050,250,1000,"bu","14:13:53",2527600
28050,250,100,"bu","14:13:53",2526600
28050,250,200,"bu","14:13:40",2526500
28050,250,500,"bu","14:13:32",2526300
28050,250,2200,"bu","14:13:13",2525800
28050,250,400,"bu","14:13:13",2523600
28050,250,1000,"bu","14:13:05",2523200
28050,250,1000,"bu","14:13:05",2522200
28050,250,600,"bu","14:13:05",2521200
28050,250,300,"bu","14:12:40",2520600
28050,250,100,"bu","14:12:13",2520300
28050,250,2000,"bu","14:12:13",2520200
28050,250,500,"bu","14:12:13",2518200
28000,200,1000,"sd","14:11:25",2517700
28050,250,300,"bu","14:10:24",2516700
28050,250,500,"bu","14:09:24",2516400
28050,250,200,"bu","14:09:08",2515900
28050,250,300,"bu","14:09:08",2515700
28050,250,200,"bu","14:08:04",2515400
28050,250,300,"bu","14:07:40",2515200
28050,250,200,"bu","14:07:34",2514900
28050,250,1000,"bu","14:07:34",2514700
28050,250,1000,"bu","14:07:34",2513700
28050,250,200,"bu","14:06:53",2512700
28050,250,800,"bu","14:06:34",2512500
28050,250,1000,"bu","14:06:34",2511700
28050,250,1000,"bu","14:06:34",2510700
28050,250,100,"bu","14:06:34",2509700
28050,250,100,"bu","14:06:34",2509600
28050,250,1700,"bu","14:06:33",2509500
28050,250,300,"bu","14:06:33",2507800
28050,250,700,"bu","14:06:13",2507500
28050,250,1000,"bu","14:06:13",2506800
28050,250,300,"bu","14:06:13",2505800
28000,200,5000,"sd","14:06:07",2505500
28050,250,100,"bu","14:05:19",2500500
28000,200,400,"sd","14:04:26",2500400
28000,200,200,"sd","14:04:02",2500000
28000,200,400,"sd","14:03:59",2499800
28000,200,300,"sd","14:03:59",2499400
28050,250,2900,"bu","14:02:52",2499100
28000,200,1200,"sd","14:02:44",2496200
28050,250,100,"bu","14:02:44",2495000
28050,250,2000,"bu","14:02:34",2494900
28050,250,300,"bu","14:02:27",2492900
28050,250,100,"bu","14:02:07",2492600
28050,250,1100,"bu","14:01:52",2492500
28050,250,1100,"bu","14:00:57",2491400
28050,250,1000,"bu","14:00:57",2490300
28050,250,600,"bu","14:00:57",2489300
28050,250,100,"bu","14:00:51",2488700
28050,250,300,"bu","14:00:47",2488600
28050,250,200,"bu","14:00:47",2488300
28050,250,800,"bu","14:00:40",2488100
28050,250,1000,"bu","14:00:40",2487300
28050,250,1000,"bu","14:00:40",2486300
28050,250,100,"bu","14:00:40",2485300
28050,250,900,"bu","14:00:28",2485200
28050,250,400,"bu","14:00:28",2484300
28050,250,100,"bu","14:00:28",2483900
28050,250,1000,"bu","14:00:28",2483800
28050,250,100,"bu","14:00:19",2482800
28050,250,900,"bu","14:00:11",2482700
28050,250,1300,"bu","14:00:11",2481800
28000,200,1000,"sd","13:59:30",2480500
28050,250,100,"bu","13:59:29",2479500
28050,250,900,"bu","13:59:16",2479400
28000,200,100,"sd","13:59:01",2478500
28050,250,2500,"bu","13:58:32",2478400
28050,250,2200,"bu","13:57:54",2475900
28050,250,400,"bu","13:57:54",2473700
28050,250,600,"bu","13:57:39",2473300
28050,250,300,"bu","13:57:39",2472700
28050,250,100,"bu","13:57:39",2472400
28050,250,1000,"bu","13:57:39",2472300
28050,250,500,"bu","13:57:39",2471300
28050,250,2900,"bu","13:57:25",2470800
28050,250,300,"bu","13:57:21",2467900
28050,250,2900,"bu","13:57:13",2467600
28050,250,3400,"bu","13:57:00",2464700
28050,250,500,"bu","13:57:00",2461300
28050,250,500,"bu","13:56:56",2460800
28050,250,200,"bu","13:56:56",2460300
28000,200,1000,"bu","13:56:56",2460100
28000,200,800,"bu","13:56:56",2459100
28000,200,200,"bu","13:56:49",2458300
28000,200,4000,"sd","13:56:46",2458100
28050,250,800,"bu","13:56:41",2454100
28050,250,500,"bu","13:56:41",2453300
28050,250,1700,"bu","13:56:41",2452800
28000,200,200,"bu","13:56:40",2451100
28000,200,300,"bu","13:56:40",2450900
28000,200,200,"bu","13:56:40",2450600
28000,200,1000,"bu","13:56:40",2450400
28000,200,500,"bu","13:56:40",2449400
28000,200,1000,"bu","13:56:40",2448900
28000,200,500,"bu","13:56:40",2447900
28000,200,1000,"bu","13:56:40",2447400
28000,200,1000,"bu","13:56:40",2446400
28000,200,500,"bu","13:56:40",2445400
28000,200,300,"bu","13:56:40",2444900
28000,200,700,"bu","13:56:30",2444600
28000,200,100,"bu","13:56:30",2443900
28000,200,1900,"bu","13:56:30",2443800
28000,200,2600,"bu","13:56:29",2441900
28000,200,2800,"bu","13:56:17",2439300
27950,150,1000,"sd","13:55:56",2436500
28000,200,100,"bu","13:54:36",2435500
28000,200,1300,"sd","13:54:28",2435400
28000,200,800,"sd","13:54:28",2434100
28000,200,100,"sd","13:54:20",2433300
28000,200,100,"sd","13:54:01",2433200
28000,200,200,"sd","13:53:31",2433100
28000,200,300,"sd","13:53:31",2432900
28000,200,100,"sd","13:53:24",2432600
28000,200,900,"sd","13:53:24",2432500
28000,200,700,"sd","13:53:00",2431600
28000,200,500,"sd","13:51:49",2430900
28000,200,1500,"sd","13:51:35",2430400
28050,250,100,"bu","13:51:20",2428900
28000,200,100,"sd","13:51:20",2428800
28000,200,1000,"bu","13:51:04",2428700
28000,200,2000,"bu","13:51:04",2427700
28000,200,1000,"bu","13:51:04",2425700
28000,200,2300,"bu","13:51:04",2424700
28000,200,5000,"bu","13:50:57",2422400
28000,200,100,"bu","13:50:37",2417400
28000,200,200,"bu","13:50:32",2417300
27950,150,2000,"sd","13:50:31",2417100
28000,200,12400,"bu","13:50:22",2415100
28000,200,1000,"bu","13:50:22",2402700
28000,200,500,"bu","13:50:22",2401700
28000,200,1000,"bu","13:50:22",2401200
28000,200,2000,"bu","13:50:22",2400200
28000,200,2000,"bu","13:50:22",2398200
28000,200,1000,"bu","13:50:22",2396200
28000,200,5000,"bu","13:50:22",2395200
28000,200,500,"bu","13:50:22",2390200
28000,200,1000,"bu","13:50:22",2389700
28000,200,100,"bu","13:50:22",2388700
28000,200,200,"bu","13:50:22",2388600
28000,200,1000,"bu","13:50:22",2388400
28000,200,1000,"bu","13:50:22",2387400
28000,200,300,"bu","13:50:22",2386400
28000,200,3000,"bu","13:50:22",2386100
28000,200,1000,"bu","13:50:22",2383100
28000,200,900,"bu","13:50:22",2382100
28000,200,200,"bu","13:49:40",2381200
28000,200,5000,"bu","13:49:25",2381000
28000,200,500,"bu","13:49:05",2376000
28000,200,500,"bu","13:48:44",2375500
28000,200,300,"bu","13:47:07",2375000
28000,200,200,"bu","13:47:05",2374700
28000,200,100,"bu","13:46:27",2374500
28000,200,1000,"sd","13:46:07",2374400
28000,200,1300,"sd","13:46:07",2373400
28000,200,700,"sd","13:46:06",2372100
28000,200,500,"sd","13:46:06",2371400
28000,200,800,"sd","13:46:06",2370900
28050,250,200,"bu","13:46:03",2370100
28000,200,200,"sd","13:45:27",2369900
28000,200,100,"sd","13:45:05",2369700
28000,200,400,"sd","13:44:52",2369600
28000,200,500,"bu","13:44:41",2369200
28000,200,1000,"bu","13:44:41",2368700
28000,200,1000,"bu","13:44:41",2367700
28000,200,1000,"bu","13:44:41",2366700
28000,200,100,"sd","13:43:40",2365700
28000,200,900,"sd","13:43:40",2365600
28000,200,100,"sd","13:43:38",2364700
28000,200,200,"sd","13:43:35",2364600
28000,200,300,"sd","13:43:35",2364400
28000,200,500,"sd","13:43:25",2364100
28000,200,1200,"sd","13:43:21",2363600
28000,200,200,"sd","13:43:21",2362400
28000,200,8600,"sd","13:43:21",2362200
28000,200,1000,"sd","13:42:49",2353600
28000,200,400,"sd","13:42:49",2352600
28000,200,500,"sd","13:42:49",2352200
28000,200,500,"sd","13:42:49",2351700
28000,200,2200,"sd","13:42:49",2351200
28000,200,2600,"sd","13:42:45",2349000
28000,200,200,"sd","13:42:45",2346400
28000,200,2200,"sd","13:42:45",2346200
28000,200,5000,"sd","13:42:44",2344000
28000,200,1000,"sd","13:42:43",2339000
28000,200,500,"sd","13:42:41",2338000
28000,200,2000,"sd","13:42:37",2337500
28000,200,1000,"sd","13:41:59",2335500
28000,200,300,"sd","13:41:49",2334500
28000,200,100,"sd","13:41:49",2334200
28000,200,300,"sd","13:41:19",2334100
28000,200,500,"sd","13:41:16",2333800
28000,200,10000,"sd","13:41:13",2333300
28000,200,2100,"sd","13:41:09",2323300
28000,200,300,"sd","13:41:09",2321200
28000,200,1000,"sd","13:41:09",2320900
28000,200,1600,"sd","13:41:09",2319900
28000,200,500,"sd","13:41:08",2318300
28000,200,20600,"sd","13:41:06",2317800
28000,200,15000,"sd","13:40:39",2297200
28000,200,30000,"sd","13:40:14",2282200
28050,250,1000,"bu","13:39:08",2252200
28050,250,100,"bu","13:38:23",2251200
28050,250,800,"bu","13:37:47",2251100
28050,250,100,"bu","13:37:18",2250300
28000,200,1100,"sd","13:37:02",2250200
28000,200,1000,"sd","13:36:58",2249100
28000,200,800,"sd","13:36:30",2248100
28000,200,100,"sd","13:36:17",2247300
28000,200,1000,"sd","13:35:30",2247200
28000,200,500,"bu","13:35:26",2246200
28000,200,1000,"bu","13:35:26",2245700
28000,200,500,"bu","13:35:26",2244700
28000,200,1000,"bu","13:35:26",2244200
28000,200,1500,"bu","13:35:26",2243200
28000,200,100,"bu","13:35:26",2241700
28000,200,100,"bu","13:35:26",2241600
28000,200,300,"bu","13:35:26",2241500
28000,200,2000,"bu","13:35:26",2241200
28000,200,10000,"bu","13:35:26",2239200
28000,200,3000,"bu","13:35:26",2229200
28000,200,200,"bu","13:35:26",2226200
28000,200,500,"bu","13:35:26",2226000
28000,200,1000,"bu","13:35:26",2225500
28000,200,1000,"bu","13:35:26",2224500
28000,200,100,"bu","13:35:26",2223500
28000,200,1000,"bu","13:35:26",2223400
28000,200,100,"bu","13:35:26",2222400
28000,200,500,"bu","13:35:26",2222300
28000,200,200,"bu","13:35:26",2221800
28000,200,200,"bu","13:35:26",2221600
28000,200,1000,"bu","13:35:26",2221400
28000,200,1000,"bu","13:35:26",2220400
28000,200,100,"bu","13:35:26",2219400
28000,200,100,"bu","13:35:26",2219300
28000,200,1000,"bu","13:35:26",2219200
28000,200,100,"bu","13:35:26",2218200
28000,200,1000,"bu","13:35:26",2218100
28000,200,19200,"bu","13:35:26",2217100
27950,150,100,"sd","13:35:19",2197900
27950,150,10000,"sd","13:35:19",2197800
27950,150,1000,"sd","13:34:20",2187800
27950,150,1000,"bu","13:34:15",2186800
27950,150,800,"bu","13:34:15",2185800
27950,150,1000,"bu","13:34:15",2185000
27950,150,1000,"bu","13:34:15",2184000
27950,150,1000,"bu","13:34:15",2183000
27950,150,5000,"bu","13:34:15",2182000
27950,150,1000,"bu","13:34:15",2177000
27950,150,1000,"bu","13:34:15",2176000
27950,150,2000,"bu","13:34:15",2175000
27950,150,1000,"bu","13:34:15",2173000
27950,150,10000,"bu","13:34:15",2172000
27950,150,1000,"bu","13:34:15",2162000
27950,150,1000,"bu","13:34:15",2161000
27950,150,100,"bu","13:34:15",2160000
27950,150,100,"bu","13:34:15",2159900
27950,150,800,"bu","13:34:15",2159800
27950,150,200,"bu","13:34:10",2159000
27950,150,1000,"bu","13:34:10",2158800
27950,150,1000,"bu","13:34:10",2157800
27950,150,7800,"bu","13:34:10",2156800
27950,150,100,"bu","13:34:08",2149000
27950,150,500,"bu","13:33:33",2148900
27950,150,500,"bu","13:33:18",2148400
27950,150,100,"bu","13:33:09",2147900
27950,150,200,"bu","13:33:08",2147800
27950,150,1000,"bu","13:33:07",2147600
27950,150,100,"bu","13:33:05",2146600
27950,150,7600,"bu","13:33:03",2146500
27950,150,800,"bu","13:33:00",2138900
27950,150,1000,"bu","13:32:57",2138100
27950,150,10000,"bu","13:32:53",2137100
27950,150,1000,"bu","13:32:27",2127100
27950,150,1000,"bu","13:32:14",2126100
27950,150,300,"bu","13:31:50",2125100
27900,100,100,"sd","13:31:47",2124800
27900,100,600,"sd","13:31:34",2124700
27900,100,1000,"sd","13:31:34",2124100
27900,100,100,"sd","13:31:34",2123100
27900,100,900,"sd","13:31:34",2123000
27900,100,100,"sd","13:31:07",2122100
27900,100,100,"sd","13:31:07",2122000
27900,100,300,"sd","13:31:07",2121900
27900,100,100,"sd","13:31:07",2121600
27900,100,1300,"sd","13:31:07",2121500
27900,100,12500,"sd","13:31:07",2120200
27900,100,1000,"sd","13:30:45",2107700
27900,100,400,"sd","13:30:25",2106700
27950,150,100,"bu","13:29:39",2106300
27950,150,100,"bu","13:29:31",2106200
27900,100,2300,"sd","13:29:17",2106100
27950,150,300,"bu","13:28:45",2103800
27900,100,3800,"sd","13:27:07",2103500
27900,100,100,"sd","13:27:07",2099700
27900,100,1000,"sd","13:27:07",2099600
27900,100,500,"sd","13:27:07",2098600
27900,100,1500,"sd","13:27:07",2098100
27900,100,100,"sd","13:27:07",2096600
27900,100,3000,"sd","13:27:07",2096500
27950,150,700,"bu","13:27:03",2093500
27950,150,300,"bu","13:26:41",2092800
27950,150,1000,"bu","13:26:18",2092500
27950,150,500,"bu","13:26:00",2091500
27950,150,100,"sd","13:25:42",2091000
27950,150,2000,"sd","13:25:42",2090900
27950,150,5000,"sd","13:25:42",2088900
27950,150,1000,"sd","13:25:42",2083900
27950,150,200,"sd","13:25:42",2082900
27950,150,8500,"sd","13:25:42",2082700
27950,150,1000,"bu","13:23:59",2074200
27950,150,500,"bu","13:23:59",2073200
27950,150,500,"bu","13:23:51",2072700
27950,150,100,"bu","13:23:51",2072200
27950,150,200,"bu","13:23:51",2072100
27950,150,100,"bu","13:23:51",2071900
27950,150,100,"bu","13:23:51",2071800
27950,150,200,"bu","13:23:51",2071700
27950,150,100,"bu","13:23:47",2071500
27950,150,600,"bu","13:23:43",2071400
27950,150,9400,"bu","13:23:43",2070800
27950,150,2000,"bu","13:23:08",2061400
27900,100,2000,"sd","13:22:57",2059400
27950,150,100,"bu","13:22:38",2057400
27950,150,200,"bu","13:22:31",2057300
27950,150,8300,"bu","13:22:31",2057100
27950,150,1000,"bu","13:22:31",2048800
27950,150,700,"bu","13:22:31",2047800
27950,150,800,"bu","13:22:27",2047100
27950,150,500,"bu","13:22:27",2046300
27950,150,200,"sd","13:22:05",2045800
27950,150,100,"sd","13:22:05",2045600
27950,150,200,"sd","13:22:05",2045500
27950,150,1000,"sd","13:22:05",2045300
27950,150,200,"sd","13:22:05",2044300
27950,150,100,"sd","13:22:05",2044100
27950,150,100,"sd","13:21:50",2044000
27950,150,500,"sd","13:21:50",2043900
27950,150,400,"sd","13:21:42",2043400
27950,150,9100,"sd","13:21:38",2043000
27950,150,1000,"sd","13:21:38",2033900
27950,150,2500,"sd","13:21:38",2032900
27950,150,500,"sd","13:21:38",2030400
27950,150,5300,"sd","13:21:38",2029900
27950,150,4700,"sd","13:21:26",2024600
27950,150,100,"sd","13:21:26",2019900
27950,150,2000,"sd","13:21:26",2019800
27950,150,200,"sd","13:21:26",2017800
28000,200,200,"bu","13:21:07",2017600
28000,200,200,"bu","13:20:53",2017400
28000,200,2000,"bu","13:20:35",2017200
28000,200,1000,"bu","13:20:31",2015200
28000,200,200,"sd","13:19:39",2014200
28000,200,100,"sd","13:19:39",2014000
28000,200,700,"sd","13:19:39",2013900
28000,200,100,"sd","13:19:39",2013200
28000,200,5000,"sd","13:19:39",2013100
28000,200,400,"sd","13:19:39",2008100
28000,200,10000,"sd","13:19:39",2007700
28000,200,500,"sd","13:19:39",1997700
28000,200,500,"sd","13:19:39",1997200
28000,200,200,"sd","13:19:39",1996700
28000,200,800,"sd","13:19:39",1996500
28000,200,1500,"sd","13:19:39",1995700
28000,200,1000,"sd","13:19:39",1994200
28000,200,3000,"sd","13:19:39",1993200
28000,200,500,"sd","13:19:39",1990200
28000,200,1000,"sd","13:19:39",1989700
28000,200,200,"sd","13:19:39",1988700
28000,200,200,"sd","13:19:39",1988500
28000,200,20000,"sd","13:19:39",1988300
28000,200,400,"sd","13:19:39",1968300
28000,200,200,"sd","13:19:39",1967900
28000,200,4800,"sd","13:19:39",1967700
28000,200,2400,"sd","13:19:39",1962900
28000,200,500,"sd","13:19:39",1960500
28000,200,100,"sd","13:19:39",1960000
28000,200,2000,"sd","13:19:39",1959900
28000,200,100,"sd","13:19:39",1957900
28000,200,100,"sd","13:19:39",1957800
28000,200,500,"sd","13:19:39",1957700
28000,200,300,"sd","13:19:39",1957200
28000,200,300,"sd","13:19:39",1956900
28000,200,500,"sd","13:19:39",1956600
28000,200,4000,"sd","13:19:39",1956100
28000,200,10000,"sd","13:19:39",1952100
28000,200,10000,"sd","13:19:39",1942100
28000,200,200,"sd","13:19:39",1932100
28000,200,100,"sd","13:19:39",1931900
28000,200,100,"sd","13:19:39",1931800
28000,200,10000,"sd","13:19:39",1931700
28000,200,100,"sd","13:19:39",1921700
28000,200,400,"sd","13:19:39",1921600
28000,200,2000,"sd","13:19:39",1921200
28000,200,400,"sd","13:19:39",1919200
28000,200,300,"sd","13:19:39",1918800
28000,200,100,"sd","13:19:39",1918500
28000,200,500,"sd","13:19:39",1918400
28000,200,1000,"sd","13:19:39",1917900
28000,200,2000,"sd","13:19:39",1916900
28000,200,1000,"sd","13:19:39",1914900
28000,200,100,"sd","13:19:39",1913900
28000,200,2000,"sd","13:19:39",1913800
28000,200,2000,"sd","13:19:32",1911800
28000,200,1000,"sd","13:18:44",1909800
28000,200,800,"sd","13:18:28",1908800
28050,250,200,"bu","13:18:06",1908000
28050,250,3000,"bu","13:17:15",1907800
28050,250,10000,"bu","13:17:05",1904800
28050,250,300,"sd","13:16:35",1894800
28050,250,200,"sd","13:16:35",1894500
28050,250,10000,"sd","13:16:35",1894300
28050,250,100,"sd","13:16:35",1884300
28050,250,100,"sd","13:16:35",1884200
28050,250,1700,"sd","13:16:35",1884100
28050,250,200,"sd","13:16:35",1882400
28050,250,100,"sd","13:16:35",1882200
28050,250,5700,"sd","13:16:35",1882100
28050,250,3600,"sd","13:16:30",1876400
28050,250,200,"sd","13:16:09",1872800
28050,250,1000,"sd","13:15:43",1872600
28100,300,100,"bu","13:14:55",1871600
28050,250,200,"sd","13:14:15",1871500
28050,250,300,"sd","13:13:58",1871300
28050,250,3000,"sd","13:13:53",1871000
28050,250,6000,"sd","13:13:43",1868000
28050,250,1000,"sd","13:13:43",1862000
28050,250,500,"sd","13:13:43",1861000
28050,250,2500,"sd","13:13:43",1860500
28050,250,500,"sd","13:13:43",1858000
28050,250,800,"sd","13:13:30",1857500
28050,250,1000,"sd","13:13:22",1856700
28050,250,100,"sd","13:13:05",1855700
28050,250,400,"sd","13:13:05",1855600
28050,250,4700,"sd","13:12:47",1855200
28050,250,300,"sd","13:12:47",1850500
28050,250,1000,"sd","13:12:47",1850200
28050,250,5000,"sd","13:12:47",1849200
28050,250,500,"sd","13:12:21",1844200
28050,250,1000,"sd","13:12:00",1843700
28050,250,1000,"sd","13:11:53",1842700
28050,250,1000,"sd","13:11:52",1841700
28050,250,1000,"sd","13:11:45",1840700
28050,250,1000,"sd","13:11:32",1839700
28050,250,500,"sd","13:11:32",1838700
28050,250,500,"sd","13:11:32",1838200
28050,250,100,"sd","13:11:21",1837700
28050,250,2000,"sd","13:10:59",1837600
28050,250,1000,"bu","13:10:03",1835600
28050,250,100,"bu","13:10:03",1834600
28050,250,1000,"bu","13:10:03",1834500
28050,250,9300,"bu","13:10:03",1833500
28050,250,200,"bu","13:09:34",1824200
28050,250,200,"bu","13:09:28",1824000
28050,250,6000,"sd","13:09:11",1823800
28050,250,700,"sd","13:09:11",1817800
28050,250,500,"sd","13:09:02",1817100
28050,250,100,"bu","13:08:46",1816600
28050,250,900,"bu","13:08:36",1816500
28050,250,100,"bu","13:08:36",1815600
28050,250,100,"bu","13:08:36",1815500
28050,250,100,"bu","13:08:36",1815400
28050,250,2000,"bu","13:08:36",1815300
28050,250,1000,"bu","13:08:36",1813300
28050,250,1300,"bu","13:08:36",1812300
28050,250,500,"bu","13:08:36",1811000
28050,250,1000,"bu","13:08:36",1810500
28050,250,1000,"bu","13:08:36",1809500
28050,250,100,"bu","13:08:36",1808500
28050,250,1000,"bu","13:08:36",1808400
28050,250,100,"bu","13:08:36",1807400
28050,250,1000,"bu","13:08:36",1807300
28050,250,1000,"bu","13:08:36",1806300
28050,250,10400,"bu","13:08:36",1805300
28050,250,1000,"bu","13:08:36",1794900
28050,250,1400,"bu","13:08:36",1793900
28050,250,1600,"bu","13:08:31",1792500
28050,250,400,"bu","13:08:31",1790900
28050,250,1000,"bu","13:08:31",1790500
28050,250,1000,"bu","13:08:31",1789500
28050,250,2000,"bu","13:08:31",1788500
28050,250,1000,"bu","13:08:31",1786500
28050,250,13000,"bu","13:08:31",1785500
28000,200,800,"sd","13:08:23",1772500
28000,200,200,"sd","13:08:23",1771700
28000,200,300,"sd","13:07:36",1771500
28000,200,100,"sd","13:07:30",1771200
28000,200,200,"sd","13:07:28",1771100
28000,200,600,"sd","13:06:54",1770900
28000,200,400,"sd","13:06:07",1770300
28000,200,100,"sd","13:06:07",1769900
28050,250,1000,"bu","13:05:38",1769800
28050,250,1000,"bu","13:05:34",1768800
28050,250,1000,"bu","13:05:34",1767800
28050,250,2000,"bu","13:05:34",1766800
28050,250,1000,"bu","13:05:33",1764800
28050,250,1000,"bu","13:05:33",1763800
28050,250,1000,"bu","13:05:33",1762800
28050,250,300,"bu","13:05:33",1761800
28050,250,100,"bu","13:05:33",1761500
28050,250,100,"bu","13:05:33",1761400
28050,250,100,"bu","13:05:33",1761300
28050,250,1500,"bu","13:05:33",1761200
28050,250,300,"bu","13:05:33",1759700
28050,250,600,"bu","13:05:33",1759400
28050,250,400,"bu","13:05:14",1758800
28050,250,600,"bu","13:05:14",1758400
28000,200,300,"sd","13:05:07",1757800
28050,250,400,"bu","13:05:02",1757500
28050,250,100,"bu","13:05:02",1757100
28000,200,200,"sd","13:04:52",1757000
28050,250,1800,"bu","13:04:49",1756800
28050,250,100,"bu","13:04:49",1755000
28050,250,100,"bu","13:04:49",1754900
28050,250,500,"bu","13:04:44",1754800
28000,200,300,"sd","13:04:32",1754300
28050,250,400,"bu","13:04:08",1754000
28050,250,100,"bu","13:04:08",1753600
28050,250,1400,"bu","13:03:16",1753500
28050,250,100,"bu","13:03:16",1752100
28050,250,100,"bu","13:03:00",1752000
28050,250,1000,"bu","13:02:50",1751900
28050,250,5000,"bu","13:02:50",1750900
28050,250,1500,"bu","13:02:50",1745900
28050,250,2500,"bu","13:02:50",1744400
28050,250,1000,"bu","13:02:18",1741900
28050,250,300,"bu","13:01:08",1740900
28050,250,500,"bu","13:00:16",1740600
28050,250,3000,"bu","13:00:12",1740100
28050,250,300,"bu","13:00:08",1737100
28050,250,7400,"bu","13:00:03",1736800
28050,250,300,"bu","13:00:03",1729400
28000,200,100,"sd","13:00:01",1729100
28000,200,400,"sd","13:00:01",1729000
28000,200,500,"sd","13:00:01",1728600
28000,200,1000,"sd","13:00:01",1728100
28000,200,1000,"sd","13:00:01",1727100
28050,250,700,"bu","13:00:00",1726100
28000,200,8000,"sd","13:00:00",1725400
28050,250,700,"sd","11:29:18",1717400
28100,300,2700,"bu","11:29:15",1716700
28050,250,300,"sd","11:29:14",1714000
28050,250,100,"sd","11:29:14",1713700
28050,250,500,"sd","11:29:14",1713600
28050,250,3000,"sd","11:29:14",1713100
28050,250,200,"sd","11:29:14",1710100
28050,250,900,"sd","11:29:14",1709900
28050,250,100,"sd","11:29:00",1709000
28050,250,100,"sd","11:29:00",1708900
28050,250,3800,"sd","11:29:00",1708800
28100,300,800,"bu","11:28:12",1705000
28100,300,1800,"bu","11:28:12",1704200
28100,300,3200,"bu","11:27:49",1702400
28100,300,200,"bu","11:27:49",1699200
28100,300,1200,"bu","11:27:49",1699000
28100,300,1400,"bu","11:27:49",1697800
28100,300,100,"bu","11:27:26",1696400
28100,300,2600,"bu","11:27:20",1696300
28050,250,5000,"sd","11:27:15",1693700
28050,250,1200,"sd","11:27:14",1688700
28050,250,200,"sd","11:27:14",1687500
28050,250,2800,"sd","11:27:14",1687300
28050,250,1000,"sd","11:27:14",1684500
28050,250,1000,"sd","11:26:39",1683500
28050,250,100,"sd","11:26:39",1682500
28050,250,500,"sd","11:26:39",1682400
28050,250,300,"sd","11:26:39",1681900
28050,250,100,"sd","11:26:39",1681600
28100,300,900,"bu","11:26:38",1681500
28100,300,1200,"bu","11:26:28",1680600
28100,300,100,"bu","11:26:28",1679400
28050,250,1300,"sd","11:26:19",1679300
28050,250,1300,"sd","11:26:17",1678000
28100,300,200,"bu","11:26:02",1676700
28100,300,2600,"bu","11:25:36",1676500
28100,300,200,"bu","11:25:29",1673900
28100,300,700,"bu","11:24:45",1673700
28100,300,1000,"bu","11:24:45",1673000
28100,300,900,"bu","11:24:45",1672000
28100,300,100,"bu","11:23:54",1671100
28100,300,500,"bu","11:23:54",1671000
28100,300,600,"bu","11:23:54",1670500
28100,300,300,"bu","11:23:20",1669900
28100,300,100,"bu","11:23:20",1669600
28100,300,100,"bu","11:23:20",1669500
28100,300,400,"bu","11:23:20",1669400
28100,300,100,"bu","11:23:20",1669000
28100,300,900,"bu","11:23:02",1668900
28100,300,1000,"bu","11:23:02",1668000
28100,300,700,"bu","11:23:02",1667000
28100,300,300,"bu","11:22:10",1666300
28100,300,500,"bu","11:22:10",1666000
28100,300,1000,"bu","11:22:10",1665500
28100,300,500,"bu","11:22:10",1664500
28100,300,100,"bu","11:22:10",1664000
28100,300,400,"bu","11:21:18",1663900
28100,300,1000,"bu","11:21:18",1663500
28100,300,1100,"bu","11:21:18",1662500
28050,250,7300,"sd","11:20:59",1661400
28050,250,7700,"sd","11:20:59",1654100
28100,300,300,"bu","11:20:54",1646400
28100,300,100,"bu","11:20:35",1646100
28100,300,1200,"bu","11:20:27",1646000
28100,300,2500,"bu","11:19:35",1644800
28100,300,1800,"bu","11:18:44",1642300
28100,300,600,"bu","11:18:44",1640500
28100,300,400,"bu","11:18:19",1639900
28100,300,4500,"bu","11:18:19",1639500
28100,300,900,"bu","11:18:19",1635000
28100,300,1000,"bu","11:18:19",1634100
28100,300,1000,"bu","11:18:19",1633100
28100,300,1000,"bu","11:18:19",1632100
28100,300,100,"bu","11:18:19",1631100
28100,300,1000,"bu","11:18:19",1631000
28100,300,100,"bu","11:18:19",1630000
28100,300,1200,"bu","11:17:53",1629900
28050,250,1300,"sd","11:17:38",1628700
28100,300,2400,"bu","11:17:02",1627400
28050,250,1000,"sd","11:16:18",1625000
28050,250,200,"sd","11:16:18",1624000
28050,250,800,"sd","11:16:18",1623800
28100,300,1300,"bu","11:16:11",1623000
28100,300,1000,"bu","11:16:11",1621700
28050,250,400,"sd","11:16:08",1620700
28050,250,3800,"sd","11:15:51",1620300
28050,250,6200,"sd","11:15:51",1616500
28100,300,200,"bu","11:15:49",1610300
28100,300,200,"bu","11:15:22",1610100
28100,300,1600,"bu","11:15:15",1609900
28100,300,700,"bu","11:15:15",1608300
28100,300,300,"bu","11:14:18",1607600
28100,300,500,"bu","11:14:18",1607300
28100,300,700,"bu","11:14:18",1606800
28100,300,800,"bu","11:14:18",1606100
28050,250,100,"sd","11:13:41",1605300
28100,300,200,"bu","11:13:32",1605200
28100,300,200,"bu","11:13:31",1605000
28100,300,600,"bu","11:13:31",1604800
28100,300,1000,"bu","11:13:31",1604200
28100,300,900,"bu","11:13:31",1603200
28100,300,100,"bu","11:13:31",1602300
28100,300,1000,"bu","11:13:31",1602200
28100,300,100,"bu","11:13:31",1601200
28100,300,300,"bu","11:13:31",1601100
28100,300,1000,"bu","11:13:31",1600800
28100,300,200,"bu","11:13:31",1599800
28100,300,1500,"bu","11:13:31",1599600
28100,300,500,"bu","11:13:31",1598100
28100,300,200,"bu","11:13:31",1597600
28100,300,1000,"bu","11:13:31",1597400
28100,300,700,"bu","11:13:31",1596400
28100,300,500,"bu","11:13:31",1595700
28100,300,1200,"bu","11:13:27",1595200
28100,300,2800,"bu","11:13:23",1594000
28100,300,2000,"bu","11:13:23",1591200
28100,300,1000,"bu","11:13:23",1589200
28100,300,100,"bu","11:13:23",1588200
28100,300,1600,"bu","11:13:23",1588100
28100,300,1000,"bu","11:13:23",1586500
28100,300,1500,"bu","11:13:23",1585500
28100,300,100,"bu","11:12:37",1584000
28100,300,2300,"bu","11:12:36",1583900
28100,300,2200,"bu","11:11:42",1581600
28100,300,2300,"bu","11:10:50",1579400
28100,300,300,"bu","11:10:42",1577100
28100,300,1000,"bu","11:10:12",1576800
28100,300,300,"bu","11:09:59",1575800
28100,300,100,"bu","11:09:59",1575500
28100,300,700,"bu","11:09:59",1575400
28050,250,2000,"sd","11:09:11",1574700
28100,300,500,"bu","11:09:05",1572700
28100,300,500,"bu","11:09:05",1572200
28100,300,1000,"bu","11:09:05",1571700
28100,300,200,"bu","11:09:05",1570700
28100,300,2200,"bu","11:08:15",1570500
28050,250,1700,"sd","11:08:12",1568300
28050,250,500,"sd","11:08:12",1566600
28050,250,200,"sd","11:08:12",1566100
28050,250,100,"sd","11:08:12",1565900
28050,250,200,"sd","11:08:12",1565800
28050,250,400,"sd","11:08:11",1565600
28050,250,500,"sd","11:08:11",1565200
28050,250,500,"sd","11:08:11",1564700
28050,250,500,"sd","11:08:11",1564200
28050,250,100,"sd","11:08:11",1563700
28050,250,300,"sd","11:08:11",1563600
28050,250,1300,"sd","11:08:11",1563300
28100,300,1100,"bu","11:07:20",1562000
28100,300,2200,"bu","11:06:30",1560900
28100,300,300,"bu","11:06:27",1558700
28100,300,200,"bu","11:06:27",1558400
28100,300,300,"bu","11:05:55",1558200
28100,300,1500,"bu","11:05:39",1557900
28100,300,600,"bu","11:05:39",1556400
28100,300,300,"bu","11:05:35",1555800
28100,300,100,"bu","11:04:47",1555500
28100,300,400,"bu","11:04:47",1555400
28100,300,1000,"bu","11:04:47",1555000
28100,300,600,"bu","11:04:47",1554000
28100,300,400,"bu","11:03:53",1553400
28100,300,100,"bu","11:03:53",1553000
28100,300,600,"bu","11:03:53",1552900
28100,300,1600,"bu","11:03:08",1552300
28100,300,300,"bu","11:03:08",1550700
28100,300,1000,"bu","11:03:08",1550400
28100,300,500,"bu","11:03:08",1549400
28100,300,1000,"bu","11:03:08",1548900
28100,300,500,"bu","11:03:08",1547900
28100,300,1000,"bu","11:03:08",1547400
28100,300,5000,"bu","11:03:08",1546400
28100,300,1000,"bu","11:03:08",1541400
28100,300,1000,"bu","11:03:08",1540400
28100,300,1000,"bu","11:03:08",1539400
28100,300,1500,"bu","11:03:08",1538400
28100,300,500,"bu","11:03:08",1536900
28100,300,1000,"bu","11:03:08",1536400
28100,300,3000,"bu","11:03:08",1535400
28100,300,100,"bu","11:03:08",1532400
28100,300,900,"bu","11:03:00",1532300
28100,300,100,"bu","11:03:00",1531400
28100,300,400,"bu","11:03:00",1531300
28100,300,700,"bu","11:03:00",1530900
28100,300,300,"bu","11:02:57",1530200
28100,300,100,"bu","11:02:57",1529900
28100,300,1000,"bu","11:02:57",1529800
28100,300,100,"bu","11:02:57",1528800
28100,300,200,"bu","11:02:56",1528700
28100,300,1000,"bu","11:02:56",1528500
28100,300,100,"bu","11:02:56",1527500
28100,300,1000,"bu","11:02:56",1527400
28100,300,300,"bu","11:02:56",1526400
28100,300,1000,"bu","11:02:56",1526100
28100,300,2000,"bu","11:02:56",1525100
28100,300,1000,"bu","11:02:56",1523100
28100,300,1000,"bu","11:02:56",1522100
28100,300,100,"bu","11:02:56",1521100
28100,300,800,"bu","11:02:56",1521000
28050,250,400,"sd","11:02:50",1520200
28100,300,200,"bu","11:02:43",1519800
28050,250,1200,"sd","11:02:12",1519600
28100,300,2100,"bu","11:02:05",1518400
28100,300,1900,"bu","11:01:53",1516300
28100,300,1000,"bu","11:01:53",1514400
28100,300,1000,"bu","11:01:53",1513400
28100,300,1000,"bu","11:01:53",1512400
28100,300,1000,"bu","11:01:53",1511400
28100,300,4000,"bu","11:01:53",1510400
28100,300,100,"bu","11:01:53",1506400
28100,300,1000,"bu","11:01:22",1506300
28100,300,2100,"bu","11:01:11",1505300
28100,300,200,"bu","11:00:29",1503200
28100,300,2000,"bu","11:00:20",1503000
28050,250,7100,"sd","11:00:16",1501000
28050,250,900,"sd","11:00:16",1493900
28100,300,1000,"bu","10:59:28",1493000
28100,300,700,"bu","10:58:54",1492000
28100,300,2100,"bu","10:58:36",1491300
28100,300,600,"bu","10:57:51",1489200
28100,300,2000,"bu","10:57:44",1488600
28100,300,100,"bu","10:57:40",1486600
28100,300,1000,"bu","10:56:52",1486500
28100,300,10000,"bu","10:56:10",1485500
28100,300,2000,"bu","10:56:01",1475500
28100,300,300,"bu","10:55:55",1473500
28100,300,300,"bu","10:55:22",1473200
28100,300,2000,"bu","10:55:08",1472900
28100,300,2000,"bu","10:54:17",1470900
28050,250,100,"sd","10:53:49",1468900
28100,300,1000,"bu","10:53:25",1468800
28100,300,1900,"bu","10:52:34",1467800
28100,300,3500,"bu","10:52:31",1465900
28100,300,2000,"bu","10:51:42",1462400
28100,300,200,"bu","10:51:36",1460400
28100,300,100,"bu","10:51:24",1460200
28100,300,1900,"bu","10:50:51",1460100
28100,300,500,"bu","10:50:23",1458200
28100,300,200,"bu","10:50:21",1457700
28100,300,200,"bu","10:50:16",1457500
28100,300,1000,"bu","10:49:58",1457300
28100,300,8000,"bu","10:49:52",1456300
28100,300,1000,"bu","10:49:52",1448300
28100,300,1000,"bu","10:49:52",1447300
28100,300,100,"bu","10:49:41",1446300
28100,300,1000,"bu","10:49:41",1446200
28100,300,700,"bu","10:49:41",1445200
28100,300,100,"bu","10:49:11",1444500
28100,300,1900,"bu","10:49:07",1444400
28100,300,100,"bu","10:48:50",1442500
28100,300,1900,"bu","10:48:12",1442400
28100,300,300,"bu","10:47:40",1440500
28100,300,1000,"bu","10:47:22",1440200
28100,300,1900,"bu","10:46:30",1439200
28100,300,100,"bu","10:46:18",1437300
28100,300,100,"bu","10:46:18",1437200
28100,300,800,"bu","10:46:18",1437100
28100,300,1200,"bu","10:45:40",1436300
28100,300,1000,"bu","10:45:40",1435100
28100,300,100,"bu","10:45:40",1434100
28100,300,500,"bu","10:45:40",1434000
28100,300,4600,"bu","10:45:40",1433500
28100,300,1000,"bu","10:45:40",1428900
28100,300,1000,"bu","10:45:40",1427900
28100,300,600,"bu","10:45:40",1426900
28100,300,1900,"bu","10:45:36",1426300
28100,300,2600,"bu","10:45:34",1424400
28100,300,2400,"bu","10:45:34",1421800
28100,300,300,"bu","10:45:08",1419400
28100,300,1000,"bu","10:44:45",1419100
28100,300,800,"bu","10:44:45",1418100
28100,300,200,"bu","10:43:54",1417300
28100,300,200,"bu","10:43:53",1417100
28100,300,600,"bu","10:43:53",1416900
28100,300,1000,"bu","10:43:53",1416300
28100,300,100,"bu","10:43:40",1415300
28100,300,1000,"bu","10:43:31",1415200
28100,300,1900,"bu","10:43:02",1414200
28100,300,400,"sd","10:42:59",1412300
28100,300,300,"sd","10:42:58",1411900
28100,300,100,"bu","10:42:46",1411600
28100,300,100,"bu","10:42:46",1411500
28100,300,100,"bu","10:42:46",1411400
28100,300,1000,"bu","10:42:46",1411300
28100,300,3000,"bu","10:42:46",1410300
28100,300,200,"sd","10:42:17",1407300
28100,300,1000,"sd","10:42:17",1407100
28100,300,5000,"sd","10:42:17",1406100
28100,300,5000,"sd","10:42:17",1401100
28100,300,1000,"sd","10:42:17",1396100
28100,300,2000,"sd","10:42:17",1395100
28100,300,32800,"sd","10:42:17",1393100
28150,350,1800,"bu","10:42:07",1360300
28100,300,200,"sd","10:42:03",1358500
28100,300,100,"sd","10:41:54",1358300
28100,300,100,"sd","10:41:36",1358200
28150,350,1900,"bu","10:41:14",1358100
28100,300,1000,"sd","10:41:00",1356200
28100,300,200,"sd","10:40:44",1355200
28100,300,200,"bu","10:40:40",1355000
28100,300,5300,"bu","10:40:40",1354800
28100,300,200,"bu","10:40:40",1349500
28100,300,1000,"bu","10:40:40",1349300
28100,300,500,"bu","10:40:40",1348300
28100,300,7300,"bu","10:40:40",1347800
28100,300,100,"bu","10:40:40",1340500
28100,300,200,"bu","10:40:40",1340400
28100,300,800,"bu","10:40:40",1340200
28100,300,200,"bu","10:40:24",1339400
28100,300,700,"bu","10:40:24",1339200
28100,300,100,"bu","10:40:23",1338500
28100,300,2200,"bu","10:40:10",1338400
28100,300,2500,"bu","10:40:10",1336200
28100,300,1000,"bu","10:40:10",1333700
28100,300,3300,"bu","10:40:10",1332700
28100,300,1000,"bu","10:40:10",1329400
28100,300,1200,"bu","10:40:07",1328400
28100,300,200,"bu","10:40:03",1327200
28100,300,10000,"bu","10:39:59",1327000
28100,300,1800,"bu","10:39:31",1317000
28050,250,100,"sd","10:39:07",1315200
28100,300,100,"bu","10:38:56",1315100
28100,300,1900,"bu","10:38:40",1315000
28100,300,900,"bu","10:38:33",1313100
28100,300,500,"sd","10:38:28",1312200
28100,300,3000,"sd","10:38:28",1311700
28100,300,100,"sd","10:38:28",1308700
28100,300,8000,"sd","10:38:28",1308600
28100,300,1300,"sd","10:38:28",1300600
28100,300,300,"sd","10:38:22",1299300
28100,300,500,"sd","10:38:21",1299000
28100,300,3000,"sd","10:38:17",1298500
28100,300,4900,"sd","10:37:58",1295500
28100,300,100,"sd","10:37:58",1290600
28100,300,300,"sd","10:37:56",1290500
28150,350,800,"bu","10:37:52",1290200
28150,350,1000,"bu","10:37:50",1289400
28150,350,1800,"bu","10:37:49",1288400
28150,350,2000,"bu","10:37:45",1286600
28100,300,2400,"sd","10:37:37",1284600
28100,300,900,"sd","10:37:37",1282200
28100,300,1000,"sd","10:37:37",1281300
28100,300,700,"sd","10:37:37",1280300
28100,300,200,"sd","10:37:28",1279600
28100,300,500,"sd","10:37:28",1279400
28100,300,1000,"sd","10:37:26",1278900
28100,300,200,"sd","10:37:12",1277900
28100,300,100,"bu","10:36:39",1277700
28100,300,700,"bu","10:36:39",1277600
28100,300,300,"bu","10:36:30",1276900
28100,300,100,"bu","10:36:30",1276600
28100,300,1000,"bu","10:36:30",1276500
28100,300,500,"bu","10:36:30",1275500
28100,300,100,"bu","10:36:30",1275000
28100,300,1000,"bu","10:36:30",1274900
28100,300,300,"bu","10:36:30",1273900
28100,300,400,"bu","10:36:30",1273600
28100,300,5000,"bu","10:36:30",1273200
28100,300,300,"bu","10:36:30",1268200
28100,300,500,"bu","10:36:30",1267900
28100,300,1000,"bu","10:36:30",1267400
28100,300,5000,"bu","10:36:30",1266400
28100,300,300,"bu","10:36:30",1261400
28100,300,500,"bu","10:36:30",1261100
28100,300,2000,"bu","10:36:30",1260600
28100,300,2000,"bu","10:36:30",1258600
28100,300,1000,"bu","10:36:30",1256600
28100,300,5000,"bu","10:36:30",1255600
28100,300,8000,"bu","10:36:30",1250600
28100,300,1000,"bu","10:36:30",1242600
28100,300,1000,"bu","10:36:30",1241600
28100,300,63700,"bu","10:36:30",1240600
28050,250,3000,"sd","10:36:17",1176900
28100,300,1900,"bu","10:36:05",1173900
28050,250,400,"sd","10:35:55",1172000
28050,250,2000,"sd","10:35:25",1171600
28100,300,1000,"bu","10:35:19",1169600
28100,300,1800,"bu","10:35:10",1168600
28100,300,500,"bu","10:35:09",1166800
28050,250,1000,"sd","10:34:32",1166300
28050,250,1000,"sd","10:34:27",1165300
28100,300,600,"bu","10:34:18",1164300
28100,300,1200,"bu","10:34:18",1163700
28050,250,1000,"sd","10:34:02",1162500
28050,250,500,"sd","10:33:41",1161500
28050,250,100,"sd","10:33:41",1161000
28050,250,1100,"sd","10:32:39",1160900
28050,250,200,"sd","10:32:39",1159800
28100,300,700,"sd","10:32:38",1159600
28100,300,200,"sd","10:32:38",1158900
28100,300,1600,"sd","10:32:38",1158700
28100,300,2900,"sd","10:32:38",1157100
28100,300,700,"sd","10:32:38",1154200
28100,300,200,"sd","10:32:38",1153500
28100,300,900,"sd","10:32:38",1153300
28100,300,100,"sd","10:32:38",1152400
28100,300,9900,"sd","10:32:38",1152300
28100,300,100,"sd","10:32:38",1142400
28100,300,1000,"sd","10:32:37",1142300
28100,300,500,"sd","10:32:34",1141300
28150,350,1800,"bu","10:32:32",1140800
28100,300,8400,"sd","10:32:30",1139000
28100,300,1600,"sd","10:32:30",1130600
28100,300,200,"sd","10:32:23",1129000
28100,300,5000,"sd","10:32:23",1128800
28100,300,1000,"sd","10:32:23",1123800
28100,300,200,"sd","10:32:23",1122800
28100,300,100,"sd","10:32:23",1122600
28100,300,3500,"sd","10:32:23",1122500
28100,300,5400,"sd","10:32:17",1119000
28100,300,1100,"sd","10:31:59",1113600
28100,300,100,"sd","10:31:59",1112500
28100,300,600,"sd","10:31:59",1112400
28100,300,3100,"sd","10:31:41",1111800
28100,300,1000,"sd","10:31:41",1108700
28100,300,900,"sd","10:31:41",1107700
28100,300,100,"sd","10:31:39",1106800
28100,300,400,"sd","10:31:39",1106700
28150,350,1800,"bu","10:31:38",1106300
28100,300,300,"sd","10:31:37",1104500
28100,300,300,"sd","10:31:36",1104200
28100,300,200,"sd","10:31:36",1103900
28100,300,800,"sd","10:31:20",1103700
28150,350,100,"bu","10:31:15",1102900
28150,350,800,"bu","10:31:07",1102800
28150,350,200,"bu","10:31:07",1102000
28150,350,1500,"bu","10:31:07",1101800
28100,300,5000,"sd","10:31:03",1100300
28150,350,1800,"bu","10:30:48",1095300
28150,350,300,"bu","10:30:28",1093500
28150,350,1800,"bu","10:29:57",1093200
28100,300,1000,"sd","10:29:56",1091400
28100,300,200,"sd","10:29:55",1090400
28100,300,500,"sd","10:29:25",1090200
28100,300,500,"sd","10:29:23",1089700
28100,300,1800,"sd","10:29:01",1089200
28100,300,200,"sd","10:28:54",1087400
28100,300,100,"sd","10:28:54",1087200
28100,300,200,"sd","10:28:54",1087100
28100,300,100,"sd","10:28:54",1086900
28100,300,1400,"sd","10:28:54",1086800
28100,300,100,"sd","10:28:53",1085400
28100,300,900,"sd","10:28:53",1085300
28100,300,9100,"sd","10:28:47",1084400
28100,300,900,"sd","10:28:47",1075300
28100,300,1400,"sd","10:28:43",1074400
28100,300,2100,"sd","10:28:31",1073000
28100,300,500,"sd","10:28:19",1070900
28100,300,200,"sd","10:28:09",1070400
28100,300,500,"sd","10:28:05",1070200
28100,300,30000,"sd","10:27:58",1069700
28100,300,300,"sd","10:27:50",1039700
28100,300,2000,"sd","10:27:40",1039400
28150,350,200,"bu","10:27:36",1037400
28150,350,200,"bu","10:27:36",1037200
28150,350,100,"bu","10:27:36",1037000
28100,300,500,"sd","10:27:32",1036900
28100,300,100,"sd","10:27:18",1036400
28150,350,1800,"bu","10:27:15",1036300
28100,300,100,"sd","10:27:13",1034500
28100,300,400,"sd","10:27:13",1034400
28100,300,200,"sd","10:27:07",1034000
28100,300,900,"sd","10:27:00",1033800
28100,300,100,"sd","10:27:00",1032900
28100,300,2500,"sd","10:26:57",1032800
28100,300,100,"sd","10:26:51",1030300
28100,300,100,"sd","10:26:30",1030200
28150,350,900,"bu","10:26:24",1030100
28100,300,100,"sd","10:26:04",1029200
28100,300,100,"sd","10:25:46",1029100
28150,350,1700,"bu","10:25:46",1029000
28150,350,100,"bu","10:25:33",1027300
28150,350,1700,"bu","10:25:33",1027200
28150,350,2000,"bu","10:25:09",1025500
28100,300,5000,"sd","10:25:00",1023500
28150,350,300,"bu","10:24:43",1018500
28150,350,1900,"bu","10:24:42",1018200
28150,350,1800,"bu","10:23:51",1016300
28100,300,2100,"sd","10:23:37",1014500
28100,300,900,"sd","10:23:37",1012400
28100,300,1800,"sd","10:23:11",1011500
28100,300,500,"sd","10:23:05",1009700
28150,350,900,"bu","10:22:59",1009200
28150,350,1400,"bu","10:22:41",1008300
28150,350,200,"bu","10:22:41",1006900
28150,350,200,"bu","10:22:41",1006700
28150,350,100,"bu","10:22:35",1006500
28150,350,1000,"bu","10:22:35",1006400
28150,350,200,"bu","10:22:35",1005400
28100,300,1000,"sd","10:22:29",1005200
28150,350,1500,"bu","10:22:18",1004200
28150,350,500,"bu","10:22:08",1002700
28150,350,1300,"bu","10:22:08",1002200
28150,350,300,"bu","10:21:55",1000900
28100,300,500,"sd","10:21:46",1000600
28150,350,400,"bu","10:21:17",1000100
28150,350,1400,"bu","10:21:17",999700
28100,300,300,"sd","10:21:05",998300
28100,300,200,"sd","10:21:05",998000
28100,300,5000,"sd","10:20:54",997800
28150,350,200,"bu","10:20:47",992800
28150,350,400,"bu","10:20:25",992600
28150,350,100,"bu","10:20:25",992200
28150,350,400,"bu","10:20:25",992100
28100,300,100,"sd","10:20:24",991700
28100,300,4700,"sd","10:20:20",991600
28100,300,200,"sd","10:20:20",986900
28100,300,5100,"sd","10:20:20",986700
28100,300,200,"sd","10:19:58",981600
28150,350,300,"bu","10:19:36",981400
28150,350,1800,"bu","10:19:33",981100
28100,300,1000,"sd","10:19:03",979300
28100,300,1500,"sd","10:18:57",978300
28150,350,1800,"bu","10:18:39",976800
28100,300,1000,"sd","10:18:20",975000
28100,300,1000,"sd","10:18:08",974000
28150,350,1100,"bu","10:17:48",973000
28150,350,700,"bu","10:17:48",971900
28100,300,200,"sd","10:17:28",971200
28100,300,800,"sd","10:17:28",971000
28100,300,1000,"sd","10:17:20",970200
28100,300,2000,"sd","10:17:15",969200
28100,300,200,"sd","10:17:07",967200
28150,350,900,"bu","10:16:55",967000
28100,300,3700,"sd","10:16:41",966100
28100,300,500,"sd","10:16:33",962400
28100,300,1800,"sd","10:16:17",961900
28100,300,200,"sd","10:16:17",960100
28100,300,8000,"sd","10:16:17",959900
28100,300,1000,"sd","10:16:15",951900
28150,350,1800,"bu","10:16:03",950900
28100,300,100,"sd","10:15:54",949100
28100,300,2400,"sd","10:15:50",949000
28100,300,200,"sd","10:15:49",946600
28100,300,100,"sd","10:15:32",946400
28100,300,300,"sd","10:15:19",946300
28150,350,1600,"bu","10:15:12",946000
28150,350,300,"bu","10:15:12",944400
28100,300,400,"sd","10:14:47",944100
28100,300,100,"sd","10:14:46",943700
28100,300,900,"sd","10:14:37",943600
28100,300,500,"sd","10:14:29",942700
28100,300,1000,"bu","10:14:28",942200
28100,300,100,"bu","10:14:28",941200
28100,300,2000,"bu","10:14:28",941100
28100,300,300,"bu","10:14:28",939100
28100,300,300,"bu","10:14:28",938800
28100,300,1000,"bu","10:14:28",938500
28100,300,1300,"bu","10:14:28",937500
28100,300,700,"bu","10:14:27",936200
28100,300,200,"bu","10:14:20",935500
28100,300,1800,"bu","10:14:19",935300
28100,300,1000,"bu","10:14:06",933500
28100,300,400,"bu","10:14:06",932500
28100,300,5000,"bu","10:14:06",932100
28100,300,1000,"bu","10:14:06",927100
28100,300,500,"bu","10:14:06",926100
28100,300,2100,"bu","10:14:06",925600
28100,300,900,"bu","10:13:29",923500
28100,300,100,"sd","10:13:28",922600
28100,300,6400,"sd","10:13:28",922500
28100,300,3600,"sd","10:13:23",916100
28100,300,500,"sd","10:13:23",912500
28100,300,100,"sd","10:13:23",912000
28100,300,500,"sd","10:13:23",911900
28100,300,300,"sd","10:13:23",911400
28100,300,4700,"sd","10:13:16",911100
28100,300,200,"sd","10:13:16",906400
28100,300,100,"sd","10:13:16",906200
28100,300,100,"sd","10:13:16",906100
28100,300,5000,"sd","10:13:06",906000
28100,300,1000,"sd","10:12:58",901000
28150,350,700,"bu","10:12:38",900000
28150,350,100,"bu","10:12:38",899300
28150,350,100,"bu","10:12:38",899200
28150,350,100,"bu","10:12:38",899100
28150,350,800,"bu","10:12:38",899000
28100,300,200,"sd","10:12:17",898200
28100,300,1000,"sd","10:12:11",898000
28150,350,1900,"bu","10:11:47",897000
28100,300,200,"sd","10:11:39",895100
28100,300,100,"sd","10:11:37",894900
28100,300,1000,"sd","10:11:24",894800
28100,300,200,"sd","10:11:19",893800
28100,300,300,"sd","10:11:19",893600
28100,300,2000,"sd","10:11:11",893300
28100,300,200,"sd","10:11:10",891300
28150,350,1800,"bu","10:10:56",891100
28100,300,1000,"sd","10:10:54",889300
28100,300,100,"sd","10:10:51",888300
28100,300,200,"sd","10:10:51",888200
28100,300,700,"sd","10:10:36",888000
28100,300,300,"sd","10:10:36",887300
28100,300,500,"sd","10:10:36",887000
28100,300,100,"sd","10:10:29",886500
28100,300,2000,"sd","10:10:14",886400
28150,350,1000,"bu","10:09:57",884400
28100,300,2400,"sd","10:09:46",883400
28100,300,400,"sd","10:09:46",881000
28100,300,200,"sd","10:09:46",880600
28100,300,1500,"sd","10:09:46",880400
28100,300,500,"sd","10:09:46",878900
28150,350,300,"bu","10:09:23",878400
28150,350,1800,"bu","10:09:05",878100
28100,300,1000,"sd","10:08:59",876300
28150,350,1200,"bu","10:08:41",875300
28100,300,400,"sd","10:08:37",874100
28100,300,600,"sd","10:08:37",873700
28150,350,1200,"bu","10:08:34",873100
28150,350,100,"bu","10:08:34",871900
28150,350,1000,"bu","10:08:34",871800
28150,350,400,"bu","10:08:34",870800
28100,300,100,"sd","10:08:28",870400
28100,300,300,"sd","10:08:21",870300
28100,300,1000,"bu","10:08:12",870000
28100,300,500,"bu","10:08:12",869000
28100,300,2000,"bu","10:08:12",868500
28100,300,1000,"bu","10:08:12",866500
28100,300,1000,"bu","10:08:12",865500
28100,300,1000,"bu","10:08:12",864500
28100,300,100,"bu","10:08:12",863500
28100,300,1000,"bu","10:08:12",863400
28100,300,500,"bu","10:08:12",862400
28100,300,300,"bu","10:08:12",861900
28100,300,200,"bu","10:08:12",861600
28100,300,100,"bu","10:08:12",861400
28100,300,100,"bu","10:08:12",861300
28100,300,200,"bu","10:08:12",861200
28100,300,1500,"bu","10:08:10",861000
28100,300,1000,"bu","10:08:10",859500
28100,300,1000,"bu","10:08:10",858500
28100,300,6000,"bu","10:08:10",857500
28100,300,500,"bu","10:08:10",851500
28100,300,500,"bu","10:08:09",851000
28100,300,300,"bu","10:08:09",850500
28100,300,100,"bu","10:08:08",850200
28100,300,500,"bu","10:08:07",850100
28100,300,100,"bu","10:08:04",849600
28100,300,400,"bu","10:08:04",849500
28100,300,400,"bu","10:08:02",849100
28100,300,200,"bu","10:08:01",848700
28100,300,3000,"bu","10:08:01",848500
28100,300,3800,"bu","10:08:01",845500
28100,300,100,"bu","10:08:01",841700
28100,300,100,"bu","10:07:56",841600
28100,300,900,"bu","10:07:56",841500
28100,300,100,"bu","10:07:56",840600
28100,300,4000,"bu","10:07:56",840500
28100,300,300,"bu","10:07:56",836500
28100,300,1000,"bu","10:07:56",836200
28100,300,3700,"bu","10:07:56",835200
28100,300,6300,"bu","10:07:50",831500
28100,300,200,"bu","10:07:50",825200
28100,300,1000,"bu","10:07:50",825000
28100,300,1000,"bu","10:07:50",824000
28100,300,100,"bu","10:07:50",823000
28100,300,200,"bu","10:07:50",822900
28100,300,1000,"bu","10:07:50",822700
28100,300,1000,"bu","10:07:50",821700
28100,300,1000,"bu","10:07:50",820700
28100,300,5000,"bu","10:07:50",819700
28100,300,1000,"bu","10:07:50",814700
28100,300,200,"bu","10:07:50",813700
28100,300,2000,"bu","10:07:50",813500
28100,300,200,"bu","10:07:50",811500
28100,300,100,"bu","10:07:50",811300
28100,300,1000,"bu","10:07:50",811200
28100,300,100,"bu","10:07:50",810200
28100,300,1000,"bu","10:07:50",810100
28100,300,100,"bu","10:07:50",809100
28100,300,100,"bu","10:07:50",809000
28100,300,100,"bu","10:07:50",808900
28100,300,100,"bu","10:07:50",808800
28100,300,1000,"bu","10:07:50",808700
28100,300,100,"bu","10:07:50",807700
28100,300,3800,"bu","10:07:50",807600
28100,300,600,"bu","10:07:50",803800
28100,300,500,"bu","10:07:50",803200
28100,300,300,"bu","10:07:50",802700
28100,300,200,"bu","10:07:50",802400
28100,300,700,"bu","10:07:50",802200
28100,300,100,"bu","10:07:47",801500
28100,300,200,"bu","10:07:22",801400
28100,300,500,"bu","10:07:22",801200
28100,300,100,"bu","10:07:22",800700
28100,300,100,"bu","10:07:22",800600
28100,300,100,"bu","10:07:19",800500
28100,300,1000,"bu","10:07:19",800400
28100,300,2000,"bu","10:07:19",799400
28100,300,100,"bu","10:07:19",797400
28100,300,2400,"bu","10:07:19",797300
28100,300,1000,"bu","10:07:19",794900
28100,300,9900,"bu","10:07:19",793900
28100,300,5000,"bu","10:07:19",784000
28100,300,100,"bu","10:07:19",779000
28100,300,8400,"bu","10:07:19",778900
28100,300,1600,"bu","10:07:12",770500
28100,300,200,"bu","10:07:12",768900
28100,300,1100,"bu","10:07:12",768700
28050,250,800,"sd","10:07:01",767600
28050,250,300,"sd","10:06:56",766800
28050,250,2000,"sd","10:06:31",766500
28100,300,1100,"bu","10:06:30",764500
28100,300,800,"bu","10:06:30",763400
28050,250,100,"sd","10:06:11",762600
28050,250,5000,"sd","10:06:11",762500
28100,300,200,"bu","10:06:09",757500
28100,300,1000,"bu","10:05:55",757300
28100,300,100,"bu","10:05:55",756300
28100,300,100,"bu","10:05:55",756200
28100,300,1000,"bu","10:05:55",756100
28100,300,100,"bu","10:05:55",755100
28100,300,1000,"bu","10:05:55",755000
28100,300,1000,"bu","10:05:55",754000
28100,300,1000,"bu","10:05:55",753000
28100,300,6000,"bu","10:05:55",752000
28100,300,100,"bu","10:05:55",746000
28100,300,100,"bu","10:05:55",745900
28100,300,500,"bu","10:05:55",745800
28100,300,100,"bu","10:05:55",745300
28100,300,100,"bu","10:05:55",745200
28100,300,100,"bu","10:05:55",745100
28100,300,4000,"bu","10:05:55",745000
28100,300,100,"bu","10:05:55",741000
28100,300,500,"bu","10:05:55",740900
28100,300,100,"bu","10:05:55",740400
28100,300,100,"bu","10:05:55",740300
28100,300,2000,"bu","10:05:55",740200
28100,300,500,"bu","10:05:55",738200
28100,300,400,"bu","10:05:55",737700
28100,300,100,"bu","10:05:46",737300
28100,300,400,"bu","10:05:46",737200
28050,250,1300,"sd","10:05:41",736800
28050,250,100,"sd","10:05:41",735500
28050,250,500,"sd","10:05:41",735400
28050,250,3100,"sd","10:05:41",734900
28100,300,1900,"bu","10:05:39",731800
28100,300,1900,"bu","10:04:48",729900
28050,250,5000,"sd","10:04:22",728000
28050,250,200,"sd","10:04:06",723000
28100,300,3000,"bu","10:04:05",722800
28050,250,200,"sd","10:03:57",719800
28100,300,900,"bu","10:03:56",719600
28100,300,1100,"bu","10:03:36",718700
28100,300,1000,"bu","10:03:36",717600
28100,300,900,"bu","10:03:36",716600
28050,250,1000,"sd","10:03:27",715700
28050,250,500,"sd","10:03:20",714700
28050,250,1000,"sd","10:03:20",714200
28050,250,3500,"sd","10:03:20",713200
28050,250,1000,"sd","10:03:12",709700
28050,250,300,"sd","10:03:08",708700
28050,250,3000,"sd","10:03:08",708400
28100,300,1900,"bu","10:03:04",705400
28050,250,500,"sd","10:03:03",703500
28050,250,1700,"sd","10:02:58",703000
28050,250,100,"sd","10:02:58",701300
28050,250,100,"sd","10:02:58",701200
28050,250,100,"sd","10:02:58",701100
28050,250,300,"sd","10:02:58",701000
28050,250,3700,"sd","10:02:58",700700
28050,250,200,"sd","10:02:29",697000
28050,250,200,"sd","10:02:20",696800
28050,250,4900,"sd","10:02:17",696600
28100,300,200,"bu","10:02:09",691700
28100,300,1400,"bu","10:02:09",691500
28100,300,300,"bu","10:02:09",690100
28050,250,1000,"sd","10:02:06",689800
28050,250,500,"sd","10:02:06",688800
28050,250,400,"sd","10:02:06",688300
28050,250,700,"sd","10:01:58",687900
28050,250,100,"sd","10:01:53",687200
28050,250,300,"sd","10:01:53",687100
28050,250,700,"sd","10:01:53",686800
28050,250,300,"sd","10:01:50",686100
28050,250,200,"sd","10:01:44",685800
28050,250,100,"sd","10:01:43",685600
28050,250,1000,"sd","10:01:37",685500
28050,250,3700,"sd","10:01:34",684500
28050,250,3500,"sd","10:01:34",680800
28050,250,1000,"sd","10:01:34",677300
28050,250,100,"sd","10:01:34",676300
28050,250,1700,"sd","10:01:34",676200
28100,300,200,"bu","10:01:26",674500
28050,250,1000,"sd","10:01:23",674300
28100,300,1500,"bu","10:01:17",673300
28100,300,500,"bu","10:01:17",671800
28050,250,1000,"sd","10:01:17",671300
28050,250,1000,"sd","10:00:40",670300
28050,250,300,"sd","10:00:29",669300
28050,250,700,"sd","10:00:29",669000
28100,300,700,"bu","10:00:25",668300
28100,300,200,"bu","10:00:25",667600
28100,300,300,"bu","10:00:25",667400
28050,250,300,"sd","09:59:46",667100
28050,250,700,"sd","09:59:46",666800
28050,250,300,"sd","09:59:45",666100
28050,250,700,"sd","09:59:45",665800
28100,300,500,"bu","09:59:35",665100
28100,300,800,"bu","09:59:35",664600
28100,300,700,"bu","09:59:35",663800
28050,250,800,"sd","09:59:30",663100
28050,250,300,"sd","09:59:19",662300
28050,250,200,"sd","09:59:02",662000
28050,250,100,"sd","09:59:02",661800
28050,250,5000,"sd","09:58:56",661700
28050,250,2900,"sd","09:58:44",656700
28050,250,1000,"sd","09:58:44",653800
28100,300,800,"bu","09:58:44",652800
28100,300,500,"bu","09:58:44",652000
28100,300,100,"bu","09:58:44",651500
28100,300,100,"bu","09:58:44",651400
28100,300,200,"bu","09:58:44",651300
28100,300,200,"bu","09:58:44",651100
28100,300,300,"bu","09:58:00",650900
28100,300,300,"bu","09:58:00",650600
28100,300,2000,"bu","09:58:00",650300
28100,300,100,"bu","09:58:00",648300
28100,300,1300,"bu","09:58:00",648200
28050,250,3600,"sd","09:57:54",646900
28100,300,500,"bu","09:57:49",643300
28100,300,500,"bu","09:57:49",642800
28100,300,500,"bu","09:57:49",642300
28100,300,500,"bu","09:57:49",641800
28100,300,500,"bu","09:57:41",641300
28100,300,1000,"bu","09:57:41",640800
28100,300,4100,"bu","09:57:41",639800
28050,250,400,"sd","09:57:40",635700
28050,250,400,"sd","09:57:40",635300
28050,250,200,"sd","09:57:40",634900
28050,250,100,"sd","09:57:40",634700
28050,250,200,"sd","09:57:30",634600
28100,300,100,"bu","09:57:03",634400
28100,300,800,"bu","09:56:58",634300
28100,300,200,"bu","09:56:58",633500
28050,250,100,"sd","09:56:35",633300
28050,250,400,"sd","09:56:30",633200
28050,250,600,"sd","09:56:30",632800
28050,250,4400,"sd","09:56:26",632200
28050,250,5000,"sd","09:56:26",627800
28050,250,2000,"sd","09:56:26",622800
28050,250,8600,"sd","09:56:26",620800
28100,300,1000,"bu","09:56:17",612200
28100,300,800,"bu","09:56:10",611200
28100,300,200,"bu","09:56:03",610400
28100,300,200,"bu","09:56:03",610200
28100,300,500,"bu","09:56:03",610000
28100,300,1000,"bu","09:56:03",609500
28100,300,100,"bu","09:56:03",608500
28100,300,1100,"bu","09:55:10",608400
28100,300,400,"bu","09:55:10",607300
28100,300,300,"bu","09:55:10",606900
28100,300,200,"bu","09:55:10",606600
28050,250,1400,"bu","09:55:05",606400
28050,250,8600,"bu","09:55:02",605000
28050,250,1000,"bu","09:55:02",596400
28050,250,5000,"bu","09:55:02",595400
28050,250,100,"bu","09:55:02",590400
28050,250,100,"bu","09:55:02",590300
28050,250,1000,"bu","09:55:02",590200
28050,250,3500,"bu","09:55:02",589200
28050,250,1000,"bu","09:55:02",585700
28050,250,500,"bu","09:55:02",584700
28050,250,9200,"bu","09:55:02",584200
28050,250,800,"bu","09:54:57",575000
28050,250,500,"bu","09:54:57",574200
28050,250,1000,"bu","09:54:57",573700
28050,250,100,"bu","09:54:57",572700
28050,250,1000,"bu","09:54:57",572600
28050,250,3000,"bu","09:54:57",571600
28050,250,100,"bu","09:54:57",568600
28050,250,1000,"bu","09:54:57",568500
28050,250,100,"bu","09:54:57",567500
28050,250,500,"bu","09:54:57",567400
28050,250,100,"bu","09:54:57",566900
28050,250,1300,"bu","09:54:57",566800
28050,250,20000,"bu","09:54:57",565500
28050,250,500,"bu","09:54:57",545500
28050,250,500,"bu","09:54:43",545000
28050,250,500,"bu","09:54:43",544500
28050,250,5000,"bu","09:54:43",544000
28050,250,1000,"bu","09:54:43",539000
28050,250,1000,"bu","09:54:43",538000
28050,250,100,"bu","09:54:43",537000
28050,250,200,"bu","09:54:43",536900
28050,250,500,"bu","09:54:43",536700
28050,250,500,"bu","09:54:43",536200
28050,250,3000,"bu","09:54:43",535700
28050,250,100,"bu","09:54:43",532700
28050,250,100,"bu","09:54:43",532600
28050,250,500,"bu","09:54:43",532500
28050,250,100,"bu","09:54:43",532000
28050,250,5000,"bu","09:54:43",531900
28050,250,100,"bu","09:54:43",526900
28050,250,1000,"bu","09:54:43",526800
28050,250,800,"bu","09:54:43",525800
28050,250,2200,"bu","09:54:40",525000
28050,250,200,"bu","09:54:40",522800
28050,250,100,"bu","09:54:40",522600
28050,250,200,"bu","09:54:40",522500
28000,200,100,"sd","09:54:21",522300
28050,250,1000,"bu","09:54:19",522200
28000,200,1400,"sd","09:54:14",521200
28000,200,1400,"sd","09:54:14",519800
28000,200,100,"sd","09:54:14",518400
28000,200,100,"sd","09:54:14",518300
28000,200,100,"bu","09:53:45",518200
28000,200,5000,"bu","09:53:42",518100
28050,250,1000,"bu","09:53:27",513100
28000,200,200,"sd","09:53:15",512100
28000,200,1000,"bu","09:53:00",511900
28000,200,800,"bu","09:53:00",510900
28000,200,200,"bu","09:52:52",510100
28050,250,200,"bu","09:52:36",509900
28000,200,100,"bu","09:52:36",509700
28000,200,1700,"bu","09:52:36",509600
28000,200,1000,"sd","09:52:28",507900
28000,200,300,"sd","09:52:28",506900
28000,200,100,"sd","09:52:21",506600
28000,200,1700,"sd","09:52:14",506500
28000,200,1000,"sd","09:52:14",504800
28000,200,900,"sd","09:52:14",503800
28000,200,3400,"sd","09:52:14",502900
28000,200,100,"sd","09:52:11",499500
28000,200,1000,"sd","09:52:03",499400
28000,200,1000,"bu","09:51:46",498400
28000,200,3000,"bu","09:51:46",497400
28000,200,1000,"bu","09:51:46",494400
28000,200,500,"bu","09:51:46",493400
28000,200,1000,"bu","09:51:46",492900
28000,200,1000,"bu","09:51:46",491900
28000,200,1000,"bu","09:51:46",490900
28000,200,400,"bu","09:51:46",489900
28000,200,1000,"bu","09:51:46",489500
28000,200,200,"bu","09:51:46",488500
28000,200,100,"bu","09:51:46",488300
28000,200,100,"bu","09:51:46",488200
28000,200,1000,"bu","09:51:46",488100
28000,200,200,"bu","09:51:46",487100
28000,200,100,"bu","09:51:46",486900
28000,200,1000,"bu","09:51:46",486800
28000,200,200,"bu","09:51:46",485800
28000,200,1000,"bu","09:51:46",485600
28000,200,900,"bu","09:51:46",484600
28000,200,2000,"bu","09:51:46",483700
28000,200,100,"bu","09:51:46",481700
28000,200,200,"bu","09:51:46",481600
28000,200,1200,"bu","09:51:46",481400
28000,200,500,"bu","09:51:46",480200
28000,200,1000,"bu","09:51:46",479700
28000,200,2000,"bu","09:51:46",478700
28000,200,500,"bu","09:51:46",476700
28000,200,700,"bu","09:51:46",476200
28000,200,200,"bu","09:51:46",475500
28000,200,1200,"bu","09:51:46",475300
28000,200,100,"bu","09:51:45",474100
28000,200,100,"bu","09:51:45",474000
28000,200,200,"bu","09:51:45",473900
28000,200,200,"bu","09:51:45",473700
28000,200,500,"bu","09:51:45",473500
28000,200,3000,"bu","09:51:45",473000
28000,200,4500,"bu","09:51:45",470000
28000,200,10000,"bu","09:51:45",465500
28000,200,100,"bu","09:51:45",455500
28000,200,100,"bu","09:51:45",455400
28000,200,1000,"bu","09:51:45",455300
28000,200,100,"bu","09:51:45",454300
28000,200,1000,"bu","09:51:45",454200
28000,200,400,"bu","09:51:45",453200
28000,200,500,"bu","09:51:45",452800
28000,200,1000,"bu","09:51:45",452300
28000,200,500,"bu","09:51:45",451300
28000,200,5000,"bu","09:51:45",450800
28000,200,200,"bu","09:51:45",445800
28000,200,300,"bu","09:51:45",445600
28000,200,1000,"bu","09:51:45",445300
28000,200,7900,"bu","09:51:45",444300
28000,200,100,"bu","09:51:44",436400
28000,200,100,"bu","09:51:44",436300
28000,200,500,"bu","09:51:44",436200
28000,200,1000,"bu","09:51:44",435700
28000,200,100,"bu","09:51:44",434700
28000,200,1000,"bu","09:51:44",434600
28000,200,1000,"bu","09:51:44",433600
28000,200,700,"bu","09:51:44",432600
28000,200,300,"bu","09:51:43",431900
28000,200,1000,"bu","09:51:43",431600
28000,200,800,"bu","09:51:43",430600
28000,200,500,"bu","09:51:41",429800
27950,150,500,"sd","09:51:40",429300
28000,200,400,"bu","09:51:37",428800
28000,200,3300,"bu","09:51:33",428400
28000,200,200,"bu","09:51:33",425100
28000,200,100,"bu","09:51:33",424900
28000,200,1000,"bu","09:51:33",424800
28000,200,1000,"bu","09:51:33",423800
28000,200,100,"bu","09:51:33",422800
28000,200,700,"bu","09:51:33",422700
28000,200,1000,"bu","09:51:33",422000
28000,200,500,"bu","09:51:33",421000
28000,200,300,"bu","09:51:33",420500
28000,200,1000,"bu","09:51:33",420200
28000,200,300,"bu","09:51:33",419200
28000,200,200,"bu","09:51:33",418900
28000,200,500,"bu","09:51:33",418700
28000,200,1000,"bu","09:51:33",418200
28000,200,1000,"bu","09:51:33",417200
28000,200,100,"bu","09:51:33",416200
28000,200,900,"bu","09:51:33",416100
28000,200,7700,"bu","09:51:27",415200
28000,200,1400,"bu","09:51:13",407500
28000,200,3000,"bu","09:51:13",406100
28000,200,200,"bu","09:51:13",403100
28000,200,2600,"bu","09:51:13",402900
28000,200,1900,"bu","09:51:13",400300
28000,200,100,"bu","09:51:02",398400
28000,200,200,"bu","09:51:02",398300
28000,200,1000,"bu","09:51:02",398100
28000,200,300,"bu","09:51:02",397100
28000,200,100,"bu","09:51:02",396800
28000,200,2000,"bu","09:51:02",396700
28000,200,1500,"bu","09:51:02",394700
28000,200,100,"bu","09:51:02",393200
28000,200,500,"bu","09:51:02",393100
28000,200,500,"bu","09:51:02",392600
28000,200,1000,"bu","09:51:02",392100
28000,200,4900,"bu","09:51:02",391100
28000,200,100,"bu","09:50:52",386200
28000,200,500,"bu","09:50:52",386100
28000,200,400,"bu","09:50:52",385600
27950,150,500,"sd","09:50:38",385200
27950,150,500,"sd","09:50:25",384700
28000,200,100,"bu","09:50:21",384200
28000,200,2100,"bu","09:50:00",384100
27950,150,100,"sd","09:49:58",382000
27950,150,3100,"sd","09:49:52",381900
27950,150,900,"sd","09:49:34",378800
28000,200,1400,"bu","09:49:09",377900
28000,200,700,"bu","09:49:09",376500
27950,150,300,"sd","09:48:49",375800
27950,150,800,"sd","09:48:35",375500
27950,150,1000,"sd","09:48:31",374700
27950,150,100,"sd","09:48:20",373700
27950,150,100,"sd","09:47:38",373600
27950,150,500,"bu","09:47:19",373500
27950,150,1000,"bu","09:47:19",373000
27950,150,1000,"bu","09:47:19",372000
27950,150,1000,"bu","09:47:19",371000
27950,150,2000,"bu","09:47:19",370000
27950,150,1000,"bu","09:47:19",368000
27950,150,2000,"bu","09:47:19",367000
27950,150,1000,"bu","09:47:19",365000
27950,150,10000,"bu","09:47:19",364000
27950,150,1000,"bu","09:47:19",354000
27950,150,300,"bu","09:47:19",353000
27950,150,1000,"bu","09:47:19",352700
27950,150,100,"bu","09:47:19",351700
27950,150,3000,"bu","09:47:19",351600
27950,150,1000,"bu","09:47:19",348600
27950,150,1000,"bu","09:47:19",347600
27950,150,2000,"bu","09:47:19",346600
27950,150,500,"bu","09:47:19",344600
27950,150,1000,"bu","09:47:19",344100
27950,150,1000,"bu","09:47:19",343100
27950,150,6000,"bu","09:47:19",342100
27950,150,100,"bu","09:47:19",336100
27950,150,100,"bu","09:47:19",336000
27950,150,1000,"bu","09:47:19",335900
27950,150,300,"bu","09:47:19",334900
27950,150,300,"bu","09:47:19",334600
27950,150,100,"bu","09:47:19",334300
27950,150,1000,"bu","09:47:19",334200
27950,150,9000,"bu","09:47:19",333200
27950,150,500,"bu","09:47:19",324200
27950,150,3000,"bu","09:47:19",323700
27950,150,200,"bu","09:47:19",320700
27950,150,200,"bu","09:47:19",320500
27950,150,1000,"bu","09:47:19",320300
27950,150,800,"bu","09:47:19",319300
27950,150,200,"bu","09:46:35",318500
27950,150,1900,"bu","09:46:35",318300
27950,150,2200,"bu","09:45:42",316400
27950,150,5900,"bu","09:45:09",314200
27950,150,1500,"bu","09:45:09",308300
27950,150,1000,"bu","09:45:09",306800
27950,150,1000,"bu","09:45:09",305800
27950,150,200,"bu","09:45:09",304800
27950,150,400,"bu","09:45:09",304600
27950,150,600,"bu","09:44:50",304200
27950,150,1500,"bu","09:44:50",303600
27950,150,1100,"bu","09:43:54",302100
27900,100,200,"sd","09:43:32",301000
27950,150,2200,"bu","09:43:02",300800
27950,150,400,"bu","09:42:55",298600
27950,150,100,"bu","09:42:34",298200
27950,150,2200,"bu","09:42:11",298100
27900,100,200,"sd","09:41:56",295900
27950,150,2200,"bu","09:41:18",295700
27950,150,200,"bu","09:40:55",293500
27950,150,100,"bu","09:40:25",293300
27950,150,1000,"bu","09:40:25",293200
27900,100,100,"sd","09:40:11",292200
27950,150,2300,"bu","09:39:34",292100
27950,150,100,"bu","09:39:31",289800
27900,100,200,"sd","09:39:27",289700
27900,100,2500,"sd","09:39:27",289500
27950,150,2300,"bu","09:38:42",287000
27950,150,300,"bu","09:37:56",284700
27950,150,1000,"bu","09:37:56",284400
27950,150,1000,"bu","09:37:56",283400
27950,150,100,"bu","09:37:56",282400
27950,150,300,"bu","09:37:56",282300
27950,150,2300,"bu","09:37:48",282000
27950,150,1000,"bu","09:37:27",279700
27950,150,1100,"sd","09:37:12",278700
27950,150,300,"sd","09:37:12",277600
27950,150,200,"sd","09:37:03",277300
27950,150,100,"sd","09:37:03",277100
27950,150,100,"sd","09:37:02",277000
27950,150,100,"sd","09:36:57",276900
27950,150,100,"sd","09:36:48",276800
27950,150,2900,"sd","09:36:48",276700
27950,150,100,"sd","09:36:41",273800
27950,150,7000,"sd","09:36:40",273700
27950,150,100,"sd","09:36:40",266700
27950,150,7300,"sd","09:36:40",266600
27950,150,2000,"sd","09:36:40",259300
27950,150,100,"sd","09:36:40",257300
27950,150,100,"sd","09:36:40",257200
27950,150,33400,"sd","09:36:40",257100
28000,200,300,"bu","09:36:06",223700
28000,200,100,"bu","09:36:06",223400
28000,200,300,"bu","09:36:06",223300
28000,200,900,"bu","09:36:06",223000
28000,200,500,"bu","09:36:05",222100
28000,200,200,"bu","09:36:05",221600
27950,150,500,"sd","09:36:05",221400
27950,150,100,"sd","09:35:42",220900
27950,150,800,"sd","09:35:23",220800
28000,200,100,"bu","09:35:13",220000
28000,200,2300,"bu","09:35:12",219900
28000,200,2700,"bu","09:35:06",217600
28000,200,200,"bu","09:35:06",214900
28000,200,100,"bu","09:35:06",214700
28000,200,100,"bu","09:35:06",214600
28000,200,900,"bu","09:35:06",214500
28000,200,100,"bu","09:34:58",213600
28000,200,200,"bu","09:34:58",213500
28000,200,800,"bu","09:34:36",213300
28000,200,100,"bu","09:34:33",212500
28000,200,100,"bu","09:34:31",212400
28000,200,500,"bu","09:34:31",212300
28000,200,500,"bu","09:34:30",211800
28000,200,1200,"bu","09:34:20",211300
28000,200,1000,"bu","09:34:13",210100
27950,150,200,"sd","09:34:09",209100
28000,200,100,"bu","09:34:01",208900
28000,200,500,"bu","09:33:58",208800
28000,200,100,"bu","09:33:52",208300
28000,200,1000,"bu","09:33:36",208200
28000,200,2300,"bu","09:33:29",207200
28000,200,200,"bu","09:33:14",204900
28000,200,1400,"bu","09:33:10",204700
28000,200,1200,"bu","09:32:46",203300
28000,200,400,"bu","09:32:46",202100
28000,200,1000,"bu","09:32:46",201700
28000,200,100,"bu","09:32:46",200700
28000,200,2100,"bu","09:32:46",200600
28000,200,5000,"bu","09:32:46",198500
28000,200,100,"bu","09:32:46",193500
28000,200,10000,"bu","09:32:46",193400
28000,200,5000,"bu","09:32:46",183400
28000,200,100,"bu","09:32:46",178400
28000,200,2400,"bu","09:32:39",178300
28000,200,1000,"bu","09:32:19",175900
27950,150,100,"sd","09:32:14",174900
27950,150,400,"sd","09:32:13",174800
27950,150,200,"sd","09:32:03",174400
28000,200,2400,"bu","09:31:47",174200
27950,150,3600,"sd","09:31:34",171800
27950,150,1000,"sd","09:31:21",168200
27950,150,100,"sd","09:31:18",167200
27950,150,5000,"sd","09:31:06",167100
27950,150,3600,"sd","09:31:02",162100
27950,150,1000,"sd","09:31:01",158500
27950,150,1900,"sd","09:31:01",157500
27950,150,2100,"sd","09:31:01",155600
27950,150,2000,"sd","09:30:54",153500
28000,200,1100,"bu","09:30:54",151500
28000,200,200,"bu","09:30:54",150400
27950,150,15900,"sd","09:30:44",150200
27950,150,1000,"sd","09:30:44",134300
27950,150,8100,"sd","09:30:44",133300
27950,150,100,"sd","09:30:39",125200
27950,150,500,"sd","09:30:11",125100
27950,150,900,"sd","09:30:08",124600
27950,150,400,"bu","09:30:06",123700
27900,100,700,"sd","09:30:04",123300
27900,100,500,"sd","09:30:04",122600
27900,100,500,"sd","09:30:04",122100
27900,100,1600,"sd","09:30:04",121600
27950,150,300,"sd","09:30:04",120000
27950,150,100,"sd","09:30:01",119700
27950,150,2000,"sd","09:30:00",119600
27950,150,3000,"sd","09:30:00",117600
27950,150,1000,"bu","09:29:41",114600
27950,150,3000,"bu","09:29:41",113600
27950,150,2000,"bu","09:29:40",110600
27950,150,300,"bu","09:29:34",108600
27900,100,3400,"sd","09:29:28",108300
27900,100,200,"sd","09:29:28",104900
27950,150,2000,"sd","09:29:24",104700
27950,150,2500,"sd","09:29:24",102700
27950,150,200,"sd","09:29:24",100200
27950,150,300,"sd","09:29:10",100000
27950,150,200,"sd","09:29:10",99700
27950,150,200,"bu","09:28:50",99500
27950,150,100,"bu","09:28:49",99300
27950,150,900,"bu","09:28:45",99200
27950,150,100,"sd","09:28:38",98300
27950,150,900,"sd","09:28:37",98200
27950,150,1000,"bu","09:28:34",97300
27950,150,300,"bu","09:28:34",96300
27950,150,1000,"bu","09:28:34",96000
27950,150,500,"bu","09:28:34",95000
27950,150,5000,"bu","09:28:34",94500
27950,150,1000,"bu","09:28:34",89500
27950,150,500,"bu","09:28:27",88500
27950,150,500,"bu","09:28:27",88000
27950,150,1000,"bu","09:28:16",87500
27950,150,4000,"bu","09:28:16",86500
27950,150,100,"bu","09:28:13",82500
27950,150,900,"bu","09:28:12",82400
27950,150,1000,"bu","09:28:12",81500
27950,150,300,"bu","09:28:12",80500
27950,150,1000,"bu","09:28:12",80200
27950,150,500,"bu","09:28:12",79200
27950,150,300,"bu","09:28:12",78700
27950,150,100,"bu","09:28:12",78400
27950,150,1000,"bu","09:28:12",78300
27950,150,200,"bu","09:28:12",77300
27950,150,600,"bu","09:28:12",77100
27950,150,500,"bu","09:28:12",76500
27950,150,300,"bu","09:28:12",76000
27950,150,300,"bu","09:28:12",75700
27950,150,100,"bu","09:28:12",75400
27950,150,100,"bu","09:28:12",75300
27950,150,400,"bu","09:28:08",75200
27950,150,100,"bu","09:28:08",74800
27950,150,200,"bu","09:27:45",74700
27950,150,100,"bu","09:27:45",74500
27900,100,500,"sd","09:27:35",74400
27900,100,1000,"sd","09:27:29",73900
27900,100,200,"sd","09:27:26",72900
27900,100,500,"sd","09:27:20",72700
27900,100,1300,"sd","09:26:57",72200
27900,100,100,"sd","09:26:38",70900
27900,100,2300,"sd","09:25:25",70800
27950,150,100,"bu","09:25:23",68500
27900,100,600,"sd","09:24:53",68400
27900,100,3300,"sd","09:22:45",67800
27900,100,1700,"sd","09:22:45",64500
27900,100,100,"sd","09:22:25",62800
27900,100,200,"sd","09:22:24",62700
27900,100,300,"sd","09:22:24",62500
27900,100,1000,"sd","09:22:06",62200
27900,100,900,"sd","09:21:58",61200
27900,100,1300,"sd","09:21:54",60300
27900,100,100,"sd","09:21:46",59000
27900,100,1700,"bu","09:21:44",58900
27900,100,3300,"bu","09:21:38",57200
27900,100,100,"bu","09:21:38",53900
27900,100,1000,"bu","09:21:38",53800
27900,100,600,"bu","09:21:38",52800
27900,100,1400,"bu","09:21:31",52200
27900,100,5000,"bu","09:21:31",50800
27900,100,300,"bu","09:21:31",45800
27900,100,500,"bu","09:21:31",45500
27900,100,1000,"bu","09:21:31",45000
27900,100,200,"bu","09:21:31",44000
27900,100,1000,"bu","09:21:31",43800
27900,100,400,"bu","09:21:31",42800
27900,100,200,"bu","09:21:31",42400
27900,100,1000,"bu","09:21:24",42200
27900,100,200,"bu","09:20:38",41200
27850,50,200,"sd","09:20:12",41000
27850,50,800,"sd","09:20:12",40800
27850,50,600,"sd","09:19:56",40000
27850,50,4400,"sd","09:19:56",39400
27850,50,6000,"sd","09:19:42",35000
27850,50,300,"sd","09:19:25",29000
27850,50,500,"sd","09:19:08",28700
27850,50,200,"sd","09:18:44",28200
27850,50,5000,"sd","09:18:30",28000
27900,100,1000,"bu","09:18:05",23000
27900,100,800,"bu","09:17:49",22000
27900,100,200,"bu","09:17:49",21200
27850,50,2000,"bu","09:17:06",21000
27850,50,3400,"bu","09:17:06",19000
27850,50,1000,"bu","09:16:26",15600
27850,50,100,"bu","09:16:21",14600
27850,50,500,"bu","09:16:20",14500
27850,50,300,"bu","09:16:20",14000
27850,50,500,"bu","09:16:20",13700
27850,50,200,"bu","09:16:17",13200
27850,50,300,"bu","09:16:13",13000
27850,50,100,"bu","09:16:09",12700
27850,50,1000,"bu","09:15:50",12600
27850,50,500,"bu","09:15:50",11600
27850,50,500,"bu","09:15:33",11100
27850,50,100,"bu","09:15:33",10600
27850,50,300,"bu","09:15:33",10500
27850,50,200,"bu","09:15:33",10200
27800,0,1000,"sd","09:15:12",10000
27800,0,100,"sd","09:15:09",9000
27800,0,1300,"sd","09:15:02",8900
27800,0,7600,"unknown","09:15:00",7600
