"price","change","match_qtty","side","time","total_vol"
14150,250,37300,"unknown","14:44:59",1075500
14250,350,1600,"bu","14:29:30",1038200
14250,350,1000,"bu","14:29:30",1036600
14250,350,1000,"bu","14:29:30",1035600
14250,350,5000,"bu","14:29:30",1034600
14250,350,1400,"bu","14:29:30",1029600
14200,300,1000,"sd","14:29:07",1028200
14200,300,800,"bu","14:28:24",1027200
14200,300,1000,"bu","14:28:20",1026400
14200,300,500,"bu","14:28:20",1025400
14200,300,6700,"bu","14:28:08",1024900
14150,250,200,"sd","14:27:24",1018200
14200,300,100,"bu","14:27:09",1018000
14200,300,500,"sd","14:27:08",1017900
14200,300,400,"sd","14:27:08",1017400
14200,300,100,"sd","14:27:05",1017000
14200,300,900,"sd","14:27:05",1016900
14200,300,1100,"bu","14:26:05",1016000
14200,300,500,"bu","14:26:03",1014900
14200,300,500,"bu","14:26:03",1014400
14200,300,100,"bu","14:26:03",1013900
14200,300,200,"bu","14:26:03",1013800
14200,300,100,"bu","14:25:32",1013600
14200,300,500,"bu","14:25:10",1013500
14200,300,1500,"bu","14:25:07",1013000
14200,300,1000,"bu","14:25:02",1011500
14200,300,1700,"bu","14:23:47",1010500
14200,300,5000,"bu","14:23:47",1008800
14200,300,300,"bu","14:23:47",1003800
14150,250,4100,"sd","14:21:21",1003500
14150,250,2000,"sd","14:19:43",999400
14150,250,1000,"sd","14:19:11",997400
14150,250,1400,"sd","14:16:49",996400
14150,250,100,"sd","14:16:49",995000
14150,250,100,"sd","14:16:32",994900
14150,250,1500,"sd","14:14:48",994800
14150,250,300,"sd","14:14:20",993300
14200,300,200,"sd","14:14:03",993000
14200,300,1000,"sd","14:14:03",992800
14200,300,100,"sd","14:13:28",991800
14200,300,4000,"sd","14:12:30",991700
14200,300,4900,"sd","14:11:32",987700
14200,300,100,"sd","14:11:32",982800
14200,300,900,"sd","14:08:58",982700
14200,300,2100,"sd","14:08:58",981800
14200,300,2900,"sd","14:08:15",979700
14200,300,2800,"sd","14:08:15",976800
14200,300,200,"sd","14:08:15",974000
14200,300,1000,"sd","14:08:15",973800
14200,300,1300,"sd","14:08:15",972800
14200,300,3000,"sd","14:07:57",971500
14200,300,2700,"sd","14:06:14",968500
14200,300,1600,"sd","14:06:14",965800
14200,300,700,"sd","14:06:14",964200
14200,300,500,"sd","14:05:11",963500
14250,350,500,"bu","14:04:17",963000
14250,350,100,"bu","14:00:09",962500
14200,300,1800,"bu","13:58:18",962400
14200,300,200,"sd","13:57:41",960600
14200,300,300,"sd","13:54:36",960400
14200,300,200,"bu","13:54:27",960100
14200,300,300,"bu","13:54:27",959900
14200,300,100,"sd","13:53:06",959600
14200,300,100,"sd","13:53:06",959500
14200,300,100,"sd","13:51:36",959400
14200,300,500,"sd","13:51:36",959300
14200,300,1500,"sd","13:51:36",958800
14200,300,2000,"sd","13:51:36",957300
14200,300,100,"sd","13:51:36",955300
14200,300,800,"sd","13:51:36",955200
14200,300,100,"sd","13:51:09",954400
14200,300,1000,"sd","13:50:44",954300
14200,300,200,"sd","13:50:23",953300
14200,300,400,"sd","13:49:36",953100
14200,300,1000,"sd","13:49:36",952700
14200,300,200,"sd","13:49:36",951700
14200,300,600,"sd","13:49:36",951500
14200,300,100,"sd","13:49:36",950900
14200,300,300,"sd","13:49:36",950800
14200,300,3600,"sd","13:49:36",950500
14200,300,300,"sd","13:49:36",946900
14200,300,3000,"sd","13:49:36",946600
14200,300,500,"sd","13:49:36",943600
14250,350,300,"bu","13:47:57",943100
14250,350,2500,"bu","13:47:51",942800
14250,350,19000,"bu","13:47:32",940300
14250,350,1000,"bu","13:47:31",921300
14250,350,500,"sd","13:46:49",920300
14250,350,2300,"sd","13:46:49",919800
14250,350,200,"sd","13:46:49",917500
14250,350,900,"sd","13:46:49",917300
14250,350,100,"sd","13:46:49",916400
14250,350,300,"sd","13:46:13",916300
14300,400,600,"bu","13:46:05",916000
14300,400,200,"bu","13:45:33",915400
14300,400,100,"bu","13:45:33",915200
14300,400,100,"bu","13:45:33",915100
14250,350,100,"sd","13:45:33",915000
14300,400,800,"bu","13:45:22",914900
14300,400,4100,"bu","13:44:35",914100
14300,400,1000,"bu","13:44:35",910000
14300,400,300,"bu","13:44:35",909000
14300,400,400,"bu","13:44:35",908700
14300,400,500,"bu","13:44:35",908300
14300,400,1000,"bu","13:44:35",907800
14300,400,2000,"bu","13:44:35",906800
14300,400,5000,"bu","13:44:35",904800
14300,400,700,"bu","13:44:35",899800
14300,400,300,"bu","13:42:18",899100
14300,400,100,"bu","13:42:18",898800
14300,400,100,"bu","13:42:18",898700
14300,400,100,"bu","13:42:18",898600
14300,400,1000,"bu","13:42:18",898500
14300,400,800,"bu","13:42:18",897500
14250,350,600,"bu","13:42:18",896700
14250,350,1400,"bu","13:42:16",896100
14250,350,1600,"bu","13:42:16",894700
14250,350,2500,"bu","13:41:49",893100
14250,350,3900,"bu","13:40:11",890600
14250,350,1100,"bu","13:40:11",886700
14250,350,900,"bu","13:40:03",885600
14250,350,100,"bu","13:40:03",884700
14250,350,100,"bu","13:39:46",884600
14250,350,200,"bu","13:39:46",884500
14250,350,200,"bu","13:39:46",884300
14250,350,1000,"bu","13:39:46",884100
14250,350,2000,"bu","13:39:46",883100
14250,350,5000,"bu","13:39:46",881100
14250,350,6500,"bu","13:39:46",876100
14250,350,1200,"bu","13:39:41",869600
14250,350,7300,"bu","13:36:56",868400
14250,350,100,"bu","13:36:56",861100
14250,350,5000,"bu","13:36:56",861000
14250,350,1100,"bu","13:36:56",856000
14250,350,200,"bu","13:35:40",854900
14200,300,5000,"sd","13:34:33",854700
14200,300,9100,"sd","13:34:12",849700
14200,300,100,"sd","13:34:12",840600
14200,300,200,"sd","13:34:12",840500
14200,300,600,"sd","13:34:12",840300
14200,300,400,"sd","13:33:59",839700
14200,300,500,"sd","13:33:59",839300
14200,300,3200,"sd","13:33:59",838800
14200,300,700,"sd","13:33:59",835600
14200,300,200,"sd","13:33:59",834900
14200,300,300,"sd","13:33:58",834700
14200,300,500,"sd","13:33:58",834400
14200,300,2000,"sd","13:33:58",833900
14200,300,5100,"sd","13:33:58",831900
14250,350,200,"bu","13:31:49",826800
14250,350,500,"bu","13:30:47",826600
14250,350,500,"bu","13:30:28",826100
14250,350,1000,"bu","13:30:28",825600
14250,350,1500,"bu","13:30:28",824600
14250,350,100,"bu","13:29:35",823100
14200,300,400,"sd","13:29:29",823000
14250,350,1600,"sd","13:29:29",822600
14250,350,100,"bu","13:29:27",821000
14250,350,900,"bu","13:29:13",820900
14250,350,1000,"bu","13:29:13",820000
14250,350,200,"bu","13:29:13",819000
14250,350,900,"bu","13:29:13",818800
14250,350,8000,"bu","13:29:13",817900
14250,350,1100,"bu","13:28:02",809900
14250,350,1900,"bu","13:28:02",808800
14200,300,400,"sd","13:27:46",806900
14200,300,100,"sd","13:27:13",806500
14200,300,500,"sd","13:27:12",806400
14200,300,200,"bu","13:26:57",805900
14200,300,200,"bu","13:26:57",805700
14200,300,200,"bu","13:26:57",805500
14200,300,2000,"bu","13:26:57",805300
14200,300,100,"bu","13:26:57",803300
14200,300,100,"bu","13:26:57",803200
14200,300,700,"bu","13:26:57",803100
14150,250,1000,"sd","13:26:35",802400
14200,300,300,"bu","13:25:36",801400
14200,300,200,"bu","13:25:07",801100
14200,300,200,"bu","13:24:49",800900
14200,300,1400,"bu","13:24:36",800700
14200,300,2200,"bu","13:24:18",799300
14200,300,1000,"bu","13:24:18",797100
14200,300,2000,"bu","13:24:18",796100
14200,300,1000,"bu","13:24:18",794100
14200,300,1000,"bu","13:24:18",793100
14200,300,3000,"bu","13:24:18",792100
14200,300,6700,"bu","13:24:18",789100
14200,300,500,"bu","13:24:18",782400
14200,300,2600,"bu","13:24:18",781900
14150,250,300,"sd","13:23:11",779300
14150,250,100,"bu","13:22:53",779000
14150,250,1000,"bu","13:22:42",778900
14150,250,3900,"sd","13:22:19",777900
14150,250,100,"sd","13:22:00",774000
14150,250,2900,"sd","13:22:00",773900
14150,250,1300,"sd","13:21:37",771000
14150,250,100,"bu","13:21:06",769700
14150,250,1700,"bu","13:21:06",769600
14150,250,2300,"bu","13:20:47",767900
14150,250,100,"bu","13:20:47",765600
14150,250,100,"bu","13:20:27",765500
14150,250,200,"bu","13:20:15",765400
14150,250,1000,"bu","13:20:03",765200
14150,250,3600,"bu","13:19:54",764200
14150,250,400,"bu","13:19:54",760600
14150,250,3600,"bu","13:19:11",760200
14150,250,500,"bu","13:19:11",756600
14150,250,900,"bu","13:19:11",756100
14150,250,100,"bu","13:19:05",755200
14150,250,200,"bu","13:19:05",755100
14150,250,200,"bu","13:19:05",754900
14150,250,2800,"bu","13:18:58",754700
14150,250,7200,"bu","13:18:58",751900
14150,250,500,"bu","13:18:53",744700
14150,250,100,"bu","13:18:46",744200
14150,250,3000,"bu","13:18:24",744100
14150,250,2000,"bu","13:17:00",741100
14150,250,1000,"bu","13:16:58",739100
14100,200,200,"sd","13:16:46",738100
14100,200,300,"sd","13:16:46",737900
14100,200,2000,"sd","13:16:46",737600
14100,200,2500,"sd","13:16:26",735600
14150,250,5000,"bu","13:16:24",733100
14100,200,1000,"sd","13:14:26",728100
14100,200,2000,"sd","13:11:24",727100
14100,200,5000,"sd","13:10:41",725100
14100,200,1000,"sd","13:09:32",720100
14150,250,600,"sd","13:08:03",719100
14150,250,100,"sd","13:08:03",718500
14150,250,500,"sd","13:08:03",718400
14150,250,1400,"sd","13:07:45",717900
14150,250,600,"bu","13:07:09",716500
14150,250,100,"bu","13:06:56",715900
14150,250,1300,"sd","13:06:53",715800
14150,250,700,"bu","13:06:39",714500
14150,250,300,"bu","13:06:37",713800
14150,250,200,"bu","13:06:37",713500
14150,250,500,"bu","13:06:02",713300
14150,250,500,"bu","13:05:47",712800
14150,250,100,"bu","13:05:32",712300
14150,250,1000,"sd","13:04:37",712200
14150,250,1000,"sd","13:04:37",711200
14150,250,1000,"sd","13:04:37",710200
14150,250,1700,"sd","13:04:37",709200
14150,250,200,"sd","13:04:17",707500
14150,250,500,"sd","13:04:02",707300
14150,250,500,"sd","13:04:01",706800
14150,250,100,"bu","13:03:45",706300
14100,200,500,"sd","13:03:09",706200
14100,200,1800,"sd","13:00:47",705700
14150,250,800,"sd","13:00:47",703900
14150,250,200,"bu","13:00:35",703100
14150,250,100,"bu","13:00:33",702900
14150,250,1900,"bu","13:00:33",702800
14150,250,100,"bu","13:00:15",700900
14150,250,6900,"sd","13:00:14",700800
14150,250,10000,"sd","13:00:14",693900
14150,250,1000,"sd","13:00:14",683900
14150,250,100,"sd","13:00:14",682900
14150,250,400,"sd","13:00:12",682800
14150,250,5000,"sd","13:00:12",682400
14150,250,100,"sd","13:00:12",677400
14150,250,200,"sd","13:00:12",677300
14150,250,1000,"sd","13:00:12",677100
14150,250,8300,"sd","13:00:12",676100
14150,250,1700,"sd","13:00:12",667800
14150,250,4100,"sd","13:00:12",666100
14150,250,900,"sd","13:00:11",662000
14150,250,500,"sd","13:00:11",661100
14150,250,100,"sd","13:00:11",660600
14150,250,100,"sd","13:00:04",660500
14150,250,300,"sd","13:00:00",660400
14150,250,100,"bu","11:29:03",660100
14150,250,500,"bu","11:28:34",660000
14100,200,5000,"sd","11:28:01",659500
14150,250,200,"bu","11:26:39",654500
14150,250,100,"bu","11:26:11",654300
14150,250,2000,"bu","11:25:53",654200
14150,250,100,"bu","11:24:38",652200
14150,250,300,"bu","11:24:38",652100
14150,250,200,"bu","11:24:20",651800
14150,250,400,"bu","11:24:20",651600
14150,250,100,"bu","11:20:52",651200
14150,250,200,"bu","11:20:26",651100
14150,250,300,"bu","11:20:26",650900
14150,250,1000,"bu","11:20:18",650600
14150,250,400,"bu","11:17:47",649600
14100,200,1200,"sd","11:17:39",649200
14100,200,300,"sd","11:17:39",648000
14100,200,100,"sd","11:17:39",647700
14150,250,100,"sd","11:15:57",647600
14150,250,1500,"sd","11:15:57",647500
14150,250,100,"sd","11:15:57",646000
14150,250,600,"sd","11:15:57",645900
14150,250,100,"sd","11:15:48",645300
14150,250,400,"sd","11:14:35",645200
14150,250,500,"sd","11:13:42",644800
14150,250,400,"sd","11:13:21",644300
14150,250,100,"sd","11:13:21",643900
14150,250,900,"sd","11:13:21",643800
14150,250,100,"sd","11:13:21",642900
14150,250,1500,"sd","11:13:21",642800
14150,250,500,"sd","11:12:19",641300
14200,300,200,"bu","11:10:38",640800
14200,300,100,"bu","11:10:09",640600
14150,250,3000,"bu","11:07:32",640500
14150,250,1000,"bu","11:06:21",637500
14150,250,1400,"sd","11:06:13",636500
14150,250,500,"sd","11:06:11",635100
14150,250,1600,"sd","11:06:00",634600
14150,250,200,"sd","11:06:00",633000
14150,250,2100,"sd","11:06:00",632800
14150,250,1500,"sd","11:03:43",630700
14150,250,1400,"sd","11:03:12",629200
14150,250,600,"sd","11:03:12",627800
14150,250,100,"sd","11:03:11",627200
14150,250,300,"sd","11:03:11",627100
14150,250,100,"sd","11:03:11",626800
14150,250,900,"sd","11:03:03",626700
14150,250,1000,"sd","11:03:03",625800
14150,250,100,"sd","11:03:03",624800
14200,300,500,"bu","10:58:35",624700
14200,300,200,"sd","10:56:55",624200
14250,350,100,"bu","10:54:17",624000
14250,350,1000,"bu","10:54:17",623900
14200,300,400,"sd","10:53:16",622900
14200,300,500,"sd","10:53:14",622500
14200,300,200,"sd","10:53:10",622000
14200,300,400,"bu","10:52:40",621800
14200,300,600,"sd","10:51:35",621400
14200,300,1000,"sd","10:50:34",620800
14200,300,500,"sd","10:50:31",619800
14200,300,3000,"bu","10:48:33",619300
14200,300,200,"bu","10:48:33",616300
14200,300,100,"bu","10:48:33",616100
14200,300,100,"bu","10:48:33",616000
14200,300,2400,"bu","10:48:33",615900
14150,250,100,"bu","10:47:45",613500
14150,250,300,"sd","10:47:44",613400
14150,250,1300,"sd","10:47:44",613100
14150,250,1000,"sd","10:47:44",611800
14150,250,100,"sd","10:47:44",610800
14150,250,400,"sd","10:47:44",610700
14150,250,5000,"sd","10:47:44",610300
14150,250,100,"sd","10:47:44",605300
14150,250,500,"sd","10:47:44",605200
14150,250,100,"sd","10:47:44",604700
14150,250,1000,"sd","10:47:44",604600
14150,250,400,"sd","10:47:44",603600
14150,250,100,"sd","10:47:44",603200
14150,250,200,"sd","10:43:50",603100
14150,250,200,"sd","10:41:48",602900
14150,250,800,"sd","10:41:48",602700
14200,300,1600,"bu","10:39:59",601900
14200,300,200,"bu","10:39:59",600300
14200,300,100,"bu","10:39:59",600100
14200,300,100,"bu","10:39:59",600000
14200,300,1000,"bu","10:39:08",599900
14200,300,1000,"bu","10:38:50",598900
14200,300,100,"bu","10:38:05",597900
14200,300,800,"bu","10:36:54",597800
14200,300,1000,"bu","10:36:54",597000
14200,300,2000,"sd","10:35:12",596000
14200,300,200,"sd","10:35:12",594000
14200,300,100,"sd","10:35:12",593800
14200,300,2000,"sd","10:35:12",593700
14200,300,1000,"sd","10:34:28",591700
14200,300,500,"bu","10:32:23",590700
14200,300,200,"bu","10:32:23",590200
14200,300,5000,"bu","10:32:17",590000
14200,300,9800,"bu","10:31:54",585000
14200,300,4400,"bu","10:31:54",575200
14200,300,5000,"bu","10:31:54",570800
14200,300,800,"bu","10:31:54",565800
14200,300,500,"bu","10:30:20",565000
14150,250,300,"sd","10:30:16",564500
14150,250,5000,"sd","10:30:16",564200
14200,300,1500,"bu","10:29:55",559200
14200,300,100,"bu","10:28:58",557700
14200,300,1000,"sd","10:28:38",557600
14200,300,1000,"sd","10:28:38",556600
14200,300,100,"sd","10:28:38",555600
14200,300,1900,"sd","10:28:30",555500
14200,300,3100,"sd","10:28:30",553600
14200,300,6900,"sd","10:28:21",550500
14200,300,3100,"sd","10:28:21",543600
14200,300,1900,"sd","10:27:40",540500
14200,300,100,"sd","10:27:40",538600
14200,300,2000,"sd","10:27:40",538500
14200,300,600,"sd","10:27:40",536500
14200,300,1000,"sd","10:27:26",535900
14200,300,600,"sd","10:27:10",534900
14250,350,800,"sd","10:26:33",534300
14250,350,2400,"sd","10:26:33",533500
14250,350,100,"sd","10:26:33",531100
14250,350,1000,"sd","10:26:33",531000
14250,350,300,"sd","10:26:33",530000
14250,350,200,"sd","10:24:44",529700
14250,350,800,"sd","10:24:44",529500
14250,350,1200,"sd","10:24:23",528700
14250,350,1000,"sd","10:23:20",527500
14300,400,1000,"sd","10:22:45",526500
14300,400,5300,"sd","10:22:45",525500
14300,400,1000,"sd","10:22:45",520200
14300,400,100,"sd","10:22:45",519200
14300,400,1500,"sd","10:22:45",519100
14300,400,500,"sd","10:22:45",517600
14300,400,30000,"sd","10:22:45",517100
14300,400,100,"sd","10:22:45",487100
14300,400,1400,"sd","10:22:45",487000
14300,400,2000,"sd","10:22:45",485600
14300,400,2000,"sd","10:22:45",483600
14300,400,300,"sd","10:22:45",481600
14350,450,400,"bu","10:21:29",481300
14350,450,600,"bu","10:21:29",480900
14300,400,1000,"sd","10:19:53",480300
14350,450,400,"bu","10:18:57",479300
14350,450,100,"bu","10:18:57",478900
14350,450,500,"bu","10:18:57",478800
14350,450,500,"bu","10:17:56",478300
14350,450,500,"bu","10:17:56",477800
14350,450,400,"bu","10:17:56",477300
14350,450,300,"bu","10:17:56",476900
14350,450,600,"bu","10:17:56",476600
14350,450,3000,"bu","10:17:56",476000
14350,450,5000,"bu","10:17:56",473000
14350,450,1600,"bu","10:17:56",468000
14300,400,100,"sd","10:17:42",466400
14350,450,200,"bu","10:15:07",466300
14350,450,200,"bu","10:15:00",466100
14350,450,400,"bu","10:15:00",465900
14350,450,1000,"bu","10:15:00",465500
14350,450,400,"bu","10:15:00",464500
14350,450,100,"bu","10:14:25",464100
14350,450,500,"bu","10:12:42",464000
14300,400,3600,"sd","10:12:24",463500
14300,400,1400,"sd","10:12:24",459900
14300,400,1000,"sd","10:11:24",458500
14350,450,2000,"bu","10:11:20",457500
14350,450,1800,"sd","10:10:22",455500
14350,450,1200,"sd","10:10:22",453700
14400,500,2000,"bu","10:10:10",452500
14350,450,3800,"sd","10:10:07",450500
14350,450,1200,"sd","10:10:07",446700
14350,450,300,"sd","10:10:00",445500
14350,450,1500,"sd","10:09:33",445200
14350,450,3000,"sd","10:09:33",443700
14350,450,800,"sd","10:09:33",440700
14350,450,2000,"sd","10:09:33",439900
14350,450,2700,"sd","10:09:33",437900
14350,450,1000,"sd","10:09:28",435200
14350,450,1300,"sd","10:09:28",434200
14350,450,1200,"sd","10:09:28",432900
14350,450,300,"sd","10:08:02",431700
14350,450,500,"sd","10:07:43",431400
14350,450,900,"sd","10:07:08",430900
14350,450,1000,"sd","10:06:28",430000
14350,450,500,"sd","10:05:29",429000
14400,500,5100,"bu","10:05:27",428500
14400,500,100,"bu","10:05:27",423400
14400,500,100,"bu","10:05:27",423300
14400,500,1000,"bu","10:05:27",423200
14400,500,1000,"bu","10:04:55",422200
14400,500,2000,"bu","10:04:55",421200
14400,500,3800,"bu","10:04:55",419200
14400,500,2500,"bu","10:04:45",415400
14400,500,100,"bu","10:04:28",412900
14400,500,100,"bu","10:04:06",412800
14400,500,1000,"bu","10:03:57",412700
14400,500,400,"bu","10:03:29",411700
14400,500,300,"bu","10:03:28",411300
14400,500,400,"bu","10:03:06",411000
14400,500,900,"bu","10:02:49",410600
14350,450,500,"sd","10:02:17",409700
14350,450,100,"bu","10:01:59",409200
14350,450,1900,"bu","10:01:26",409100
14350,450,300,"bu","10:01:26",407200
14350,450,200,"bu","10:01:26",406900
14350,450,3700,"bu","10:01:26",406700
14350,450,3000,"bu","10:01:26",403000
14350,450,1000,"bu","10:01:26",400000
14350,450,300,"bu","10:01:26",399000
14350,450,100,"bu","10:01:26",398700
14350,450,100,"bu","10:01:26",398600
14350,450,500,"bu","10:01:26",398500
14350,450,100,"bu","10:01:26",398000
14350,450,500,"bu","10:01:26",397900
14350,450,3000,"bu","10:01:26",397400
14350,450,100,"bu","10:00:00",394400
14350,450,1900,"bu","09:59:24",394300
14350,450,100,"bu","09:59:24",392400
14350,450,1000,"bu","09:59:24",392300
14350,450,500,"bu","09:59:24",391300
14350,450,5000,"bu","09:59:24",390800
14350,450,100,"bu","09:59:24",385800
14350,450,10000,"bu","09:59:24",385700
14350,450,1400,"bu","09:59:24",375700
14300,400,600,"sd","09:58:24",374300
14300,400,100,"sd","09:58:04",373700
14300,400,500,"sd","09:55:21",373600
14300,400,200,"sd","09:54:54",373100
14300,400,200,"bu","09:52:48",372900
14300,400,1000,"bu","09:52:48",372700
14300,400,1100,"bu","09:52:44",371700
14300,400,2800,"bu","09:52:08",370600
14300,400,1700,"bu","09:51:56",367800
14300,400,2400,"bu","09:51:14",366100
14300,400,1000,"sd","09:50:35",363700
14300,400,500,"sd","09:50:35",362700
14300,400,100,"sd","09:50:02",362200
14300,400,1400,"bu","09:49:57",362100
14300,400,100,"bu","09:49:52",360700
14300,400,900,"bu","09:49:52",360600
14300,400,2000,"bu","09:48:48",359700
14300,400,2100,"bu","09:48:37",357700
14300,400,500,"bu","09:48:37",355600
14300,400,1000,"bu","09:48:37",355100
14300,400,1000,"bu","09:48:37",354100
14300,400,2000,"bu","09:48:37",353100
14300,400,1000,"bu","09:48:37",351100
14300,400,100,"bu","09:48:37",350100
14300,400,600,"bu","09:48:37",350000
14300,400,1700,"bu","09:48:37",349400
14250,350,1000,"sd","09:48:23",347700
14250,350,3000,"bu","09:48:11",346700
14250,350,1300,"bu","09:48:11",343700
14250,350,200,"sd","09:47:41",342400
14250,350,300,"sd","09:47:41",342200
14250,350,100,"sd","09:47:41",341900
14250,350,600,"sd","09:47:25",341800
14250,350,500,"sd","09:47:25",341200
14250,350,1900,"sd","09:47:25",340700
14250,350,200,"sd","09:47:10",338800
14250,350,2000,"sd","09:47:10",338600
14250,350,300,"sd","09:47:10",336600
14300,400,7000,"bu","09:46:22",336300
14300,400,600,"bu","09:45:26",329300
14300,400,700,"bu","09:42:02",328700
14300,400,1200,"bu","09:42:02",328000
14300,400,400,"bu","09:42:02",326800
14300,400,100,"bu","09:42:01",326400
14300,400,900,"bu","09:42:01",326300
14300,400,100,"bu","09:41:26",325400
14300,400,3000,"bu","09:41:26",325300
14300,400,5000,"bu","09:41:26",322300
14300,400,100,"bu","09:41:26",317300
14300,400,1500,"bu","09:41:26",317200
14300,400,100,"bu","09:41:26",315700
14300,400,200,"bu","09:41:26",315600
14250,350,1000,"sd","09:41:20",315400
14250,350,1000,"sd","09:40:53",314400
14250,350,1200,"bu","09:40:08",313400
14250,350,1000,"sd","09:38:41",312200
14250,350,1800,"sd","09:38:41",311200
14300,400,500,"bu","09:38:28",309400
14300,400,500,"bu","09:38:28",308900
14300,400,200,"bu","09:38:28",308400
14300,400,100,"bu","09:38:28",308200
14300,400,200,"bu","09:38:28",308100
14300,400,1000,"bu","09:38:28",307900
14300,400,2000,"bu","09:38:28",306900
14300,400,200,"bu","09:38:28",304900
14300,400,200,"bu","09:38:28",304700
14300,400,5100,"bu","09:38:28",304500
14250,350,200,"sd","09:37:24",299400
14250,350,800,"sd","09:37:24",299200
14300,400,200,"bu","09:37:14",298400
14300,400,3500,"bu","09:36:19",298200
14300,400,1000,"bu","09:36:19",294700
14300,400,1000,"bu","09:36:19",293700
14300,400,400,"bu","09:36:19",292700
14300,400,300,"bu","09:36:19",292300
14300,400,1000,"bu","09:36:19",292000
14300,400,1000,"bu","09:36:19",291000
14300,400,100,"bu","09:36:19",290000
14300,400,1500,"bu","09:36:19",289900
14300,400,200,"bu","09:36:19",288400
14250,350,200,"sd","09:35:38",288200
14300,400,200,"bu","09:35:18",288000
14300,400,100,"bu","09:35:18",287800
14300,400,2900,"bu","09:35:18",287700
14300,400,100,"bu","09:35:05",284800
14300,400,300,"bu","09:35:05",284700
14300,400,3800,"bu","09:35:05",284400
14300,400,400,"bu","09:35:05",280600
14300,400,100,"bu","09:34:06",280200
14300,400,200,"bu","09:34:06",280100
14300,400,100,"bu","09:34:06",279900
14200,300,100,"bu","09:33:43",279800
14200,300,1000,"bu","09:33:43",279700
14200,300,300,"bu","09:33:43",278700
14200,300,200,"bu","09:33:43",278400
14200,300,200,"bu","09:33:43",278200
14200,300,1000,"bu","09:33:43",278000
14200,300,2000,"bu","09:33:22",277000
14150,250,2400,"bu","09:33:14",275000
14150,250,800,"bu","09:33:05",272600
14150,250,100,"bu","09:32:34",271800
14150,250,100,"bu","09:32:20",271700
14150,250,1400,"sd","09:31:28",271600
14150,250,100,"sd","09:31:28",270200
14150,250,100,"sd","09:31:28",270100
14150,250,100,"sd","09:29:48",270000
14150,250,100,"bu","09:29:25",269900
14150,250,300,"bu","09:29:25",269800
14150,250,300,"bu","09:28:50",269500
14100,200,6800,"sd","09:27:59",269200
14100,200,100,"sd","09:27:59",262400
14100,200,100,"sd","09:27:59",262300
14100,200,3000,"sd","09:27:59",262200
14100,200,1000,"sd","09:27:58",259200
14150,250,1800,"bu","09:27:46",258200
14150,250,100,"bu","09:27:46",256400
14150,250,100,"bu","09:27:46",256300
14100,200,500,"sd","09:27:32",256200
14100,200,500,"sd","09:27:15",255700
14100,200,100,"sd","09:27:12",255200
14150,250,600,"bu","09:27:12",255100
14150,250,2400,"bu","09:27:12",254500
14100,200,500,"sd","09:26:33",252100
14150,250,100,"bu","09:26:29",251600
14100,200,1000,"sd","09:26:26",251500
14150,250,1000,"sd","09:26:04",250500
14200,300,5000,"sd","09:25:54",249500
14200,300,2000,"sd","09:25:54",244500
14200,300,7000,"sd","09:25:54",242500
14200,300,4000,"sd","09:25:54",235500
14200,300,400,"sd","09:25:11",231500
14200,300,500,"sd","09:25:10",231100
14200,300,5100,"bu","09:25:06",230600
14200,300,400,"bu","09:25:06",225500
14200,300,600,"bu","09:25:06",225100
14200,300,5000,"bu","09:24:52",224500
14200,300,300,"sd","09:24:43",219500
14200,300,5000,"sd","09:24:43",219200
14200,300,11500,"sd","09:24:43",204200
14200,300,10000,"sd","09:24:43",214200
14250,350,1300,"sd","09:24:43",192700
14250,350,300,"sd","09:24:43",191400
14250,350,500,"sd","09:24:43",191100
14250,350,5000,"sd","09:24:43",190600
14250,350,5000,"sd","09:24:43",185600
14300,400,1900,"sd","09:24:29",180600
14300,400,500,"sd","09:24:18",178700
14300,400,500,"bu","09:24:14",178200
14300,400,2100,"bu","09:24:14",177700
14300,400,700,"sd","09:24:01",175600
14300,400,100,"sd","09:24:01",174900
14300,400,100,"sd","09:24:01",174800
14300,400,2100,"sd","09:23:51",174700
14300,400,1000,"sd","09:23:45",172600
14300,400,3000,"sd","09:23:35",171600
14300,400,7000,"sd","09:23:19",168600
14350,450,700,"bu","09:22:23",161600
14300,400,2000,"sd","09:22:18",160900
14350,450,1900,"bu","09:22:02",158900
14350,450,600,"bu","09:22:02",157000
14350,450,100,"bu","09:21:09",156400
14300,400,400,"sd","09:20:53",156300
14300,400,1500,"sd","09:20:51",155900
14300,400,100,"sd","09:20:49",154400
14300,400,300,"bu","09:20:46",154300
14300,400,1500,"bu","09:20:46",154000
14300,400,1000,"bu","09:20:46",152500
14300,400,500,"sd","09:20:13",151500
14300,400,800,"sd","09:20:13",151000
14300,400,200,"sd","09:20:13",150200
14300,400,6400,"sd","09:20:13",150000
14300,400,200,"sd","09:19:46",143600
14350,450,700,"bu","09:19:40",143400
14350,450,7800,"sd","09:19:35",142700
14350,450,100,"sd","09:19:31",134900
14350,450,10000,"sd","09:19:28",134800
14350,450,500,"sd","09:19:20",124800
14350,450,100,"sd","09:19:17",124300
14350,450,1500,"sd","09:19:15",124200
14350,450,3000,"sd","09:19:15",122700
14350,450,300,"sd","09:19:06",119700
14350,450,500,"sd","09:19:05",119400
14350,450,1200,"sd","09:19:04",118900
14350,450,100,"sd","09:19:04",117700
14350,450,3700,"sd","09:19:04",117600
14350,450,1000,"sd","09:18:56",113900
14400,500,500,"bu","09:18:40",112900
14400,500,600,"bu","09:18:40",112400
14400,500,2000,"bu","09:18:40",111800
14400,500,900,"bu","09:18:40",109800
14400,500,2000,"bu","09:18:30",108900
14400,500,1700,"bu","09:18:22",106900
14400,500,1300,"bu","09:18:22",105200
14400,500,100,"bu","09:18:18",103900
14400,500,300,"bu","09:18:14",103800
14400,500,3300,"bu","09:17:53",103500
14400,500,1300,"bu","09:17:53",100200
14400,500,5000,"bu","09:17:47",98900
14400,500,300,"bu","09:17:43",93900
14350,450,200,"sd","09:17:29",93600
14400,500,1200,"bu","09:17:10",93400
14400,500,2000,"bu","09:17:10",92200
14400,500,1800,"bu","09:17:10",90200
14350,450,1400,"sd","09:17:08",88400
14400,500,300,"bu","09:16:59",87000
14350,450,200,"sd","09:16:52",86700
14400,500,200,"bu","09:16:47",86500
14400,500,1200,"bu","09:16:37",86300
14400,500,2000,"bu","09:16:37",85100
14350,450,2000,"sd","09:16:34",83100
14350,450,100,"sd","09:16:29",81100
14350,450,300,"bu","09:16:29",81000
14350,450,1000,"bu","09:16:19",80700
14300,400,500,"sd","09:16:14",79700
14350,450,1000,"bu","09:16:09",79200
14400,500,4400,"bu","09:16:02",78200
14350,450,100,"bu","09:16:02",73800
14350,450,500,"bu","09:16:02",73700
14300,400,900,"sd","09:16:01",73200
14300,400,900,"sd","09:16:00",72300
14300,400,100,"bu","09:15:40",71400
14300,400,1900,"bu","09:15:40",71300
14300,400,1000,"bu","09:15:40",69400
14300,400,1000,"bu","09:15:40",68400
14300,400,7100,"bu","09:15:40",67400
14250,350,1000,"sd","09:15:34",60300
14300,400,6900,"bu","09:15:27",59300
14300,400,600,"bu","09:15:27",52400
14300,400,400,"bu","09:15:19",51800
14300,400,200,"bu","09:15:19",51400
14300,400,400,"bu","09:15:19",51200
14300,400,50800,"bu","09:15:00",50800
