"price","change","match_qtty","side","time","total_vol"
4000,500,800,"unknown","14:40:21",250600
4000,500,100,"bu","14:38:23",249800
4000,500,1100,"bu","14:37:52",249700
4000,500,100,"sd","13:57:29",248600
4000,500,1000,"sd","13:54:31",248500
3900,400,1100,"sd","13:54:20",247500
4000,500,1000,"unknown","13:47:46",246400
4000,500,1000,"unknown","13:45:15",245400
4000,500,2600,"unknown","13:44:47",244400
4000,500,100,"sd","13:44:32",241800
4000,500,2000,"sd","13:44:12",241700
4000,500,2000,"sd","13:43:18",239700
4000,500,1000,"sd","13:42:57",237700
4000,500,100,"sd","13:41:15",236700
4000,500,2000,"sd","13:40:06",236600
4000,500,1000,"sd","13:39:57",234600
4000,500,2000,"sd","13:39:49",233600
4000,500,5000,"sd","13:39:30",231600
4000,500,6000,"sd","13:38:50",226600
4000,500,2000,"sd","13:37:11",220600
4000,500,10000,"sd","13:35:07",218600
4000,500,1000,"sd","13:33:16",208600
4000,500,900,"sd","13:32:55",207600
4000,500,500,"sd","13:32:32",206700
4000,500,4000,"sd","13:32:18",206200
4000,500,1200,"sd","13:00:02",202200
4000,500,1000,"sd","11:26:23",201000
4000,500,4500,"sd","11:26:11",200000
4000,500,500,"sd","11:17:40",195500
4000,500,8300,"sd","11:14:10",195000
4000,500,100,"sd","11:12:52",186700
4000,500,6000,"sd","11:04:17",186600
4000,500,2300,"unknown","10:54:56",180600
4000,500,100,"sd","10:45:18",178300
4000,500,400,"sd","10:43:54",178200
4000,500,100,"sd","10:36:54",177800
4000,500,100,"sd","10:36:14",177700
4000,500,1000,"bu","10:22:15",177600
4000,500,5000,"bu","10:22:04",176600
4000,500,1000,"bu","10:21:49",171600
4000,500,3000,"bu","10:21:21",170600
4000,500,1000,"bu","10:21:06",167600
4000,500,400,"bu","10:20:58",166600
4000,500,4000,"bu","10:20:43",166200
4000,500,300,"bu","10:20:31",162200
4000,500,2000,"bu","10:20:21",161900
4000,500,1000,"bu","10:19:46",159900
4000,500,13000,"bu","10:17:09",158900
4000,500,5000,"bu","10:16:01",145900
4000,500,5000,"bu","10:14:30",140900
4000,500,7000,"bu","10:13:30",135900
3800,300,10000,"sd","10:13:12",128900
3900,400,4900,"bu","10:12:54",118900
3900,400,10000,"sd","10:12:46",114000
3900,400,3300,"sd","10:09:34",104000
3900,400,800,"bu","10:07:38",100700
4000,500,10000,"bu","10:05:52",99900
4000,500,10000,"bu","10:04:32",89900
4000,500,300,"bu","09:50:36",79900
4000,500,2000,"bu","09:49:51",79600
3600,100,2000,"sd","09:49:44",77600
3900,400,5000,"bu","09:49:15",75600
3600,100,6000,"sd","09:49:01",70600
3800,300,1000,"bu","09:46:56",64600
3800,300,100,"bu","09:42:09",63600
3800,300,400,"bu","09:40:34",63500
3800,300,1000,"bu","09:40:18",63100
3800,300,5000,"bu","09:40:09",62100
3600,100,5000,"sd","09:40:04",57100
3800,300,1000,"bu","09:39:42",52100
3800,300,6000,"bu","09:39:09",51100
3600,100,5000,"unknown","09:38:54",45100
3800,300,10000,"bu","09:37:57",40100
3600,100,10000,"unknown","09:37:53",30100
3800,300,5000,"bu","09:36:22",20100
3600,100,10000,"sd","09:36:12",15100
3800,300,300,"bu","09:30:19",5100
3800,300,300,"bu","09:29:43",4800
3800,300,300,"bu","09:23:54",4500
3700,200,1200,"sd","09:23:41",4200
3500,0,2000,"sd","09:23:20",3000
3500,0,700,"sd","09:21:57",1000
3500,0,200,"bu","09:15:30",300
3400,-100,100,"sd","09:05:48",100
