"price","change","match_qtty","side","time","total_vol"
9160,590,100,"sd","14:45:01",135400
9160,590,100,"sd","13:40:50",135300
9160,590,400,"sd","13:29:12",135200
9160,590,100,"sd","13:22:44",134800
9160,590,1000,"sd","13:21:09",134700
9160,590,1000,"sd","13:21:09",133700
9160,590,1000,"sd","13:20:23",132700
9160,590,1000,"sd","13:09:40",131700
9160,590,300,"sd","13:00:13",130700
9160,590,500,"sd","13:00:03",130400
9160,590,200,"sd","11:07:26",129900
9160,590,100,"sd","11:05:04",129700
9160,590,300,"sd","11:04:08",129600
9160,590,600,"sd","10:34:32",129300
9160,590,300,"sd","10:34:32",128700
9160,590,1800,"sd","10:34:32",128400
9160,590,3200,"sd","10:30:05",126600
9160,590,2800,"sd","10:30:05",123400
9160,590,500,"sd","10:21:24",120600
9160,590,4000,"sd","10:14:14",120100
9160,590,100,"sd","10:12:03",116100
9160,590,100,"sd","10:04:17",116000
9160,590,600,"sd","09:59:25",115900
9160,590,3300,"sd","09:59:25",115300
9160,590,6100,"sd","09:59:25",112000
9160,590,800,"sd","09:56:18",105900
9160,590,600,"sd","09:55:50",105100
9160,590,500,"sd","09:55:50",104500
9160,590,2000,"sd","09:55:50",104000
9160,590,2000,"sd","09:55:00",102000
9160,590,500,"sd","09:54:10",100000
9160,590,100,"sd","09:52:27",99500
9160,590,3400,"sd","09:51:21",99400
9160,590,600,"sd","09:49:32",96000
9160,590,5000,"sd","09:46:47",95400
9160,590,3400,"sd","09:46:01",90400
9160,590,600,"sd","09:46:01",87000
9160,590,200,"sd","09:44:36",86400
9160,590,500,"sd","09:41:48",86200
9160,590,1000,"sd","09:41:38",85700
9160,590,1700,"sd","09:40:52",84700
9160,590,1000,"sd","09:40:52",83000
9160,590,4700,"sd","09:40:52",82000
9160,590,600,"sd","09:40:35",77300
9160,590,800,"bu","09:40:14",76700
9160,590,2000,"bu","09:40:14",75900
9160,590,200,"bu","09:40:14",73900
9160,590,200,"bu","09:40:14",73700
9160,590,200,"bu","09:40:14",73500
9150,580,3000,"sd","09:40:10",73300
9150,580,100,"bu","09:40:05",70300
9150,580,3900,"bu","09:40:04",70200
9150,580,1100,"bu","09:40:04",66300
9130,560,1400,"sd","09:39:23",65200
9130,560,1900,"sd","09:39:23",63800
9150,580,100,"bu","09:39:21",61900
9130,560,100,"sd","09:38:41",61800
9130,560,100,"sd","09:38:41",61700
9130,560,1000,"sd","09:38:34",61600
9130,560,300,"sd","09:38:28",60600
9130,560,3000,"sd","09:38:06",60300
9130,560,500,"sd","09:37:56",57300
9130,560,100,"bu","09:37:43",56800
9100,530,200,"bu","09:37:19",56700
9100,530,100,"bu","09:37:19",56500
9100,530,2000,"bu","09:37:19",56400
9100,530,100,"bu","09:37:19",54400
9090,520,200,"bu","09:37:19",54300
9100,530,100,"bu","09:37:03",54100
9100,530,300,"bu","09:37:03",54000
9090,520,1000,"bu","09:37:03",53700
8970,400,1000,"sd","09:36:40",52700
9000,430,8000,"bu","09:36:38",51700
8990,420,200,"bu","09:36:38",43700
8990,420,1000,"bu","09:36:38",43500
8970,400,2000,"sd","09:36:31",42500
8970,400,3000,"sd","09:36:04",40500
8970,400,3100,"bu","09:36:03",37500
8960,390,200,"bu","09:36:03",34400
8970,400,900,"bu","09:35:16",34200
8970,400,4000,"bu","09:35:16",33300
8970,400,100,"bu","09:35:16",29300
8900,330,500,"sd","09:34:41",29200
8890,320,600,"sd","09:32:59",28700
8960,390,2400,"sd","09:32:59",28100
8960,390,7000,"bu","09:32:26",25700
8900,330,600,"bu","09:32:26",18700
8890,320,100,"sd","09:30:38",18100
8900,330,300,"bu","09:28:37",18000
8890,320,1100,"sd","09:26:53",17700
8890,320,900,"sd","09:26:53",16600
8890,320,1300,"bu","09:25:38",15700
8890,320,1800,"bu","09:25:21",14400
8890,320,2200,"bu","09:25:21",12600
8880,310,1000,"bu","09:24:35",10400
8880,310,400,"bu","09:24:35",9400
8880,310,500,"bu","09:23:44",9000
8880,310,200,"sd","09:23:11",8500
8880,310,300,"sd","09:22:41",8300
8880,310,500,"bu","09:22:31",8000
8890,320,800,"sd","09:22:02",7500
8890,320,200,"sd","09:21:57",6700
8890,320,200,"bu","09:21:37",6500
8870,300,500,"bu","09:21:37",6300
8870,300,300,"bu","09:21:37",5800
8850,280,700,"sd","09:21:33",5500
8850,280,100,"sd","09:21:33",4800
8850,280,100,"bu","09:21:12",4700
8700,130,200,"sd","09:21:10",4600
8850,280,200,"bu","09:20:25",4400
8850,280,200,"sd","09:18:54",4200
8850,280,1800,"bu","09:18:32",4000
8850,280,200,"bu","09:18:21",2200
8840,270,1300,"bu","09:18:21",2000
8830,260,500,"bu","09:18:21",700
8600,30,200,"bu","09:15:18",200
