"price","change","match_qtty","side","time","total_vol"
11.65,0.15,4000,"bu","14:45:00",122000
11.5,0,2000,"sd","14:29:49",118000
11.55,0.05,100,"sd","14:28:54",116000
11.55,0.05,700,"bu","14:25:14",115900
11.55,0.05,4500,"bu","14:25:10",115200
11.55,0.05,500,"bu","14:25:04",110700
11.5,0,100,"sd","14:24:33",110200
11.55,0.05,500,"bu","14:23:43",110100
11.55,0.05,1000,"bu","14:23:34",109600
11.55,0.05,1000,"bu","14:22:39",108600
11.55,0.05,1000,"bu","14:20:53",107600
11.55,0.05,200,"sd","14:20:52",106600
11.6,0.1,100,"sd","14:20:52",106400
11.5,0,100,"bu","14:17:20",106300
11.5,0,400,"sd","14:17:15",106200
11.5,0,100,"sd","14:17:09",105800
11.5,0,100,"sd","14:16:11",105700
11.5,0,3000,"sd","14:16:11",105600
11.5,0,700,"sd","14:16:04",102600
11.55,0.05,200,"sd","14:15:05",101900
11.55,0.05,300,"sd","14:15:05",101700
11.55,0.05,300,"sd","14:15:05",101400
11.55,0.05,300,"bu","14:13:00",101100
11.55,0.05,2000,"sd","14:11:46",100800
11.55,0.05,100,"sd","14:11:46",98800
11.6,0.1,1000,"sd","14:11:46",98700
11.6,0.1,200,"sd","14:11:46",97700
11.7,0.2,100,"unknown","14:10:05",97500
11.6,0.1,300,"sd","14:01:44",97400
11.8,0.3,100,"bu","13:49:53",97100
11.5,0,400,"sd","13:47:26",97000
11.55,0.05,100,"sd","13:47:26",96600
11.6,0.1,100,"sd","13:47:26",96500
11.8,0.3,100,"bu","13:47:12",96400
11.8,0.3,100,"bu","13:47:12",96300
11.75,0.25,1000,"bu","13:45:38",96200
11.8,0.3,2000,"bu","13:45:38",95200
11.75,0.25,800,"sd","13:39:48",93200
11.75,0.25,100,"sd","13:39:48",92400
11.75,0.25,200,"sd","13:39:48",92300
11.8,0.3,100,"bu","13:36:11",92100
11.75,0.25,200,"sd","13:35:06",92000
11.75,0.25,500,"sd","13:34:28",91800
11.75,0.25,100,"sd","13:34:28",91300
11.8,0.3,600,"sd","13:33:53",91200
11.8,0.3,2300,"sd","13:33:53",90600
11.8,0.3,100,"sd","13:33:45",88300
11.8,0.3,600,"sd","13:33:10",88200
12,0.5,400,"sd","13:31:25",87600
12,0.5,100,"sd","13:31:08",87200
12,0.5,100,"sd","13:30:59",87100
12,0.5,100,"bu","13:30:28",87000
12,0.5,1000,"sd","13:29:53",86900
12,0.5,400,"sd","13:29:53",85900
11.9,0.4,100,"sd","13:28:52",85500
11.9,0.4,100,"bu","13:28:50",85400
11.8,0.3,100,"bu","13:27:45",85300
12.2,0.7,11200,"bu","13:27:18",85200
12.1,0.6,1500,"bu","13:27:18",74000
12,0.5,200,"bu","13:27:18",72500
12,0.5,200,"bu","13:27:18",70000
12,0.5,300,"bu","13:27:18",72300
12,0.5,2000,"bu","13:27:18",72000
11.95,0.45,300,"bu","13:27:18",69800
11.9,0.4,100,"bu","13:27:18",69500
11.85,0.35,1000,"bu","13:27:18",69400
11.8,0.3,3200,"bu","13:27:18",68400
11.8,0.3,900,"bu","13:26:49",65200
11.7,0.2,100,"bu","13:26:49",64300
11.6,0.1,100,"bu","13:26:44",64200
11.6,0.1,1000,"bu","13:26:44",64100
11.6,0.1,1000,"bu","13:26:30",63100
11.55,0.05,400,"bu","13:26:16",62100
11.55,0.05,200,"bu","13:26:14",61700
11.55,0.05,2000,"bu","13:25:55",61500
11.55,0.05,3000,"bu","13:25:53",59500
11.55,0.05,500,"bu","13:25:30",56500
11.55,0.05,600,"bu","13:24:01",56000
11.5,0,300,"bu","13:22:38",55400
11.5,0,700,"bu","13:22:38",55100
11.5,0,100,"bu","13:16:33",54400
11.5,0,100,"bu","13:12:00",54300
11.5,0,100,"bu","13:09:18",54200
11.5,0,200,"bu","13:09:18",54100
11.5,0,700,"bu","13:09:18",53900
11.5,0,300,"sd","11:26:25",53200
11.5,0,4800,"sd","11:21:40",52900
11.5,0,200,"sd","11:21:40",48100
11.5,0,800,"bu","11:10:33",47900
11.5,0,100,"bu","11:04:46",47100
11.5,0,300,"bu","11:04:46",47000
11.5,0,2000,"sd","11:03:11",46700
11.5,0,900,"sd","11:02:03",44700
11.5,0,500,"bu","10:59:43",43800
11.5,0,700,"bu","10:59:43",43300
11.5,0,100,"bu","10:59:43",42600
11.5,0,800,"bu","10:59:43",42500
11.5,0,100,"sd","10:52:50",41700
11.5,0,500,"sd","10:52:50",41600
11.5,0,500,"sd","10:52:11",41100
11.5,0,1900,"sd","10:52:11",40600
11.5,0,3100,"sd","10:51:39",38700
11.5,0,100,"sd","10:51:39",35600
11.5,0,500,"sd","10:51:39",35500
11.5,0,100,"sd","10:51:39",35000
11.5,0,200,"sd","10:51:39",34900
11.5,0,100,"sd","10:47:43",34700
11.5,0,100,"sd","10:47:43",34600
11.55,0.05,300,"bu","10:45:43",34500
11.55,0.05,500,"bu","10:42:31",34200
11.55,0.05,1100,"sd","10:36:37",33700
11.55,0.05,1900,"sd","10:35:57",32600
11.55,0.05,2000,"sd","10:35:51",30700
11.55,0.05,700,"bu","10:34:25",28700
11.55,0.05,1700,"sd","10:33:49",28000
11.55,0.05,2000,"sd","10:33:49",26300
11.55,0.05,2600,"sd","10:33:49",24300
11.6,0.1,100,"bu","10:28:11",21700
11.55,0.05,2400,"bu","10:27:47",21600
11.55,0.05,100,"bu","10:27:39",19200
11.55,0.05,3500,"sd","10:26:35",19100
11.6,0.1,5000,"bu","10:26:19",15600
11.6,0.1,1000,"bu","10:26:19",10600
11.55,0.05,1500,"bu","10:26:08",9600
11.55,0.05,100,"bu","10:15:36",8100
11.55,0.05,500,"bu","10:15:28",8000
11.55,0.05,2000,"bu","10:13:10",7500
11.55,0.05,1000,"sd","10:10:46",5500
11.55,0.05,200,"sd","10:10:46",4500
11.55,0.05,200,"sd","10:10:46",4300
11.6,0.1,1000,"bu","10:07:42",4100
11.6,0.1,1000,"bu","10:05:03",3100
11.6,0.1,200,"bu","10:01:29",2100
11.6,0.1,100,"sd","09:50:26",1900
11.65,0.15,100,"bu","09:49:27",1800
11.65,0.15,200,"bu","09:49:15",1700
11.6,0.1,1000,"bu","09:48:27",1500
11.6,0.1,300,"bu","09:48:14",500
11.6,0.1,200,"bu","09:47:10",200
