"price","change","match_qtty","side","time","total_vol"
8.8,-0.3,1000,"sd","14:59:53",662000
8.8,-0.3,1500,"sd","14:59:36",661000
8.8,-0.3,500,"sd","14:59:01",659500
8.8,-0.3,4200,"unknown","14:58:10",659000
8.8,-0.3,3000,"sd","14:53:36",654800
8.8,-0.3,500,"sd","14:48:11",651800
8.8,-0.3,1000,"sd","14:48:09",651300
8.8,-0.3,600,"bu","14:47:28",650300
8.8,-0.3,400,"bu","14:46:29",649700
8.8,-0.3,25500,"sd","14:46:20",649300
8.8,-0.3,10000,"sd","14:46:03",623800
8.8,-0.3,500,"sd","14:41:49",613800
8.8,-0.3,2000,"sd","14:40:06",613300
8.8,-0.3,1800,"bu","14:38:28",611300
8.8,-0.3,3200,"bu","14:37:33",609500
8.8,-0.3,1600,"sd","14:37:25",606300
8.8,-0.3,900,"sd","14:37:21",604700
8.8,-0.3,400,"sd","14:36:51",603800
8.8,-0.3,100,"sd","14:34:30",603400
8.8,-0.3,1500,"sd","14:34:13",603300
8.8,-0.3,1000,"sd","14:33:21",601800
8.8,-0.3,4700,"sd","14:33:18",600800
8.8,-0.3,3000,"sd","14:31:40",596100
8.8,-0.3,1500,"bu","14:29:27",593100
8.8,-0.3,4000,"bu","14:29:17",591600
8.8,-0.3,5000,"bu","14:28:49",587600
8.8,-0.3,200,"bu","14:28:22",582600
8.8,-0.3,800,"bu","14:28:16",582400
8.8,-0.3,1000,"bu","14:27:42",581600
8.8,-0.3,7000,"sd","14:27:26",580600
8.8,-0.3,2000,"sd","14:27:23",573600
8.8,-0.3,3000,"sd","14:27:01",571600
8.8,-0.3,500,"sd","14:26:58",568600
8.8,-0.3,500,"sd","14:26:11",568100
8.8,-0.3,800,"sd","14:26:03",567600
8.8,-0.3,1000,"sd","14:25:47",566800
8.8,-0.3,500,"sd","14:25:11",565800
8.9,-0.2,100,"bu","14:24:09",565300
8.9,-0.2,200,"bu","14:22:37",565200
8.9,-0.2,1000,"bu","14:22:27",565000
8.9,-0.2,200,"bu","14:21:43",564000
8.9,-0.2,10000,"bu","14:21:25",563800
8.8,-0.3,300,"sd","14:21:20",553800
8.8,-0.3,200,"sd","14:20:53",553500
8.9,-0.2,200,"bu","14:20:43",553300
8.8,-0.3,3000,"sd","14:19:25",553100
8.8,-0.3,500,"sd","14:18:22",550100
8.8,-0.3,500,"bu","14:18:02",549600
8.8,-0.3,2000,"bu","14:18:00",549100
8.8,-0.3,1400,"bu","14:17:53",547100
8.8,-0.3,100,"bu","14:17:47",545700
8.8,-0.3,10000,"bu","14:17:38",545600
8.7,-0.4,2000,"sd","14:16:44",535600
8.7,-0.4,500,"sd","14:16:13",533600
8.7,-0.4,400,"sd","14:15:15",533100
8.8,-0.3,100,"bu","14:13:52",532700
8.8,-0.3,900,"bu","14:13:10",532600
8.8,-0.3,2000,"bu","14:12:51",531700
8.8,-0.3,300,"bu","14:12:31",529700
8.8,-0.3,1800,"sd","14:11:56",529400
8.8,-0.3,38000,"sd","14:11:47",527600
8.8,-0.3,10000,"sd","14:11:27",489600
8.9,-0.2,1200,"bu","14:10:44",479600
8.9,-0.2,600,"bu","14:10:42",478400
8.9,-0.2,2000,"bu","14:08:33",477800
8.9,-0.2,5000,"bu","14:05:57",475800
8.9,-0.2,400,"bu","14:05:38",470800
8.9,-0.2,1000,"bu","14:04:25",470400
8.8,-0.3,100,"sd","14:03:16",469400
8.8,-0.3,100,"sd","14:02:41",469300
8.8,-0.3,100,"sd","14:02:13",469200
8.8,-0.3,3000,"sd","14:00:04",469100
8.8,-0.3,300,"bu","13:59:55",466100
8.8,-0.3,700,"bu","13:59:53",465800
8.8,-0.3,100,"bu","13:59:47",465100
8.8,-0.3,1000,"bu","13:59:44",465000
8.8,-0.3,200,"sd","13:59:31",464000
8.8,-0.3,3000,"sd","13:59:06",463800
8.8,-0.3,500,"sd","13:58:55",460800
8.8,-0.3,5000,"sd","13:58:49",460300
8.8,-0.3,2000,"sd","13:58:22",455300
8.8,-0.3,20000,"sd","13:58:20",453300
8.8,-0.3,4500,"sd","13:58:17",433300
8.8,-0.3,700,"sd","13:58:07",428800
8.8,-0.3,20000,"sd","13:56:53",428100
8.8,-0.3,25000,"sd","13:56:33",408100
8.9,-0.2,400,"bu","13:56:15",383100
8.9,-0.2,5000,"bu","13:54:10",382700
8.9,-0.2,100,"bu","13:51:51",377700
8.9,-0.2,2000,"bu","13:51:00",377600
8.9,-0.2,100,"bu","13:49:39",375600
8.9,-0.2,500,"bu","13:49:23",375500
8.9,-0.2,1000,"bu","13:49:13",375000
8.9,-0.2,100,"bu","13:48:46",374000
8.9,-0.2,400,"bu","13:47:53",373900
8.9,-0.2,200,"bu","13:47:07",373500
8.8,-0.3,1000,"sd","13:47:02",373300
8.8,-0.3,5000,"sd","13:45:43",372300
8.8,-0.3,1000,"sd","13:45:17",367300
8.8,-0.3,1000,"sd","13:44:28",366300
8.8,-0.3,1400,"sd","13:44:25",365300
8.8,-0.3,8000,"sd","13:43:45",363900
8.8,-0.3,500,"sd","13:43:44",355900
8.8,-0.3,500,"sd","13:43:42",355400
8.8,-0.3,30000,"sd","13:43:36",354900
8.8,-0.3,300,"sd","13:43:05",324900
8.8,-0.3,35000,"sd","06:42:00",324600
8.9,-0.2,100,"bu","13:41:27",289600
8.9,-0.2,100,"sd","13:41:23",289500
8.9,-0.2,300,"sd","13:40:57",289400
8.9,-0.2,300,"bu","13:39:54",289100
8.9,-0.2,200,"bu","13:39:50",288800
8.9,-0.2,2000,"bu","13:39:36",288600
8.9,-0.2,500,"bu","13:39:28",286600
8.9,-0.2,2000,"bu","13:38:59",286100
8.9,-0.2,300,"unknown","13:38:38",284100
8.9,-0.2,500,"sd","13:38:33",283800
8.9,-0.2,3000,"sd","13:38:20",283300
8.9,-0.2,1000,"sd","13:37:33",280300
8.9,-0.2,5000,"sd","13:37:15",279300
8.9,-0.2,2000,"sd","13:35:06",274300
8.9,-0.2,6000,"sd","13:34:21",272300
8.9,-0.2,2700,"sd","13:34:04",266300
8.9,-0.2,1000,"sd","13:34:02",263600
8.9,-0.2,100,"sd","13:33:52",262600
8.9,-0.2,30000,"sd","13:33:35",262500
8.9,-0.2,100,"sd","13:32:07",232500
8.9,-0.2,900,"sd","13:31:59",232400
8.9,-0.2,5000,"sd","13:30:47",231500
8.9,-0.2,5000,"sd","13:30:32",226500
8.9,-0.2,200,"sd","13:28:10",221500
9,-0.1,100,"bu","13:26:38",221300
9,-0.1,500,"bu","13:24:50",221200
9,-0.1,100,"bu","13:23:09",220700
9,-0.1,100,"bu","13:22:32",220600
9,-0.1,5000,"bu","13:21:10",220500
9,-0.1,200,"bu","13:19:50",215500
9,-0.1,1000,"bu","13:18:22",215300
9,-0.1,300,"bu","13:16:44",214300
9,-0.1,500,"bu","13:16:13",214000
9,-0.1,1500,"bu","13:15:13",213500
9,-0.1,1000,"bu","13:14:35",212000
9,-0.1,200,"bu","13:12:51",211000
9,-0.1,100,"bu","13:12:19",210800
9,-0.1,100,"bu","13:11:34",210700
8.9,-0.2,500,"sd","13:10:17",210600
8.9,-0.2,26400,"sd","13:08:57",210100
8.9,-0.2,5000,"sd","13:07:32",183700
9,-0.1,200,"bu","13:03:41",178700
9,-0.1,100,"bu","13:03:31",178500
8.9,-0.2,4000,"sd","13:02:43",178400
9,-0.1,300,"sd","13:02:29",174400
9,-0.1,500,"sd","13:01:34",174100
9,-0.1,20000,"sd","13:00:14",173600
9,-0.1,300,"sd","13:00:03",153600
9,-0.1,1000,"sd","11:29:58",153300
9,-0.1,10000,"sd","11:29:32",152300
9.1,0,100,"bu","11:19:16",142300
9,-0.1,600,"sd","11:19:12",142200
9,-0.1,50000,"sd","11:18:53",141600
9.1,0,200,"bu","11:18:37",91600
9.1,0,1000,"bu","11:18:32",91400
9,-0.1,1000,"sd","11:15:13",90400
9.1,0,1000,"bu","11:14:46",89400
9.1,0,100,"bu","11:13:53",88400
9.1,0,100,"bu","10:59:53",88300
9.1,0,100,"bu","10:56:53",88200
9.1,0,100,"bu","10:56:23",88100
9.1,0,4600,"bu","10:55:59",88000
9.1,0,8500,"unknown","10:49:14",83400
9.1,0,5000,"sd","10:42:33",74900
9.2,0.1,200,"bu","10:41:32",69900
9.1,0,100,"sd","10:38:48",69700
9.1,0,200,"sd","10:37:13",69600
9.1,0,500,"sd","10:30:12",69400
9.1,0,200,"sd","10:28:37",68900
9.2,0.1,1900,"bu","10:28:24",68700
9.1,0,700,"sd","10:09:43",66800
9.1,0,200,"sd","10:06:36",66100
9.1,0,200,"bu","10:06:24",65900
9.1,0,9600,"bu","10:05:24",65700
9.1,0,1400,"sd","10:04:54",56100
9.1,0,10700,"sd","09:58:23",54700
9.1,0,4000,"sd","09:54:03",44000
9.1,0,500,"sd","09:53:03",40000
9.1,0,1000,"sd","09:46:21",39500
9.2,0.1,800,"bu","09:41:37",38500
9.2,0.1,500,"bu","09:41:29",37700
9.2,0.1,1300,"bu","09:41:23",37200
9.2,0.1,500,"bu","09:40:34",35900
9.2,0.1,10000,"bu","09:40:22",35400
9.2,0.1,500,"bu","09:39:40",25400
9.2,0.1,100,"bu","09:37:44",24900
9.2,0.1,100,"bu","09:36:44",24800
9.2,0.1,200,"bu","09:34:50",24700
9.2,0.1,500,"bu","09:33:35",24500
9.2,0.1,200,"bu","09:31:50",24000
9.2,0.1,300,"bu","09:30:55",23800
9.2,0.1,200,"bu","09:30:29",23500
9.2,0.1,1100,"bu","09:29:50",23300
9.2,0.1,100,"unknown","09:27:19",22200
9.2,0.1,100,"unknown","09:26:54",22100
9.3,0.2,20000,"bu","09:23:44",22000
9.2,0.1,2000,"bu","09:12:03",2000
