"price","change","match_qtty","side","time","total_vol"
8.25,0,300,"sd","11:28:31",45500
8.25,0,700,"sd","11:25:43",45200
8.25,0,100,"sd","11:25:43",44500
8.25,0,200,"sd","11:18:55",44400
8.25,0,100,"bu","11:11:34",44200
8.25,0,200,"bu","11:10:15",44100
8.25,0,100,"sd","11:06:42",43900
8.25,0,100,"sd","11:06:42",43800
8.25,0,100,"sd","11:06:42",43700
8.26,0.01,2200,"sd","11:05:12",43600
8.26,0.01,100,"sd","11:05:03",41400
8.27,0.02,100,"bu","11:02:04",41300
8.27,0.02,100,"sd","10:58:56",41200
8.27,0.02,1000,"sd","10:58:56",41100
8.28,0.03,100,"sd","10:55:59",40100
8.28,0.03,400,"sd","10:55:59",40000
8.28,0.03,1000,"sd","10:54:03",39600
8.3,0.05,100,"bu","10:48:55",38600
8.3,0.05,100,"bu","10:48:37",38500
8.3,0.05,400,"bu","10:48:37",38400
8.3,0.05,300,"bu","10:42:23",38000
8.28,0.03,800,"sd","10:42:17",37700
8.29,0.04,2200,"sd","10:42:17",36900
8.29,0.04,1000,"sd","10:42:17",34700
8.3,0.05,2800,"bu","10:37:47",33700
8.3,0.05,1500,"sd","10:31:10",30900
8.3,0.05,1300,"sd","10:29:54",29400
8.3,0.05,100,"sd","10:29:54",28100
8.3,0.05,100,"sd","10:29:54",28000
8.3,0.05,500,"sd","10:29:22",27900
8.3,0.05,100,"sd","10:29:01",27400
8.3,0.05,100,"sd","10:25:01",27300
8.3,0.05,200,"bu","10:24:48",27200
8.3,0.05,500,"bu","10:24:48",27000
8.3,0.05,600,"bu","10:21:43",26500
8.26,0.01,900,"sd","10:21:32",25900
8.26,0.01,100,"sd","10:21:32",25000
8.25,0,100,"sd","10:10:21",24900
8.25,0,5000,"sd","10:10:21",24800
8.25,0,800,"sd","10:10:21",19800
8.25,0,100,"sd","10:10:16",19000
8.28,0.03,100,"sd","10:08:37",18900
8.28,0.03,2000,"sd","10:08:37",18800
8.3,0.05,1000,"sd","10:07:58",16800
8.3,0.05,400,"sd","10:07:58",15800
8.3,0.05,400,"sd","10:07:51",15400
8.3,0.05,100,"sd","10:03:43",15000
8.3,0.05,4000,"sd","10:03:29",14900
8.31,0.06,1000,"sd","10:03:29",10900
8.32,0.07,1000,"sd","10:01:20",9900
8.32,0.07,700,"sd","10:01:20",8900
8.32,0.07,700,"sd","10:00:37",8200
8.32,0.07,600,"sd","09:58:58",7500
8.31,0.06,600,"sd","09:57:31",6900
8.31,0.06,300,"sd","09:57:31",6300
8.3,0.05,100,"sd","09:52:09",6000
8.28,0.03,100,"sd","09:44:13",5900
8.28,0.03,500,"bu","09:29:05",5800
8.28,0.03,800,"sd","09:28:43",5300
8.38,0.13,100,"bu","09:24:55",4500
8.25,0,700,"bu","09:16:12",4400
8.25,0,1000,"sd","09:15:24",3700
8.25,0,100,"sd","09:15:24",2700
8.3,0.05,200,"sd","09:15:24",2600
8.3,0.05,2400,"sd","09:15:01",2400
