"price","change","match_qtty","side","time","total_vol"
8520,320,37100,"unknown","14:45:00",1068100
8500,300,2000,"bu","14:29:48",1031000
8500,300,100,"bu","14:29:21",1029000
8500,300,1500,"sd","14:28:25",1028900
8510,310,100,"bu","14:28:25",1027400
8500,300,1500,"bu","14:28:16",1027300
8500,300,100,"bu","14:27:50",1025800
8500,300,19900,"bu","14:27:50",1025700
8500,300,100,"bu","14:27:34",1005800
8500,300,100,"sd","14:27:13",1005700
8500,300,100,"sd","14:27:05",1005600
8500,300,100,"bu","14:27:05",1005500
8500,300,100,"bu","14:27:05",1005400
8500,300,3000,"bu","14:27:05",1005300
8500,300,1200,"bu","14:27:05",1002300
8500,300,900,"bu","14:27:05",1001100
8500,300,200,"bu","14:27:05",1000200
8500,300,5000,"bu","14:27:05",1000000
8500,300,500,"bu","14:27:05",995000
8500,300,100,"bu","14:27:05",994500
8500,300,500,"bu","14:27:05",994400
8500,300,4000,"bu","14:27:05",993900
8500,300,300,"bu","14:27:05",989900
8500,300,1100,"bu","14:27:05",989600
8500,300,200,"bu","14:27:05",988500
8500,300,36500,"bu","14:27:05",988300
8500,300,10000,"bu","14:27:05",951800
8490,290,2000,"bu","14:27:05",941800
8500,300,10000,"bu","14:27:05",939800
8490,290,500,"bu","14:27:05",929800
8500,300,6900,"bu","14:27:05",929300
8490,290,3300,"bu","14:27:05",922400
8500,300,300,"bu","14:27:05",919100
8480,280,3000,"bu","14:27:05",918800
8500,300,200,"bu","14:27:05",915800
8480,280,2600,"bu","14:27:05",915600
8500,300,100,"bu","14:27:05",913000
8500,300,1000,"bu","14:27:05",912900
8500,300,200,"bu","14:27:05",911900
8480,280,500,"bu","14:27:03",911700
8480,280,300,"bu","14:26:45",911200
8480,280,500,"bu","14:26:30",910900
8470,270,1500,"bu","14:26:22",910400
8470,270,4900,"bu","14:26:22",908900
8470,270,100,"bu","14:26:22",904000
8460,260,2000,"bu","14:26:09",903900
8460,260,2000,"bu","14:26:09",901900
8460,260,5000,"bu","14:26:09",899900
8460,260,400,"bu","14:26:09",894900
8460,260,200,"bu","14:25:34",894500
8450,250,100,"sd","14:25:12",894300
8450,250,4200,"bu","14:24:46",894200
8450,250,300,"bu","14:24:22",890000
8430,230,2800,"sd","14:23:59",889700
8440,240,2000,"sd","14:23:59",886900
8440,240,200,"sd","14:23:59",884900
8450,250,500,"sd","14:23:29",884700
8460,260,200,"bu","14:23:10",884200
8460,260,2200,"bu","14:22:59",884000
8460,260,1000,"bu","14:22:59",881800
8460,260,300,"bu","14:22:59",880800
8450,250,4500,"bu","14:22:46",880500
8450,250,200,"bu","14:22:41",876000
8440,240,1800,"sd","14:22:37",875800
8440,240,1000,"sd","14:21:47",874000
8450,250,200,"bu","14:21:03",873000
8440,240,1000,"bu","14:20:52",872800
8430,230,5000,"sd","14:20:46",871800
8430,230,2000,"bu","14:20:34",866800
8430,230,3000,"bu","14:20:12",864800
8450,250,100,"bu","14:19:32",861800
8420,220,1100,"sd","14:18:21",861700
8450,250,900,"sd","14:18:21",860600
8450,250,100,"bu","14:18:15",859700
8450,250,5000,"bu","14:17:53",859600
8460,260,100,"bu","14:16:36",854600
8450,250,2000,"bu","14:15:23",854500
8450,250,1000,"bu","14:15:23",852500
8450,250,100,"bu","14:15:23",851500
8450,250,3000,"bu","14:15:23",851400
8440,240,6000,"bu","14:15:23",848400
8440,240,4100,"bu","14:15:23",842400
8430,230,100,"bu","14:15:23",838300
8430,230,100,"bu","14:15:23",838200
8430,230,1800,"bu","14:15:23",838100
8430,230,4800,"bu","14:15:23",836300
8430,230,100,"bu","14:14:55",831500
8420,220,2000,"bu","14:14:45",831400
8420,220,2500,"bu","14:14:45",829400
8420,220,100,"bu","14:12:41",826900
8410,210,100,"bu","14:12:41",826800
8400,200,100,"bu","14:12:37",826700
8400,200,4900,"bu","14:12:03",826600
8390,190,500,"bu","14:11:16",821700
8380,180,10000,"sd","14:10:41",821200
8370,170,4200,"sd","14:09:43",811200
8370,170,1000,"sd","14:09:43",807000
8380,180,4300,"sd","14:09:43",806000
8400,200,500,"sd","14:09:43",801700
8420,220,900,"bu","14:09:35",801200
8400,200,3000,"sd","14:08:47",800300
8400,200,1500,"sd","14:08:38",797300
8380,180,3700,"sd","14:07:31",795800
8380,180,1000,"sd","14:07:31",792100
8380,180,200,"sd","14:07:31",791100
8400,200,100,"sd","14:07:31",790900
8400,200,900,"sd","14:05:58",790800
8400,200,600,"sd","14:05:58",789900
8400,200,1500,"sd","14:05:58",789300
8410,210,500,"sd","14:05:39",787800
8430,230,100,"bu","14:04:26",787300
8400,200,2500,"sd","14:04:24",787200
8400,200,200,"sd","14:04:24",784700
8400,200,300,"sd","14:04:24",784500
8400,200,4000,"sd","14:04:24",784200
8410,210,5000,"sd","14:04:24",780200
8410,210,2000,"sd","14:04:24",775200
8420,220,300,"sd","14:03:45",773200
8440,240,100,"bu","14:02:53",772900
8420,220,4700,"sd","14:02:42",772800
8430,230,1000,"sd","14:02:42",768100
8430,230,300,"sd","14:02:42",767100
8440,240,500,"bu","14:01:30",766800
8430,230,100,"sd","14:01:22",766300
8430,230,100,"sd","14:01:22",766200
8440,240,300,"bu","14:01:10",766100
8450,250,21000,"bu","13:58:04",765800
8440,240,4000,"bu","13:58:04",744800
8450,250,1000,"bu","13:55:31",740800
8450,250,4500,"sd","13:55:08",739800
8450,250,200,"sd","13:55:00",735300
8450,250,2000,"bu","13:54:33",735100
8450,250,3000,"sd","13:51:55",733100
8450,250,1000,"bu","13:51:28",730100
8450,250,3000,"bu","13:51:28",729100
8450,250,100,"bu","13:51:28",726100
8450,250,1900,"bu","13:51:28",726000
8450,250,400,"bu","13:51:06",724100
8450,250,700,"sd","13:49:21",723700
8450,250,2000,"sd","13:48:55",723000
8450,250,2300,"bu","13:48:18",721000
8450,250,2700,"sd","13:47:26",718700
8450,250,5000,"sd","13:47:12",716000
8460,260,100,"bu","13:47:01",711000
8450,250,2300,"bu","13:46:28",710900
8450,250,2200,"bu","13:45:58",708600
8450,250,500,"sd","13:45:41",706400
8450,250,400,"bu","13:43:57",705900
8450,250,3100,"bu","13:43:57",705500
8450,250,100,"bu","13:43:52",702400
8450,250,300,"bu","13:43:44",702300
8450,250,700,"bu","13:43:44",702000
8450,250,100,"bu","13:40:05",701300
8450,250,4200,"sd","13:39:30",701200
8480,280,1000,"bu","13:39:20",697000
8470,270,1000,"bu","13:39:20",696000
8450,250,5000,"bu","13:38:34",695000
8450,250,5000,"bu","13:38:34",690000
8450,250,700,"bu","13:38:34",685000
8440,240,4400,"bu","13:38:34",684300
8440,240,3700,"bu","13:38:34",679900
8440,240,200,"bu","13:35:16",676200
8430,230,8000,"bu","13:33:35",676000
8420,220,4400,"bu","13:33:35",668000
8420,220,500,"bu","13:33:12",663600
8410,210,1000,"sd","13:32:13",663100
8410,210,1900,"sd","13:30:12",662100
8420,220,100,"bu","13:28:52",660200
8410,210,7700,"bu","13:25:36",660100
8410,210,3000,"sd","13:25:14",652400
8410,210,100,"sd","13:22:28",649400
8410,210,1900,"bu","13:22:19",649300
8400,200,1000,"sd","13:21:16",647400
8400,200,1000,"sd","13:21:16",646400
8400,200,400,"sd","13:21:16",645400
8410,210,400,"sd","13:20:50",645000
8410,210,1600,"sd","13:19:10",644600
8410,210,100,"sd","13:19:10",643000
8430,230,5300,"sd","13:19:10",642900
8430,230,1000,"bu","13:19:04",637600
8430,230,8100,"bu","13:19:04",636600
8430,230,600,"bu","13:19:04",628500
8430,230,1200,"sd","13:16:49",627900
8430,230,3000,"sd","13:16:10",626700
8440,240,100,"bu","13:15:54",623700
8430,230,7800,"bu","13:15:34",623600
8430,230,200,"sd","13:14:24",615800
8430,230,400,"sd","13:13:29",615600
8430,230,5000,"sd","13:12:56",615200
8430,230,6200,"bu","13:12:38",610200
8420,220,200,"bu","13:12:38",604000
8430,230,300,"sd","13:12:05",603800
8430,230,5000,"sd","13:09:37",603500
8450,250,100,"bu","13:07:25",598500
8430,230,3200,"sd","13:07:13",598400
8430,230,3500,"bu","13:07:07",595200
8430,230,1500,"sd","13:06:42",591700
8430,230,3500,"bu","13:04:11",590200
8400,200,100,"sd","13:03:37",586700
8400,200,1400,"sd","13:02:14",586600
8400,200,1500,"sd","13:02:14",585200
8400,200,100,"sd","13:02:14",583700
8400,200,1400,"sd","13:02:03",583600
8400,200,1500,"sd","13:00:46",582200
8400,200,200,"sd","13:00:46",580700
8400,200,200,"sd","13:00:46",580500
8400,200,400,"sd","13:00:46",580300
8430,230,200,"sd","13:00:46",579900
8400,200,2600,"sd","13:00:04",579700
8410,210,1000,"sd","13:00:04",577100
8410,210,200,"sd","13:00:04",576100
8420,220,200,"sd","13:00:04",575900
8420,220,1000,"sd","13:00:04",575700
8420,220,300,"sd","13:00:04",574700
8430,230,1000,"sd","13:00:04",574400
8430,230,200,"sd","13:00:04",573400
8450,250,200,"bu","11:26:05",573200
8450,250,1000,"sd","11:26:01",573000
8480,280,100,"sd","11:25:50",572000
8480,280,1300,"sd","11:25:37",571900
8480,280,100,"sd","11:24:36",570600
8490,290,1000,"bu","11:23:37",570500
8480,280,100,"sd","11:23:03",569500
8480,280,100,"sd","11:22:48",569400
8480,280,400,"sd","11:21:42",569300
8490,290,500,"bu","11:19:57",568900
8490,290,200,"bu","11:19:48",568400
8480,280,2000,"bu","11:19:41",568200
8480,280,4900,"bu","11:19:41",566200
8470,270,1000,"bu","11:19:41",561300
8460,260,1000,"sd","11:17:56",560300
8450,250,5000,"sd","11:16:58",559300
8450,250,5000,"bu","11:16:49",554300
8450,250,1000,"bu","11:16:49",549300
8450,250,200,"bu","11:16:04",548300
8450,250,1000,"bu","11:15:11",548100
8450,250,500,"sd","11:12:28",547100
8450,250,300,"sd","11:12:28",546600
8480,280,100,"bu","11:10:50",546300
8470,270,100,"bu","11:10:50",546200
8450,250,5000,"bu","11:08:40",546100
8450,250,100,"bu","11:08:40",541100
8450,250,3600,"bu","11:08:40",541000
8440,240,1000,"bu","11:08:40",537400
8440,240,500,"bu","11:07:28",536400
8440,240,300,"bu","11:05:32",535900
8440,240,200,"sd","11:05:30",535600
8450,250,300,"bu","11:04:45",535400
8450,250,100,"bu","11:00:11",535100
8430,230,4500,"bu","10:59:43",535000
8420,220,3400,"bu","10:56:15",530500
8420,220,2100,"bu","10:56:15",527100
8420,220,300,"bu","10:56:04",525000
8420,220,100,"bu","10:55:55",524700
8400,200,2300,"bu","10:55:38",524600
8400,200,2700,"bu","10:55:12",522300
8400,200,7200,"bu","10:55:12",519600
8390,190,100,"bu","10:55:12",512400
8390,190,300,"bu","10:53:45",512300
8390,190,4000,"bu","10:53:45",512000
8390,190,11100,"bu","10:53:45",508000
8390,190,300,"bu","10:50:56",496900
8350,150,2800,"sd","10:49:20",496600
8350,150,2000,"sd","10:49:20",493800
8350,150,200,"sd","10:49:20",491800
8350,150,4800,"sd","10:49:07",491600
8350,150,2100,"sd","10:49:07",486800
8360,160,700,"sd","10:49:07",484700
8380,180,100,"sd","10:47:15",484000
8380,180,1000,"sd","10:47:15",483900
8380,180,1300,"sd","10:47:15",482900
8390,190,2000,"sd","10:45:50",481600
8390,190,1000,"sd","10:45:50",479600
8390,190,600,"sd","10:45:50",478600
8390,190,200,"sd","10:45:18",478000
8390,190,100,"sd","10:43:51",477800
8390,190,100,"sd","10:43:42",477700
8390,190,100,"sd","10:43:42",477600
8390,190,500,"sd","10:43:42",477500
8400,200,700,"sd","10:42:54",477000
8400,200,300,"sd","10:42:54",476300
8400,200,1800,"sd","10:42:54",476000
8420,220,200,"bu","10:40:50",474200
8400,200,1000,"sd","10:38:21",474000
8420,220,100,"bu","10:38:06",473000
8420,220,2200,"sd","10:35:02",472900
8420,220,500,"sd","10:34:21",470700
8430,230,100,"bu","10:33:56",470200
8420,220,500,"bu","10:33:41",470100
8420,220,400,"bu","10:33:41",469600
8420,220,2300,"bu","10:33:41",469200
8410,210,500,"bu","10:33:41",466900
8420,220,100,"bu","10:28:54",466400
8400,200,200,"sd","10:28:54",466300
8400,200,500,"sd","10:28:54",466100
8400,200,500,"sd","10:28:54",465600
8400,200,3400,"sd","10:28:54",465100
8400,200,3400,"sd","10:28:54",461700
8420,220,100,"bu","10:28:24",458300
8420,220,100,"bu","10:26:59",458200
8420,220,100,"bu","10:21:01",458100
8420,220,1200,"sd","10:19:07",458000
8420,220,100,"sd","10:19:07",456800
8420,220,400,"sd","10:18:38",456700
8430,230,200,"bu","10:17:11",456300
8420,220,500,"bu","10:17:04",456100
8400,200,10500,"sd","10:16:59",455600
8400,200,200,"sd","10:16:59",445100
8400,200,400,"sd","10:16:59",444900
8410,210,1000,"sd","10:16:59",444500
8410,210,900,"sd","10:16:59",443500
8400,200,600,"sd","10:15:27",442600
8400,200,1000,"bu","10:15:04",442000
8400,200,100,"sd","10:14:55",441000
8400,200,500,"sd","10:14:55",440900
8400,200,2000,"sd","10:14:55",440400
8400,200,1400,"sd","10:14:55",438400
8420,220,500,"bu","10:12:38",437000
8420,220,500,"sd","10:11:13",436500
8430,230,100,"bu","10:11:04",436000
8420,220,500,"bu","10:11:01",435900
8400,200,8600,"sd","10:10:57",435400
8400,200,2000,"sd","10:10:57",426800
8400,200,1000,"sd","10:10:57",424800
8400,200,400,"sd","10:10:57",423800
8410,210,1000,"sd","10:10:40",423400
8430,230,100,"bu","10:09:47",422400
8400,200,900,"sd","10:09:03",422300
8400,200,4000,"sd","10:07:58",421400
8400,200,1000,"sd","10:07:58",417400
8400,200,2400,"sd","10:07:02",416400
8400,200,5000,"sd","10:07:02",414000
8400,200,2000,"sd","10:07:02",409000
8400,200,2000,"sd","10:07:02",407000
8410,210,500,"sd","10:06:59",405000
8410,210,1000,"sd","10:06:59",404500
8410,210,300,"sd","10:06:59",403500
8410,210,1800,"sd","10:06:59",403200
8420,220,5000,"sd","10:06:50",401400
8450,250,100,"sd","10:06:05",396400
8450,250,400,"sd","10:05:58",396300
8450,250,1600,"sd","10:05:58",395900
8450,250,1000,"bu","10:05:45",394300
8450,250,2000,"bu","10:05:45",393300
8450,250,3000,"bu","10:05:45",391300
8450,250,600,"bu","10:05:45",388300
8450,250,200,"bu","10:05:29",387700
8450,250,300,"bu","10:05:18",387500
8450,250,200,"bu","10:05:18",387200
8450,250,500,"bu","10:02:40",387000
8450,250,300,"sd","10:02:10",386500
8450,250,500,"sd","10:01:01",386200
8450,250,2000,"bu","10:00:20",385700
8450,250,2600,"bu","10:00:20",383700
8450,250,100,"bu","09:59:54",381100
8410,210,200,"sd","09:59:45",381000
8410,210,1000,"sd","09:59:01",380800
8410,210,2000,"sd","09:59:01",379800
8410,210,1000,"sd","09:59:01",377800
8450,250,1000,"sd","09:56:51",376800
8450,250,1000,"sd","09:56:51",375800
8450,250,300,"sd","09:56:51",374800
8450,250,700,"sd","09:54:51",374500
8450,250,2800,"sd","09:54:51",373800
8460,260,1000,"sd","09:54:51",371000
8460,260,500,"sd","09:54:51",370000
8500,300,100,"bu","09:54:40",369500
8500,300,500,"bu","09:52:21",369400
8480,280,1000,"bu","09:51:48",368900
8500,300,1000,"bu","09:49:55",367900
8450,250,200,"sd","09:49:46",366900
8450,250,2300,"sd","09:49:46",366700
8460,260,500,"sd","09:49:46",364400
8450,250,900,"sd","09:49:00",363900
8450,250,100,"sd","09:48:59",363000
8470,270,500,"sd","09:48:59",359400
8450,250,500,"sd","09:48:59",362900
8470,270,3000,"sd","09:48:59",362400
8500,300,200,"bu","09:46:16",358900
8500,300,1500,"bu","09:45:00",358700
8500,300,100,"sd","09:44:51",357200
8500,300,1500,"sd","09:44:33",357100
8500,300,3000,"sd","09:44:14",355600
8500,300,4800,"bu","09:43:18",352600
8500,300,2200,"sd","09:42:51",347800
8520,320,100,"bu","09:42:23",345600
8510,310,100,"bu","09:42:23",345500
8500,300,5000,"sd","09:42:20",345400
8500,300,1300,"bu","09:42:14",340400
8490,290,1500,"bu","09:42:14",339100
8500,300,5200,"bu","09:41:42",337600
8500,300,300,"bu","09:41:42",332400
8500,300,3500,"bu","09:41:42",332100
8500,300,1000,"bu","09:41:29",328600
8500,300,100,"bu","09:41:15",327600
8450,250,1000,"sd","09:40:51",327500
8500,300,100,"bu","09:40:48",326500
8500,300,100,"bu","09:40:26",326400
8500,300,4700,"sd","09:39:57",326300
8500,300,7300,"sd","09:39:17",321600
8500,300,800,"sd","09:38:54",314300
8500,300,1000,"sd","09:38:54",313500
8500,300,900,"sd","09:38:54",312500
8530,330,200,"bu","09:38:30",311600
8500,300,1000,"sd","09:38:03",311400
8530,330,200,"bu","09:37:59",310400
8500,300,3100,"bu","09:37:53",310200
8500,300,5000,"sd","09:37:47",307100
8500,300,1900,"sd","09:37:47",302100
8530,330,1200,"bu","09:37:40",300200
8530,330,300,"bu","09:37:35",299000
8530,330,100,"sd","09:37:34",298700
8500,300,200,"sd","09:37:25",298600
8520,320,2800,"sd","09:37:25",298400
8540,340,100,"bu","09:37:20",295600
8530,330,100,"bu","09:37:20",295500
8520,320,200,"bu","09:37:15",293400
8520,320,2000,"bu","09:37:15",295400
8500,300,100,"sd","09:37:07",293200
8500,300,2800,"bu","09:37:07",293100
8500,300,2200,"bu","09:37:00",290300
8500,300,2000,"bu","09:37:00",288100
8500,300,2000,"bu","09:37:00",286100
8500,300,2000,"bu","09:37:00",284100
8500,300,5000,"bu","09:37:00",282100
8500,300,5000,"bu","09:37:00",277100
8500,300,100,"bu","09:37:00",272100
8500,300,3200,"bu","09:37:00",272000
8500,300,100,"bu","09:37:00",268800
8500,300,200,"bu","09:37:00",268700
8500,300,2000,"bu","09:37:00",268500
8500,300,1000,"bu","09:37:00",266500
8500,300,100,"bu","09:37:00",265500
8500,300,300,"bu","09:37:00",265400
8500,300,400,"bu","09:37:00",265100
8500,300,600,"bu","09:37:00",264700
8480,280,3800,"bu","09:37:00",264100
8480,280,300,"sd","09:36:59",260300
8480,280,900,"sd","09:36:59",260000
8490,290,100,"bu","09:36:36",259100
8490,290,100,"bu","09:36:36",259000
8500,300,100,"bu","09:36:36",258900
8490,290,1400,"sd","09:36:15",258800
8500,300,500,"bu","09:36:13",257400
8500,300,2000,"bu","09:35:38",256900
8490,290,100,"bu","09:35:32",254900
8490,290,3500,"bu","09:35:32",254800
8480,280,800,"bu","09:35:26",251300
8480,280,2300,"bu","09:35:26",250500
8450,250,400,"sd","09:35:09",248200
8450,250,1200,"bu","09:34:44",247800
8450,250,200,"bu","09:34:44",246600
8450,250,1000,"bu","09:34:44",246400
8450,250,500,"bu","09:34:44",245400
8450,250,1700,"bu","09:34:44",244900
8450,250,3300,"sd","09:33:10",243200
8450,250,200,"sd","09:32:48",239900
8450,250,5700,"bu","09:32:34",239700
8450,250,1000,"sd","09:32:22",234000
8450,250,2000,"sd","09:32:22",233000
8450,250,200,"sd","09:32:22",231000
8460,260,100,"sd","09:32:22",229800
8460,260,1000,"sd","09:32:22",230800
8490,290,500,"bu","09:32:09",229700
8490,290,500,"sd","09:30:31",229200
8490,290,100,"bu","09:30:21",228700
8490,290,100,"bu","09:30:21",228600
8490,290,1300,"bu","09:30:21",228500
8490,290,100,"bu","09:30:08",227200
8490,290,600,"bu","09:30:07",227100
8490,290,400,"bu","09:30:07",226500
8490,290,600,"bu","09:30:00",226100
8490,290,400,"bu","09:30:00",225500
8490,290,1000,"bu","09:29:52",225100
8490,290,500,"bu","09:29:33",224100
8490,290,100,"bu","09:29:28",223600
8500,300,4300,"bu","09:29:14",223500
8500,300,3000,"bu","09:29:14",219200
8500,300,2000,"bu","09:29:14",216200
8500,300,200,"bu","09:29:14",214200
8500,300,500,"bu","09:29:14",214000
8480,280,3000,"sd","09:29:12",213500
8480,280,300,"sd","09:29:04",210500
8490,290,200,"sd","09:29:04",210200
8500,300,100,"bu","09:29:02",210000
8490,290,100,"sd","09:29:01",209900
8490,290,1500,"bu","09:28:59",209800
8490,290,100,"bu","09:28:59",208300
8490,290,3300,"bu","09:28:59",208200
8480,280,900,"bu","09:28:49",204900
8480,280,4500,"bu","09:28:49",204000
8480,280,2000,"bu","09:28:24",199500
8480,280,1000,"bu","09:28:23",197500
8480,280,2500,"sd","09:28:23",196500
8490,290,1000,"bu","09:28:15",194000
8490,290,200,"bu","09:28:07",193000
8480,280,15000,"sd","09:28:04",192800
8490,290,500,"bu","09:28:01",177800
8490,290,500,"bu","09:28:01",177300
8480,280,2400,"sd","09:27:58",176800
8480,280,100,"sd","09:27:55",174400
8450,250,1800,"bu","09:27:42",174300
8450,250,200,"bu","09:27:35",172500
8450,250,100,"bu","09:27:35",172300
8450,250,1000,"bu","09:27:35",172200
8450,250,200,"bu","09:27:35",171200
8450,250,2000,"bu","09:27:35",171000
8450,250,500,"bu","09:27:35",169000
8450,250,10000,"bu","09:27:35",168500
8450,250,1000,"bu","09:27:35",158500
8450,250,200,"bu","09:27:35",157500
8450,250,100,"bu","09:27:35",157300
8450,250,9600,"bu","09:27:35",157200
8440,240,100,"bu","09:27:35",147600
8440,240,3000,"bu","09:27:35",147500
8440,240,2000,"sd","09:27:29",144500
8450,250,100,"bu","09:27:23",142500
8450,250,300,"bu","09:27:13",142400
8440,240,500,"bu","09:27:08",141600
8410,210,1000,"bu","09:27:08",141100
8440,240,500,"bu","09:27:08",142100
8400,200,1000,"bu","09:27:01",140100
8400,200,100,"bu","09:27:01",139100
8400,200,7000,"bu","09:27:01",139000
8400,200,2000,"bu","09:27:01",132000
8400,200,3000,"bu","09:27:01",130000
8400,200,400,"bu","09:27:01",127000
8400,200,1000,"bu","09:27:01",126600
8400,200,2000,"bu","09:27:01",125600
8400,200,5000,"bu","09:27:01",123600
8390,190,100,"sd","09:26:55",118600
8400,200,100,"bu","09:26:42",118300
8400,200,200,"bu","09:26:42",118500
8390,190,500,"bu","09:26:38",118200
8390,190,100,"bu","09:26:38",117700
8390,190,100,"bu","09:26:38",117600
8390,190,5000,"bu","09:26:37",117500
8390,190,300,"bu","09:26:31",112500
8380,180,100,"bu","09:26:26",112200
8370,170,2300,"bu","09:26:26",110800
8370,170,1300,"bu","09:26:26",112100
8350,150,900,"bu","09:26:20",108500
8350,150,1100,"bu","09:26:14",107600
8350,150,900,"bu","09:26:14",106500
8350,150,1100,"sd","09:26:02",105600
8350,150,5000,"sd","09:25:59",104500
8350,150,1000,"sd","09:25:46",99500
8350,150,1000,"sd","09:25:20",98500
8350,150,300,"bu","09:25:14",97500
8350,150,3600,"bu","09:25:14",97200
8350,150,1400,"sd","09:25:09",93600
8350,150,500,"sd","09:25:05",92200
8350,150,3100,"bu","09:25:00",91700
8350,150,6900,"sd","09:24:53",88600
8350,150,100,"sd","09:24:49",81700
8350,150,5000,"bu","09:24:40",81600
8350,150,5000,"sd","09:24:19",76600
8350,150,1000,"sd","09:24:19",71600
8350,150,300,"sd","09:24:09",70600
8350,150,100,"sd","09:24:08",70300
8350,150,100,"sd","09:23:49",70200
8350,150,3000,"sd","09:23:44",70100
8350,150,2000,"bu","09:23:42",67100
8350,150,2100,"bu","09:23:42",65100
8350,150,1300,"bu","09:23:42",63000
8340,140,100,"bu","09:23:42",61700
8320,120,500,"sd","09:23:11",61600
8350,150,2600,"bu","09:23:09",61100
8350,150,100,"bu","09:23:09",58500
8350,150,2300,"bu","09:23:09",58400
8350,150,200,"bu","09:22:51",56100
8310,110,2000,"bu","09:22:26",55900
8310,110,800,"bu","09:22:26",53900
8300,100,1200,"sd","09:22:11",53100
8300,100,500,"sd","09:22:11",51900
8300,100,1000,"sd","09:22:11",51400
8300,100,100,"bu","09:22:11",50400
8300,100,2200,"bu","09:22:11",50300
8300,100,100,"bu","09:22:04",48100
8250,50,4000,"sd","09:22:01",48000
8250,50,2800,"bu","09:21:42",44000
8250,50,1000,"bu","09:21:14",41200
8250,50,1000,"sd","09:20:39",40000
8250,50,200,"sd","09:20:39",40200
8300,100,700,"bu","09:20:23",39000
8300,100,2000,"bu","09:19:37",38300
8300,100,300,"bu","09:19:11",36300
8300,100,500,"bu","09:18:15",36000
8300,100,400,"bu","09:17:58",35500
8300,100,6000,"bu","09:17:09",35100
8300,100,1000,"bu","09:16:55",29100
8300,100,1800,"bu","09:16:42",28100
8300,100,1200,"bu","09:16:42",26300
8300,100,500,"bu","09:16:29",25100
8300,100,9900,"sd","09:16:16",24600
8310,110,200,"sd","09:16:14",14700
8310,110,700,"sd","09:16:13",14500
8310,110,1000,"sd","09:16:13",13800
8300,100,100,"sd","09:15:33",12800
8300,100,100,"sd","09:15:33",12700
8300,100,100,"sd","09:15:07",12600
8300,100,1900,"sd","09:15:07",12500
8390,190,10600,"unknown","09:14:59",10600
