"price","change","match_qtty","side","time","total_vol"
19700,700,100,"bu","14:53:55",2987200
19700,700,54700,"unknown","14:45:02",2987100
19700,700,20000,"bu","14:29:57",2932400
19600,600,100,"sd","14:29:35",2912400
19600,600,1000,"sd","14:29:26",2912300
19600,600,1000,"sd","14:29:23",2911300
19600,600,1800,"sd","14:29:22",2910300
19600,600,57200,"bu","14:29:19",2908500
19600,600,2500,"bu","14:29:17",2851300
19600,600,10000,"bu","14:29:04",2848800
19600,600,400,"bu","14:28:41",2838800
19600,600,1000,"bu","14:28:37",2838400
19600,600,100,"bu","14:27:48",2837400
19500,500,200,"sd","14:27:20",2837300
19500,500,12600,"bu","14:27:05",2837100
19500,500,1000,"bu","14:27:02",2824500
19500,500,800,"bu","14:26:57",2823500
19500,500,100,"bu","14:26:50",2822700
19500,500,1000,"bu","14:26:40",2822600
19500,500,100,"bu","14:26:14",2821600
19500,500,2000,"bu","14:26:05",2821500
19500,500,700,"bu","14:26:02",2819500
19500,500,600,"bu","14:25:50",2818800
19500,500,1000,"bu","14:25:06",2818200
19500,500,400,"bu","14:24:28",2817200
19500,500,600,"bu","14:24:26",2816800
19500,500,400,"bu","14:24:22",2816200
19500,500,500,"sd","14:24:20",2815800
19500,500,500,"sd","14:24:18",2815300
19500,500,500,"sd","14:24:16",2814800
19500,500,500,"sd","14:24:15",2814300
19500,500,1200,"sd","14:24:14",2813800
19500,500,500,"sd","14:24:13",2812600
19500,500,500,"sd","14:24:12",2812100
19500,500,3000,"sd","14:24:10",2811600
19500,500,500,"sd","14:24:08",2808600
19500,500,500,"sd","14:24:07",2808100
19500,500,500,"sd","14:24:06",2807600
19500,500,500,"sd","14:24:05",2807100
19500,500,100,"sd","14:24:04",2806600
19500,500,500,"sd","14:24:03",2806500
19500,500,500,"sd","14:24:01",2806000
19500,500,500,"sd","14:23:59",2805500
19500,500,500,"sd","14:23:57",2805000
19500,500,900,"sd","14:23:55",2804500
19500,500,500,"sd","14:23:53",2803600
19500,500,500,"sd","14:23:51",2803100
19500,500,500,"sd","14:23:50",2802600
19500,500,500,"sd","14:23:48",2802100
19500,500,500,"sd","14:23:46",2801600
19500,500,500,"sd","14:23:44",2801100
19500,500,500,"sd","14:23:42",2800600
19500,500,500,"sd","14:23:40",2800100
19500,500,4500,"sd","14:23:38",2799600
19500,500,500,"sd","14:23:36",2795100
19500,500,500,"sd","14:23:35",2794600
19500,500,500,"sd","14:23:33",2794100
19500,500,500,"sd","14:23:31",2793600
19500,500,500,"sd","14:23:29",2793100
19500,500,500,"sd","14:23:28",2792600
19500,500,500,"sd","14:23:27",2792100
19500,500,4000,"sd","14:23:26",2791600
19500,500,500,"sd","14:23:25",2787600
19500,500,500,"sd","14:23:23",2787100
19500,500,500,"sd","14:23:21",2786600
19500,500,500,"sd","14:23:20",2786100
19500,500,500,"sd","14:23:18",2785600
19500,500,500,"sd","14:23:16",2785100
19500,500,500,"sd","14:23:14",2784600
19500,500,500,"sd","14:23:12",2784100
19500,500,500,"sd","14:23:10",2783600
19500,500,500,"sd","14:23:08",2783100
19500,500,500,"sd","14:23:06",2782600
19500,500,100,"sd","14:23:05",2782100
19500,500,500,"sd","14:23:04",2782000
19500,500,500,"sd","14:23:03",2781500
19500,500,500,"sd","14:23:01",2781000
19500,500,500,"sd","14:22:59",2780500
19500,500,500,"sd","14:22:57",2780000
19500,500,500,"sd","14:22:55",2779500
19500,500,500,"sd","14:22:53",2779000
19500,500,500,"sd","14:22:51",2778500
19500,500,500,"sd","14:22:49",2778000
19500,500,500,"sd","14:22:48",2777500
19500,500,500,"sd","14:22:46",2777000
19500,500,500,"sd","14:22:44",2776500
19500,500,500,"sd","14:22:42",2776000
19500,500,500,"sd","14:22:40",2775500
19500,500,500,"sd","14:22:38",2775000
19600,600,1200,"bu","14:22:36",2774500
19500,500,500,"sd","14:22:34",2773300
19500,500,500,"sd","14:22:33",2772800
19500,500,500,"sd","14:22:31",2772300
19500,500,500,"sd","14:22:29",2771800
19500,500,500,"sd","14:22:28",2771300
19500,500,500,"sd","14:22:25",2770800
19500,500,500,"sd","14:22:23",2770300
19500,500,500,"sd","14:22:21",2769800
19500,500,500,"sd","14:22:19",2769300
19500,500,500,"sd","14:22:16",2768800
19500,500,500,"sd","14:22:15",2768300
19500,500,500,"sd","14:22:13",2767800
19500,500,500,"sd","14:22:11",2767300
19500,500,500,"sd","14:22:09",2766800
19500,500,500,"sd","14:22:07",2766300
19500,500,500,"sd","14:22:05",2765800
19500,500,500,"sd","14:22:03",2765300
19500,500,1500,"sd","14:22:02",2764800
19500,500,500,"sd","14:22:01",2763300
19500,500,500,"sd","14:22:00",2762800
19500,500,400,"sd","14:21:59",2762300
19500,500,500,"sd","14:21:58",2761900
19500,500,4500,"sd","14:21:56",2761400
19500,500,500,"sd","14:21:54",2756900
19500,500,500,"sd","14:21:52",2756400
19500,500,500,"sd","14:21:50",2755900
19500,500,500,"sd","14:21:48",2755400
19500,500,500,"sd","14:21:46",2754900
19500,500,500,"sd","14:21:45",2754400
19500,500,500,"sd","14:21:43",2753900
19500,500,500,"sd","14:21:41",2753400
19500,500,500,"sd","14:21:39",2752900
19500,500,500,"sd","14:21:37",2752400
19500,500,500,"sd","14:21:35",2751900
19500,500,500,"sd","14:21:33",2751400
19500,500,500,"sd","14:21:31",2750900
19500,500,500,"sd","14:21:30",2750400
19500,500,500,"sd","14:21:28",2749900
19500,500,500,"sd","14:21:26",2749400
19500,500,500,"sd","14:21:24",2748900
19500,500,500,"sd","14:21:22",2748400
19500,500,500,"sd","14:21:20",2747900
19500,500,500,"sd","14:21:18",2747400
19500,500,500,"sd","14:21:16",2746900
19500,500,500,"sd","14:21:15",2746400
19500,500,500,"sd","14:21:14",2745900
19500,500,500,"sd","14:21:13",2745400
19500,500,500,"sd","14:21:11",2744900
19500,500,500,"sd","14:21:09",2744400
19500,500,500,"sd","14:21:07",2743900
19500,500,500,"sd","14:21:05",2743400
19500,500,500,"sd","14:21:03",2742900
19500,500,500,"sd","14:21:01",2742400
19600,600,8500,"bu","14:20:59",2741900
19500,500,500,"sd","14:20:58",2733400
19500,500,500,"sd","14:20:56",2732900
19500,500,1000,"sd","14:20:54",2732400
19500,500,500,"sd","14:20:52",2731400
19500,500,500,"sd","14:20:50",2730900
19500,500,500,"sd","14:20:48",2730400
19600,600,700,"bu","14:20:47",2729900
19500,500,500,"sd","14:20:46",2729200
19500,500,500,"sd","14:20:44",2728700
19500,500,500,"sd","14:20:43",2728200
19500,500,500,"sd","14:20:41",2727700
19500,500,500,"sd","14:20:39",2727200
19500,500,500,"sd","14:20:37",2726700
19500,500,500,"sd","14:20:35",2726200
19500,500,500,"sd","14:20:33",2725700
19500,500,500,"sd","14:20:31",2725200
19500,500,500,"sd","14:20:29",2724700
19500,500,500,"sd","14:20:27",2724200
19500,500,500,"sd","14:20:26",2723700
19500,500,500,"sd","14:20:24",2723200
19500,500,500,"sd","14:20:22",2722700
19500,500,500,"sd","14:20:20",2722200
19500,500,500,"sd","14:20:18",2721700
19500,500,500,"sd","14:20:16",2721200
19500,500,500,"sd","14:20:14",2720700
19500,500,500,"sd","14:20:12",2720200
19500,500,500,"sd","14:20:11",2719700
19500,500,500,"sd","14:20:09",2719200
19500,500,500,"sd","14:20:07",2718700
19500,500,500,"sd","14:20:05",2718200
19500,500,500,"sd","14:20:03",2717700
19500,500,500,"sd","14:20:01",2717200
19500,500,500,"sd","14:19:59",2716700
19500,500,500,"sd","14:19:57",2716200
19500,500,500,"sd","14:19:56",2715700
19500,500,500,"sd","14:19:54",2715200
19500,500,500,"sd","14:19:52",2714700
19500,500,500,"sd","14:19:50",2714200
19500,500,500,"sd","14:19:48",2713700
19500,500,500,"sd","14:19:46",2713200
19500,500,500,"sd","14:19:44",2712700
19500,500,500,"sd","14:19:42",2712200
19500,500,500,"sd","14:19:41",2711700
19500,500,500,"sd","14:19:39",2711200
19500,500,500,"sd","14:19:37",2710700
19500,500,500,"sd","14:19:35",2710200
19500,500,500,"sd","14:19:33",2709700
19500,500,500,"sd","14:19:31",2709200
19500,500,500,"sd","14:19:29",2708700
19500,500,500,"sd","14:19:27",2708200
19500,500,500,"sd","14:19:25",2707700
19500,500,500,"sd","14:19:24",2707200
19500,500,500,"sd","14:19:22",2706700
19500,500,500,"sd","14:19:20",2706200
19500,500,500,"sd","14:19:18",2705700
19500,500,500,"sd","14:19:16",2705200
19500,500,500,"sd","14:19:14",2704700
19500,500,500,"sd","14:19:12",2704200
19500,500,500,"sd","14:19:10",2703700
19500,500,500,"sd","14:19:09",2703200
19500,500,500,"sd","14:19:07",2702700
19500,500,500,"sd","14:19:05",2702200
19500,500,500,"sd","14:19:03",2701700
19600,600,700,"bu","14:19:02",2701200
19500,500,500,"sd","14:19:01",2700500
19500,500,500,"sd","14:18:59",2700000
19500,500,500,"sd","14:18:57",2699500
19500,500,500,"sd","14:18:55",2699000
19500,500,500,"sd","14:18:54",2698500
19500,500,500,"sd","14:18:52",2698000
19500,500,500,"sd","14:18:50",2697500
19500,500,500,"sd","14:18:48",2697000
19500,500,500,"sd","14:18:46",2696500
19600,600,1000,"bu","14:18:32",2696000
19500,500,300,"sd","14:18:26",2695000
19600,600,10000,"bu","14:18:23",2694700
19600,600,700,"bu","14:17:18",2684700
19500,500,1000,"sd","14:16:52",2684000
19600,600,10000,"bu","14:16:23",2683000
19600,600,1000,"bu","14:16:13",2673000
19600,600,700,"bu","14:15:33",2672000
19500,500,500,"sd","14:15:21",2671300
19500,500,1400,"sd","14:14:10",2670800
19500,500,1000,"sd","14:14:02",2669400
19600,600,700,"bu","14:13:48",2668400
19500,500,1000,"sd","14:13:40",2667700
19500,500,3000,"sd","14:13:37",2666700
19500,500,100,"sd","14:13:26",2663700
19500,500,3000,"sd","14:12:10",2663600
19600,600,700,"bu","14:12:03",2660600
19500,500,1000,"sd","14:12:01",2659900
19500,500,300,"sd","14:11:55",2658900
19500,500,2900,"sd","14:11:42",2658600
19500,500,13000,"sd","14:11:06",2655700
19600,600,700,"bu","14:10:19",2642700
19600,600,100,"bu","14:09:53",2642000
19600,600,700,"bu","14:08:34",2641900
19600,600,3000,"bu","14:08:23",2641200
19500,500,500,"sd","14:08:19",2638200
19500,500,6500,"sd","14:08:02",2637700
19500,500,10000,"sd","14:07:46",2631200
19500,500,500,"sd","14:07:33",2621200
19600,600,300,"bu","14:06:56",2620700
19600,600,700,"bu","14:06:49",2620400
19500,500,500,"sd","14:06:22",2619700
19600,600,20000,"bu","14:06:01",2619200
19600,600,700,"bu","14:05:05",2599200
19600,600,500,"bu","14:03:54",2598500
19600,600,700,"bu","14:03:20",2598000
19500,500,500,"sd","14:03:17",2597300
19500,500,5000,"sd","14:02:51",2596800
19600,600,300,"bu","14:01:58",2591800
19600,600,700,"bu","14:01:35",2591500
19600,600,10000,"bu","14:01:13",2590800
19600,600,100,"bu","14:01:12",2580800
19600,600,500,"bu","14:00:26",2580700
19500,500,1000,"sd","13:59:53",2580200
19600,600,700,"bu","13:59:51",2579200
19500,500,1500,"sd","13:58:55",2578500
19600,600,10700,"bu","13:58:06",2577000
19600,600,15000,"bu","13:57:56",2566300
19500,500,100,"sd","13:57:02",2551300
19600,600,700,"bu","13:56:21",2551200
19600,600,500,"bu","13:55:58",2550500
19600,600,100,"bu","13:55:22",2550000
19600,600,500,"bu","13:55:10",2549900
19600,600,300,"bu","13:55:01",2549400
19600,600,700,"bu","13:54:37",2549100
19600,600,100,"bu","13:54:16",2548400
19600,600,3600,"bu","13:54:07",2548300
19600,600,500,"sd","13:54:01",2544700
19600,600,2700,"sd","13:53:48",2544200
19600,600,500,"sd","13:53:36",2541500
19600,600,100,"sd","13:53:32",2541000
19600,600,100,"sd","13:53:28",2540900
19600,600,2000,"sd","13:53:03",2540800
19600,600,5000,"sd","13:52:56",2538800
19700,700,700,"bu","13:52:52",2533800
19600,600,100,"sd","13:52:37",2533100
19600,600,600,"sd","13:52:33",2533000
19600,600,1800,"sd","13:52:04",2532400
19600,600,100,"sd","13:51:57",2530600
19600,600,1300,"bu","13:51:56",2530500
19600,600,100,"bu","13:51:50",2529200
19600,600,300,"bu","13:51:47",2529100
19600,600,2200,"sd","13:51:36",2528800
19600,600,300,"bu","13:51:35",2526600
19600,600,700,"bu","13:51:07",2526300
19600,600,200,"bu","13:50:59",2525600
19600,600,10000,"bu","13:50:48",2525400
19600,600,100,"bu","13:50:39",2515400
19600,600,6200,"bu","13:50:37",2515300
19600,600,2000,"bu","13:50:31",2509100
19600,600,3000,"bu","13:50:02",2507100
19600,600,200,"bu","13:49:58",2504100
19600,600,1200,"sd","13:49:22",2503900
19600,600,100,"sd","13:49:11",2502700
19600,600,2000,"sd","13:49:08",2502600
19600,600,2400,"sd","13:49:06",2500600
19600,600,300,"bu","13:48:57",2498200
19600,600,800,"bu","13:48:48",2497900
19600,600,16600,"sd","13:48:40",2497100
19700,700,200,"bu","13:47:57",2480500
19700,700,700,"bu","13:47:38",2480300
19600,600,40000,"sd","13:47:29",2479600
19600,600,300,"sd","13:47:06",2439600
19600,600,3400,"sd","13:46:46",2439300
19600,600,1000,"sd","13:46:22",2435900
19600,600,1500,"sd","13:46:01",2434900
19700,700,200,"bu","13:45:56",2433400
19700,700,700,"bu","13:45:53",2433200
19600,600,500,"sd","13:45:50",2432500
19600,600,1000,"sd","13:45:44",2432000
19600,600,300,"sd","13:44:35",2431000
19700,700,700,"bu","13:44:08",2430700
19700,700,200,"bu","13:43:54",2430000
19700,700,1200,"bu","13:43:08",2429800
19700,700,200,"bu","13:42:54",2428600
19700,700,700,"bu","13:42:24",2428400
19600,600,100,"sd","13:41:51",2427700
19600,600,1300,"sd","13:41:15",2427600
19600,600,800,"sd","13:40:47",2426300
19600,600,5000,"bu","13:40:40",2425500
19600,600,700,"bu","13:40:39",2420500
19600,600,600,"sd","13:39:57",2419800
19600,600,100,"sd","13:39:48",2419200
19600,600,100,"sd","13:39:45",2419100
19600,600,5000,"sd","13:39:39",2419000
19600,600,15000,"sd","13:39:34",2414000
19600,600,200,"sd","13:39:23",2399000
19600,600,200,"sd","13:39:11",2398800
19600,600,500,"sd","13:38:56",2398600
19700,700,700,"bu","13:38:55",2398100
19600,600,500,"sd","13:38:53",2397400
19600,600,10000,"sd","13:38:47",2396900
19600,600,1500,"sd","13:38:37",2386900
19600,600,5000,"sd","13:38:19",2385400
19600,600,300,"sd","13:37:57",2380400
19600,600,400,"sd","13:37:34",2380100
19600,600,200,"sd","13:37:14",2379700
19700,700,700,"bu","13:37:10",2379500
19600,600,500,"sd","13:36:33",2378800
19600,600,2500,"sd","13:36:30",2378300
19600,600,100,"sd","13:36:24",2375800
19600,600,100,"sd","13:36:09",2375700
19600,600,4900,"sd","13:35:27",2375600
19700,700,700,"bu","13:35:25",2370700
19600,600,100,"sd","13:35:23",2370000
19600,600,500,"sd","13:35:02",2369900
19600,600,600,"sd","13:35:00",2369400
19600,600,100,"sd","13:34:39",2368800
19600,600,400,"sd","13:34:36",2368700
19600,600,1000,"sd","13:34:16",2368300
19600,600,1000,"sd","13:34:03",2367300
19600,600,300,"bu","13:33:49",2366300
19600,600,200,"bu","13:33:47",2366000
19600,600,1300,"sd","13:33:42",2365800
19700,700,700,"bu","13:33:40",2364500
19600,600,5000,"sd","13:33:30",2363800
19600,600,500,"sd","13:33:28",2358800
19600,600,900,"sd","13:33:25",2358300
19600,600,500,"sd","13:33:23",2357400
19600,600,1000,"sd","13:33:15",2356900
19600,600,100,"sd","13:33:14",2355900
19600,600,2000,"sd","13:32:40",2355800
19600,600,200,"sd","13:32:39",2353800
19600,600,1100,"bu","13:32:24",2353600
19600,600,200,"bu","13:32:17",2352500
19600,600,10000,"bu","13:32:15",2352300
19600,600,700,"bu","13:31:55",2342300
19600,600,200,"bu","13:31:47",2341600
19600,600,3000,"bu","13:31:38",2341400
19600,600,3000,"bu","13:31:23",2338400
19500,500,400,"sd","13:31:03",2335400
19500,500,700,"sd","13:30:28",2335000
19600,600,500,"bu","13:30:22",2334300
19600,600,10000,"bu","13:30:20",2333800
19600,600,700,"bu","13:30:11",2323800
19500,500,600,"sd","13:30:01",2323100
19500,500,600,"sd","13:29:54",2322500
19500,500,100,"sd","13:29:50",2321900
19500,500,600,"sd","13:29:47",2321800
19500,500,600,"sd","13:29:40",2321200
19500,500,600,"sd","13:29:33",2320600
19500,500,600,"sd","13:29:25",2320000
19500,500,600,"sd","13:29:18",2319400
19500,500,600,"sd","13:29:11",2318800
19500,500,600,"sd","13:29:04",2318200
19500,500,600,"sd","13:28:57",2317600
19500,500,600,"sd","13:28:50",2317000
19500,500,600,"sd","13:28:43",2316400
19500,500,600,"sd","13:28:36",2315800
19500,500,600,"sd","13:28:29",2315200
19600,600,700,"bu","13:28:26",2314600
19500,500,600,"sd","13:28:21",2313900
19500,500,600,"sd","13:28:14",2313300
19500,500,600,"sd","13:28:07",2312700
19500,500,600,"sd","13:28:00",2312100
19500,500,600,"sd","13:27:53",2311500
19500,500,600,"sd","13:27:46",2310900
19500,500,600,"sd","13:27:39",2310300
19500,500,600,"sd","13:27:32",2309700
19500,500,600,"sd","13:27:25",2309100
19500,500,600,"sd","13:27:18",2308500
19500,500,600,"sd","13:27:10",2307900
19500,500,600,"sd","13:27:03",2307300
19500,500,600,"sd","13:26:56",2306700
19500,500,600,"sd","13:26:49",2306100
19500,500,600,"sd","13:26:42",2305500
19600,600,700,"bu","13:26:41",2304900
19500,500,600,"sd","13:26:35",2304200
19500,500,600,"sd","13:26:28",2303600
19500,500,600,"sd","13:26:21",2303000
19600,600,500,"bu","13:26:20",2302400
19500,500,600,"sd","13:26:14",2301900
19600,600,200,"bu","13:26:10",2301300
19600,600,200,"bu","13:26:06",2301100
19600,600,200,"bu","13:26:02",2300900
19500,500,600,"sd","13:25:59",2300700
19500,500,600,"sd","13:25:52",2300100
19600,600,300,"bu","13:25:51",2299500
19500,500,600,"sd","13:25:45",2299200
19500,500,600,"sd","13:25:38",2298600
19600,600,5000,"bu","13:25:35",2298000
19500,500,600,"sd","13:25:31",2293000
19500,500,600,"sd","13:25:24",2292400
19500,500,600,"sd","13:25:17",2291800
19600,600,5100,"sd","13:25:09",2291200
19700,700,500,"bu","13:25:06",2286100
19600,600,200,"sd","13:25:03",2285600
19500,500,600,"sd","13:25:02",2285400
19700,700,700,"bu","13:24:57",2284800
19600,600,100,"bu","13:24:56",2284100
19500,500,600,"sd","13:24:55",2284000
19600,600,3800,"bu","13:24:53",2283400
19600,600,500,"sd","13:24:52",2279600
19600,600,600,"sd","13:24:48",2279100
19600,600,600,"sd","13:24:44",2278500
19600,600,20000,"sd","13:24:43",2277900
19600,600,600,"sd","13:24:41",2257900
19600,600,5100,"sd","13:24:35",2257300
19600,600,600,"sd","13:24:34",2252200
19600,600,600,"sd","13:24:27",2251600
19700,700,3300,"bu","13:24:26",2251000
19600,600,600,"sd","13:24:20",2247700
19600,600,300,"sd","13:24:18",2247100
19600,600,100,"sd","13:24:17",2246800
19600,600,600,"sd","13:24:13",2246700
19600,600,10000,"sd","13:24:09",2246100
19600,600,1100,"sd","13:24:06",2236100
19600,600,600,"sd","13:23:58",2235000
19600,600,200,"sd","13:23:55",2234400
19600,600,600,"sd","13:23:51",2234200
19600,600,600,"sd","13:23:44",2233600
19600,600,500,"sd","13:23:38",2233000
19600,600,600,"sd","13:23:37",2232500
19600,600,600,"sd","13:23:30",2231900
19600,600,600,"sd","13:23:23",2231300
19600,600,600,"sd","13:23:16",2230700
19700,700,1400,"bu","13:23:15",2230100
19700,700,700,"bu","13:23:12",2228700
19700,700,800,"bu","13:23:09",2228000
19600,600,900,"sd","13:23:02",2227200
19600,600,1000,"sd","13:22:57",2226300
19700,700,3000,"bu","13:22:55",2225300
19600,600,600,"sd","13:22:54",2222300
19600,600,600,"sd","13:22:47",2221700
19600,600,600,"sd","13:22:40",2221100
19600,600,600,"sd","13:22:33",2220500
19600,600,600,"sd","13:22:26",2219900
19600,600,1000,"sd","13:22:23",2219300
19600,600,600,"sd","13:22:19",2218300
19600,600,600,"sd","13:22:12",2217700
19600,600,600,"sd","13:22:05",2217100
19700,700,500,"bu","13:22:01",2216500
19600,600,600,"sd","13:21:58",2216000
19600,600,600,"sd","13:21:51",2215400
19600,600,10000,"sd","13:21:49",2214800
19600,600,72700,"sd","13:21:46",2204800
19600,600,10000,"bu","13:21:45",2132100
19500,500,600,"sd","13:21:43",2122100
19600,600,86000,"bu","13:21:42",2121500
19500,500,2000,"sd","13:21:37",2035500
19500,500,600,"sd","13:21:36",2033500
19500,500,800,"sd","13:21:34",2032900
19500,500,600,"sd","13:21:29",2032100
19600,600,700,"bu","13:21:27",2031500
19600,600,2000,"bu","13:21:22",2030800
19600,600,700,"bu","13:21:16",2028800
19500,500,600,"sd","13:21:15",2028100
19500,500,600,"sd","13:21:08",2027500
19600,600,3000,"bu","13:21:03",2026900
19500,500,600,"sd","13:21:01",2023900
19600,600,3700,"bu","13:20:59",2023300
19600,600,6000,"bu","13:20:56",2019600
19500,500,600,"sd","13:20:54",2013600
19500,500,600,"sd","13:20:47",2013000
19500,500,600,"sd","13:20:39",2012400
19600,600,5000,"bu","13:20:33",2011800
19500,500,700,"sd","13:20:32",2006800
19500,500,500,"sd","13:20:31",2006100
19500,500,7300,"sd","13:20:28",2005600
19500,500,1100,"sd","13:20:25",1998300
19500,500,600,"sd","13:20:18",1997200
19600,600,5000,"bu","13:20:13",1996600
19500,500,600,"sd","13:20:11",1991600
19500,500,8000,"sd","13:20:09",1991000
19500,500,600,"sd","13:20:04",1983000
19500,500,1000,"sd","13:20:03",1982400
19500,500,5600,"sd","13:19:57",1981400
19500,500,600,"sd","13:19:50",1975800
19600,600,1300,"bu","13:19:43",1975200
19500,500,600,"sd","13:19:35",1973900
19500,500,500,"sd","13:19:31",1973300
19500,500,600,"sd","13:19:28",1972800
19500,500,1000,"sd","13:19:26",1972200
19500,500,600,"sd","13:19:21",1971200
19500,500,600,"sd","13:19:14",1970600
19500,500,600,"sd","13:19:07",1970000
19500,500,600,"sd","13:19:00",1969400
19500,500,600,"sd","13:18:53",1968800
19600,600,1000,"bu","13:18:48",1968200
19500,500,600,"sd","13:18:46",1967200
19500,500,600,"sd","13:18:39",1966600
19500,500,600,"sd","13:18:31",1966000
19500,500,200,"sd","13:18:29",1965400
19500,500,600,"sd","13:18:24",1965200
19500,500,400,"sd","13:18:22",1964600
19500,500,600,"sd","13:18:17",1964200
19500,500,600,"sd","13:18:10",1963600
19500,500,600,"sd","13:18:03",1963000
19500,500,5000,"sd","13:18:02",1962400
19500,500,1100,"sd","13:17:59",1957400
19500,500,600,"sd","13:17:56",1956300
19500,500,600,"sd","13:17:49",1955700
19500,500,500,"sd","13:17:48",1955100
19500,500,13300,"bu","13:17:47",1954600
19400,400,600,"sd","13:17:42",1941300
19500,500,5000,"bu","13:17:41",1940700
19500,500,300,"bu","13:17:39",1935700
19500,500,1000,"bu","13:17:37",1935400
19400,400,600,"sd","13:17:35",1934400
19500,500,30000,"bu","13:17:31",1933800
19400,400,600,"sd","13:17:28",1903800
19400,400,600,"sd","13:17:20",1903200
19500,500,500,"bu","13:17:15",1902600
19400,400,900,"sd","13:17:13",1902100
19400,400,600,"sd","13:17:06",1901200
19400,400,600,"sd","13:16:59",1900600
19400,400,700,"sd","13:16:52",1900000
19400,400,600,"sd","13:16:45",1899300
19400,400,1200,"sd","13:16:37",1898700
19400,400,600,"sd","13:16:30",1897500
19400,400,2600,"sd","13:16:23",1896900
19400,400,600,"sd","13:16:15",1894300
19500,500,700,"bu","13:16:13",1893700
19400,400,600,"sd","13:16:08",1893000
19400,400,600,"sd","13:16:01",1892400
19500,500,200,"bu","13:15:59",1891800
19400,400,600,"sd","13:15:54",1891600
19500,500,1100,"bu","13:15:49",1891000
19400,400,600,"sd","13:15:47",1889900
19400,400,600,"sd","13:15:40",1889300
19500,500,300,"bu","13:15:37",1888700
19500,500,100,"bu","13:15:34",1888400
19400,400,600,"sd","13:15:33",1888300
19400,400,600,"sd","13:15:26",1887700
19500,500,100,"bu","13:15:24",1887100
19400,400,600,"sd","13:15:19",1887000
19400,400,600,"sd","13:15:11",1886400
19400,400,600,"sd","13:15:04",1885800
19400,400,600,"sd","13:14:57",1885200
19400,400,600,"sd","13:14:50",1884600
19400,400,200,"sd","13:14:47",1884000
19400,400,600,"sd","13:14:43",1883800
19400,400,600,"sd","13:14:36",1883200
19400,400,1300,"sd","13:14:29",1882600
19400,400,600,"sd","13:14:22",1881300
19400,400,200,"sd","13:14:21",1880700
19400,400,300,"sd","13:14:18",1880500
19400,400,600,"sd","13:14:15",1880200
19400,400,200,"sd","13:14:14",1879600
19400,400,1000,"sd","13:14:13",1879400
19400,400,300,"sd","13:14:11",1878400
19400,400,600,"sd","13:14:07",1878100
19400,400,200,"sd","13:14:02",1877500
19400,400,600,"sd","13:14:00",1877300
19400,400,300,"sd","13:13:59",1876700
19400,400,200,"sd","13:13:55",1876400
19400,400,600,"sd","13:13:53",1876200
19400,400,300,"sd","13:13:52",1875600
19500,500,1500,"bu","13:13:47",1875300
19400,400,600,"sd","13:13:46",1873800
19400,400,600,"sd","13:13:39",1873200
19400,400,600,"sd","13:13:32",1872600
19400,400,600,"sd","13:13:25",1872000
19500,500,1000,"bu","13:13:22",1871400
19400,400,500,"sd","13:13:19",1870400
19400,400,600,"sd","13:13:18",1869900
19400,400,200,"sd","13:13:13",1869300
19400,400,2700,"sd","13:13:11",1869100
19400,400,300,"sd","13:13:10",1866400
19400,400,600,"sd","13:13:04",1866100
19400,400,600,"sd","13:12:57",1865500
19400,400,600,"sd","13:12:49",1864900
19500,500,700,"bu","13:12:44",1864300
19400,400,600,"sd","13:12:43",1863600
19400,400,600,"sd","13:12:36",1863000
19400,400,600,"sd","13:12:28",1862400
19400,400,600,"sd","13:12:21",1861800
19400,400,600,"sd","13:12:15",1861200
19400,400,500,"sd","13:12:12",1860600
19400,400,600,"sd","13:12:08",1860100
19400,400,600,"sd","13:12:01",1859500
19400,400,600,"sd","13:11:53",1858900
19400,400,600,"sd","13:11:46",1858300
19400,400,600,"sd","13:11:39",1857700
19400,400,600,"sd","13:11:32",1857100
19400,400,600,"sd","13:11:24",1856500
19400,400,600,"sd","13:11:18",1855900
19400,400,600,"sd","13:11:11",1855300
19400,400,600,"sd","13:11:04",1854700
19500,500,700,"bu","13:10:59",1854100
19400,400,600,"sd","13:10:57",1853400
19400,400,600,"sd","13:10:49",1852800
19400,400,600,"sd","13:10:42",1852200
19500,500,900,"bu","13:10:35",1851600
19500,500,100,"bu","13:10:30",1850700
19400,400,600,"sd","13:10:28",1850600
19400,400,600,"sd","13:10:21",1850000
19400,400,600,"sd","13:10:14",1849400
19400,400,16300,"bu","13:10:10",1848800
19300,300,600,"sd","13:10:07",1832500
19400,400,14700,"bu","13:10:04",1831900
19400,400,15000,"bu","13:10:03",1817200
19400,400,300,"bu","13:10:02",1802200
19300,300,600,"sd","13:10:00",1801900
19300,300,600,"sd","13:09:53",1801300
19300,300,600,"sd","13:09:45",1800700
19400,400,100,"bu","13:09:41",1800100
19300,300,600,"sd","13:09:38",1800000
19300,300,600,"sd","13:09:31",1799400
19300,300,600,"sd","13:09:24",1798800
19300,300,600,"sd","13:09:17",1798200
19400,400,700,"bu","13:09:14",1797600
19300,300,600,"sd","13:09:10",1796900
19300,300,600,"sd","13:09:03",1796300
19300,300,1000,"sd","13:09:01",1795700
19300,300,600,"sd","13:08:56",1794700
19300,300,600,"sd","13:08:50",1794100
19300,300,700,"sd","13:08:42",1793500
19300,300,600,"sd","13:08:41",1792800
19300,300,600,"sd","13:08:34",1792200
19300,300,600,"sd","13:08:27",1791600
19300,300,600,"sd","13:08:20",1791000
19300,300,600,"sd","13:08:13",1790400
19400,400,100,"bu","13:08:12",1789800
19300,300,600,"sd","13:08:06",1789700
19300,300,600,"sd","13:07:59",1789100
19400,400,1000,"bu","13:07:56",1788500
19400,400,500,"bu","13:07:53",1787500
19300,300,600,"sd","13:07:52",1787000
19300,300,600,"sd","13:07:45",1786400
19400,400,5000,"bu","13:07:39",1785800
19300,300,600,"sd","13:07:38",1780800
19400,400,1000,"bu","13:07:36",1780200
19400,400,200,"bu","13:07:33",1779200
19400,400,1300,"bu","13:07:30",1779000
19400,400,41600,"bu","13:07:22",1777700
19400,400,600,"sd","13:07:16",1736100
19400,400,600,"sd","13:07:09",1735500
19400,400,600,"sd","13:07:02",1734900
19400,400,600,"sd","13:06:55",1734300
19400,400,600,"sd","13:06:48",1733700
19400,400,600,"sd","13:06:41",1733100
19400,400,600,"sd","13:06:34",1732500
19400,400,600,"sd","13:06:26",1731900
19400,400,600,"sd","13:06:19",1731300
19400,400,600,"sd","13:06:12",1730700
19400,400,600,"sd","13:06:05",1730100
19400,400,600,"sd","13:05:58",1729500
19400,400,600,"sd","13:05:51",1728900
19500,500,700,"bu","13:05:45",1728300
19400,400,600,"sd","13:05:44",1727600
19400,400,600,"sd","13:05:37",1727000
19400,400,600,"sd","13:05:30",1726400
19400,400,600,"sd","13:05:22",1725800
19400,400,600,"sd","13:05:15",1725200
19400,400,400,"sd","13:05:13",1724600
19400,400,600,"sd","13:05:08",1724200
19400,400,600,"sd","13:05:01",1723600
19400,400,600,"sd","13:04:54",1723000
19400,400,10600,"sd","13:04:47",1722400
19400,400,600,"sd","13:04:40",1711800
19400,400,600,"sd","13:04:33",1711200
19400,400,600,"sd","13:04:26",1710600
19400,400,600,"sd","13:04:18",1710000
19400,400,600,"sd","13:04:11",1709400
19400,400,500,"sd","13:04:09",1708800
19400,400,600,"sd","13:04:04",1708300
19400,400,400,"sd","13:04:02",1707700
19500,500,700,"bu","13:04:00",1707300
19400,400,600,"sd","13:03:57",1706600
19400,400,600,"sd","13:03:50",1706000
19400,400,7000,"sd","13:03:47",1705400
19400,400,600,"sd","13:03:43",1698400
19400,400,600,"sd","13:03:36",1697800
19400,400,600,"sd","13:03:29",1697200
19400,400,300,"sd","13:03:23",1696600
19400,400,600,"sd","13:03:22",1696300
19400,400,600,"sd","13:03:14",1695700
19400,400,600,"sd","13:03:07",1695100
19400,400,600,"sd","13:03:00",1694500
19400,400,600,"sd","13:02:53",1693900
19400,400,600,"sd","13:02:46",1693300
19400,400,600,"sd","13:02:39",1692700
19400,400,600,"sd","13:02:32",1692100
19400,400,600,"sd","13:02:25",1691500
19400,400,600,"sd","13:02:18",1690900
19500,500,700,"bu","13:02:16",1690300
19400,400,600,"sd","13:02:11",1689600
19400,400,600,"sd","13:02:03",1689000
19400,400,1000,"sd","13:01:56",1688400
19400,400,1900,"sd","13:01:49",1687400
19400,400,600,"sd","13:01:42",1685500
19400,400,300,"sd","13:01:38",1684900
19400,400,600,"sd","13:01:35",1684600
19400,400,600,"sd","13:01:28",1684000
19400,400,600,"sd","13:01:21",1683400
19400,400,600,"sd","13:01:14",1682800
19400,400,600,"sd","13:01:07",1682200
19400,400,600,"sd","13:00:59",1681600
19400,400,600,"sd","13:00:52",1681000
19400,400,600,"sd","13:00:45",1680400
19400,400,600,"sd","13:00:38",1679800
19400,400,1300,"sd","13:00:32",1679200
19400,400,100,"sd","13:00:13",1677900
19500,500,400,"bu","13:00:11",1677800
19400,400,15000,"sd","13:00:08",1677400
19500,500,100,"bu","13:00:07",1662400
19500,500,200,"bu","13:00:06",1662300
19500,500,100,"bu","13:00:04",1662100
19500,500,200,"bu","11:29:28",1662000
19500,500,300,"bu","11:28:28",1661800
19500,500,700,"bu","11:28:01",1661500
19300,300,600,"sd","11:28:00",1660800
19300,300,600,"sd","11:27:52",1660200
19400,400,500,"bu","11:27:51",1659600
19300,300,600,"sd","11:27:44",1659100
19300,300,600,"sd","11:27:37",1658500
19300,300,600,"sd","11:27:29",1657900
19300,300,600,"sd","11:27:21",1657300
19300,300,600,"sd","11:27:13",1656700
19400,400,100,"sd","11:27:05",1656100
19400,400,200,"bu","11:27:00",1656000
19400,400,400,"sd","11:26:57",1655800
19400,400,600,"sd","11:26:50",1655400
19400,400,600,"sd","11:26:42",1654800
19400,400,600,"sd","11:26:34",1654200
19400,400,600,"sd","11:26:26",1653600
19400,400,600,"sd","11:26:18",1653000
19400,400,600,"sd","11:26:11",1652400
19400,400,1300,"sd","11:26:03",1651800
19400,400,600,"sd","11:25:55",1650500
19400,400,600,"sd","11:25:47",1649900
19400,400,600,"sd","11:25:39",1649300
19400,400,600,"sd","11:25:31",1648700
19400,400,600,"sd","11:25:24",1648100
19400,400,600,"sd","11:25:16",1647500
19400,400,600,"sd","11:25:08",1646900
19400,400,6500,"sd","11:25:07",1646300
19400,400,600,"sd","11:25:00",1639800
19400,400,600,"sd","11:24:52",1639200
19400,400,600,"sd","11:24:45",1638600
19400,400,600,"sd","11:24:37",1638000
19400,400,600,"sd","11:24:29",1637400
19400,400,600,"sd","11:24:21",1636800
19400,400,600,"sd","11:24:13",1636200
19400,400,1300,"sd","11:24:05",1635600
19400,400,600,"sd","11:23:58",1634300
19400,400,600,"sd","11:23:50",1633700
19400,400,600,"sd","11:23:42",1633100
19400,400,600,"sd","11:23:34",1632500
19400,400,600,"sd","11:23:26",1631900
19400,400,600,"sd","11:23:19",1631300
19400,400,600,"sd","11:23:11",1630700
19400,400,600,"sd","11:23:03",1630100
19400,400,1000,"sd","11:23:01",1629500
19400,400,600,"sd","11:22:55",1628500
19400,400,600,"sd","11:22:47",1627900
19400,400,600,"sd","11:22:39",1627300
19400,400,600,"sd","11:22:32",1626700
19400,400,600,"sd","11:22:24",1626100
19400,400,600,"sd","11:22:16",1625500
19400,400,1300,"sd","11:22:08",1624900
19400,400,600,"sd","11:22:00",1623600
19400,400,600,"sd","11:21:52",1623000
19400,400,600,"sd","11:21:45",1622400
19400,400,600,"sd","11:21:37",1621800
19400,400,1000,"sd","11:21:32",1621200
19400,400,600,"sd","11:21:29",1620200
19400,400,600,"sd","11:21:21",1619600
19400,400,600,"sd","11:21:13",1619000
19400,400,600,"sd","11:21:06",1618400
19400,400,600,"sd","11:20:58",1617800
19400,400,600,"sd","11:20:50",1617200
19400,400,600,"sd","11:20:42",1616600
19400,400,600,"sd","11:20:34",1616000
19400,400,600,"sd","11:20:26",1615400
19400,400,600,"sd","11:20:19",1614800
19400,400,600,"sd","11:20:11",1614200
19500,500,700,"bu","11:20:10",1613600
19400,400,9300,"sd","11:20:05",1612900
19400,400,600,"sd","11:20:03",1603600
19400,400,600,"sd","11:19:55",1603000
19400,400,600,"sd","11:19:47",1602400
19400,400,600,"sd","11:19:40",1601800
19400,400,600,"sd","11:19:32",1601200
19400,400,600,"sd","11:19:24",1600600
19400,400,600,"sd","11:19:16",1600000
19400,400,600,"sd","11:19:08",1599400
19400,400,600,"sd","11:19:00",1598800
19400,400,600,"sd","11:18:53",1598200
19500,500,1100,"bu","11:18:50",1597600
19400,400,1200,"sd","11:18:45",1596500
19400,400,600,"sd","11:18:37",1595300
19400,400,600,"sd","11:18:29",1594700
19500,500,100,"bu","11:18:22",1594100
19400,400,600,"sd","11:18:21",1594000
19400,400,600,"sd","11:18:14",1593400
19500,500,700,"bu","11:18:12",1592800
19400,400,600,"sd","11:18:06",1592100
19400,400,600,"sd","11:17:58",1591500
19400,400,600,"sd","11:17:50",1590900
19400,400,600,"sd","11:17:42",1590300
19400,400,600,"sd","11:17:34",1589700
19400,400,600,"sd","11:17:27",1589100
19400,400,600,"sd","11:17:19",1588500
19400,400,600,"sd","11:17:11",1587900
19400,400,600,"sd","11:17:03",1587300
19400,400,600,"sd","11:16:55",1586700
19400,400,600,"sd","11:16:48",1586100
19400,400,600,"sd","11:16:41",1585500
19400,400,600,"sd","11:16:32",1584900
19400,400,600,"sd","11:16:24",1584300
19400,400,600,"sd","11:16:16",1583700
19500,500,700,"bu","11:16:14",1583100
19400,400,1700,"sd","11:16:08",1582400
19400,400,600,"sd","11:16:02",1580700
19400,400,600,"sd","11:15:53",1580100
19400,400,600,"sd","11:15:45",1579500
19400,400,600,"sd","11:15:37",1578900
19400,400,600,"sd","11:15:30",1578300
19400,400,600,"sd","11:15:23",1577700
19400,400,600,"sd","11:15:14",1577100
19400,400,600,"sd","11:15:06",1576500
19400,400,600,"sd","11:14:58",1575900
19400,400,600,"sd","11:14:50",1575300
19500,500,1200,"sd","11:14:49",1574700
19400,400,600,"sd","11:14:42",1573500
19400,400,600,"sd","11:14:34",1572900
19400,400,600,"sd","11:14:27",1572300
19400,400,600,"sd","11:14:19",1571700
19500,500,300,"bu","11:14:18",1571100
19500,500,700,"bu","11:14:16",1570800
19500,500,300,"bu","11:14:12",1570100
19400,400,600,"sd","11:14:11",1569800
19400,400,600,"sd","11:14:03",1569200
19400,400,600,"sd","11:13:55",1568600
19400,400,600,"sd","11:13:48",1568000
19500,500,31000,"bu","11:13:45",1567400
19400,400,600,"sd","11:13:40",1536400
19400,400,600,"sd","11:13:32",1535800
19400,400,600,"sd","11:13:24",1535200
19400,400,600,"sd","11:13:16",1534600
19400,400,600,"sd","11:13:09",1534000
19400,400,600,"sd","11:13:01",1533400
19400,400,600,"sd","11:12:53",1532800
19400,400,1000,"sd","11:12:49",1532200
19400,400,600,"sd","11:12:45",1531200
19400,400,600,"sd","11:12:37",1530600
19400,400,600,"sd","11:12:30",1530000
19400,400,600,"sd","11:12:22",1529400
19500,500,700,"bu","11:12:18",1528800
19400,400,600,"sd","11:12:14",1528100
19400,400,600,"sd","11:12:06",1527500
19400,400,600,"sd","11:11:58",1526900
19400,400,600,"sd","11:11:50",1526300
19400,400,200,"sd","11:11:49",1525700
19400,400,600,"sd","11:11:43",1525500
19400,400,600,"sd","11:11:35",1524900
19400,400,600,"sd","11:11:27",1524300
19400,400,600,"sd","11:11:19",1523700
19400,400,600,"sd","11:11:11",1523100
19400,400,600,"sd","11:11:03",1522500
19400,400,600,"sd","11:10:56",1521900
19400,400,1000,"sd","11:10:50",1521300
19400,400,600,"sd","11:10:48",1520300
19400,400,600,"sd","11:10:40",1519700
19400,400,600,"sd","11:10:32",1519100
19400,400,600,"sd","11:10:24",1518500
19500,500,700,"bu","11:10:20",1517900
19400,400,600,"sd","11:10:17",1517200
19500,500,300,"bu","11:10:16",1516600
19500,500,500,"bu","11:10:13",1516300
19400,400,600,"sd","11:10:09",1515800
19400,400,600,"sd","11:10:01",1515200
19400,400,600,"sd","11:09:53",1514600
19400,400,600,"sd","11:09:45",1514000
19400,400,600,"sd","11:09:37",1513400
19400,400,600,"sd","11:09:30",1512800
19400,400,600,"sd","11:09:22",1512200
19400,400,600,"sd","11:09:14",1511600
19400,400,600,"sd","11:09:06",1511000
19400,400,600,"sd","11:08:58",1510400
19400,400,600,"sd","11:08:51",1509800
19400,400,600,"sd","11:08:43",1509200
19400,400,600,"sd","11:08:35",1508600
19500,500,1000,"bu","11:08:31",1508000
19400,400,600,"sd","11:08:27",1507000
19500,500,700,"bu","11:08:22",1506400
19400,400,600,"sd","11:08:19",1505700
19400,400,600,"sd","11:08:11",1505100
19400,400,600,"sd","11:08:04",1504500
19400,400,600,"sd","11:07:56",1503900
19400,400,600,"sd","11:07:48",1503300
19400,400,600,"sd","11:07:40",1502700
19500,500,1000,"bu","11:07:34",1502100
19400,400,600,"sd","11:07:32",1501100
19400,400,600,"sd","11:07:25",1500500
19400,400,600,"sd","11:07:17",1499900
19400,400,600,"sd","11:07:09",1499300
19400,400,600,"sd","11:07:01",1498700
19400,400,600,"sd","11:06:53",1498100
19400,400,600,"sd","11:06:45",1497500
19400,400,600,"sd","11:06:38",1496900
19400,400,600,"sd","11:06:30",1496300
19500,500,700,"bu","11:06:24",1495700
19400,400,600,"sd","11:06:22",1495000
19400,400,600,"sd","11:06:14",1494400
19400,400,600,"sd","11:06:06",1493800
19400,400,600,"sd","11:05:59",1493200
19400,400,600,"sd","11:05:51",1492600
19400,400,600,"sd","11:05:43",1492000
19400,400,600,"sd","11:05:35",1491400
19400,400,600,"sd","11:05:27",1490800
19400,400,600,"sd","11:05:19",1490200
19400,400,600,"sd","11:05:12",1489600
19400,400,600,"sd","11:05:04",1489000
19500,500,1000,"bu","11:05:03",1488400
19400,400,600,"sd","11:04:56",1487400
19400,400,600,"sd","11:04:48",1486800
19400,400,600,"sd","11:04:40",1486200
19400,400,600,"sd","11:04:33",1485600
19500,500,700,"bu","11:04:28",1485000
19400,400,600,"sd","11:04:25",1484300
19400,400,600,"sd","11:04:17",1483700
19400,400,600,"sd","11:04:09",1483100
19400,400,600,"sd","11:04:01",1482500
19400,400,600,"sd","11:03:53",1481900
19400,400,600,"sd","11:03:46",1481300
19400,400,600,"sd","11:03:38",1480700
19400,400,600,"sd","11:03:30",1480100
19400,400,600,"sd","11:03:22",1479500
19400,400,600,"sd","11:03:14",1478900
19400,400,600,"sd","11:03:07",1478300
19400,400,600,"sd","11:02:59",1477700
19400,400,600,"sd","11:02:51",1477100
19400,400,600,"sd","11:02:43",1476500
19400,400,600,"sd","11:02:35",1475900
19500,500,700,"bu","11:02:30",1475300
19400,400,600,"sd","11:02:27",1474600
19400,400,600,"sd","11:02:20",1474000
19400,400,600,"sd","11:02:12",1473400
19400,400,600,"sd","11:02:04",1472800
19400,400,600,"sd","11:01:56",1472200
19400,400,600,"sd","11:01:48",1471600
19400,400,600,"sd","11:01:41",1471000
19400,400,600,"sd","11:01:33",1470400
19400,400,600,"sd","11:01:25",1469800
19400,400,600,"sd","11:01:17",1469200
19400,400,600,"sd","11:01:09",1468600
19400,400,600,"sd","11:01:01",1468000
19400,400,600,"sd","11:00:54",1467400
19400,400,100,"sd","11:00:53",1466800
19400,400,600,"sd","11:00:46",1466700
19400,400,600,"sd","11:00:38",1466100
19500,500,700,"bu","11:00:32",1465500
19400,400,600,"sd","11:00:30",1464800
19400,400,600,"sd","11:00:22",1464200
19400,400,600,"sd","11:00:14",1463600
19400,400,600,"sd","11:00:07",1463000
19400,400,600,"sd","10:59:59",1462400
19400,400,400,"sd","10:59:53",1461800
19400,400,600,"sd","10:59:51",1461400
19400,400,700,"sd","10:59:44",1460800
19400,400,600,"sd","10:59:43",1460100
19400,400,600,"sd","10:59:35",1459500
19400,400,600,"sd","10:59:28",1458900
19400,400,600,"sd","10:59:20",1458300
19400,400,600,"sd","10:59:12",1457700
19400,400,600,"sd","10:59:04",1457100
19400,400,600,"sd","10:58:56",1456500
19400,400,600,"sd","10:58:48",1455900
19400,400,600,"sd","10:58:41",1455300
19400,400,1300,"sd","10:58:34",1454700
19400,400,600,"sd","10:58:25",1453400
19400,400,600,"sd","10:58:17",1452800
19400,400,600,"sd","10:58:09",1452200
19400,400,600,"sd","10:58:02",1451600
19400,400,600,"sd","10:57:56",1451000
19400,400,600,"sd","10:57:46",1450400
19400,400,600,"sd","10:57:38",1449800
19400,400,100,"sd","10:57:36",1449200
19400,400,600,"sd","10:57:30",1449100
19400,400,600,"sd","10:57:22",1448500
19400,400,600,"sd","10:57:15",1447900
19500,500,2000,"bu","10:57:08",1447300
19400,400,600,"sd","10:57:07",1445300
19500,500,100,"bu","10:57:04",1444700
19400,400,600,"sd","10:56:59",1444600
19500,500,1800,"bu","10:56:56",1444000
19400,400,600,"sd","10:56:51",1442200
19400,400,600,"sd","10:56:43",1441600
19500,500,700,"bu","10:56:37",1441000
19400,400,600,"sd","10:56:36",1440300
19400,400,600,"sd","10:56:28",1439700
19500,500,10000,"bu","10:56:25",1439100
19500,500,1000,"bu","10:56:24",1429100
19400,400,600,"sd","10:56:20",1428100
19500,500,10000,"bu","10:56:16",1427500
19400,400,600,"sd","10:56:12",1417500
19400,400,600,"sd","10:56:04",1416900
19400,400,600,"sd","10:55:56",1416300
19400,400,600,"sd","10:55:49",1415700
19400,400,600,"sd","10:55:41",1415100
19400,400,600,"sd","10:55:33",1414500
19500,500,500,"bu","10:55:22",1413900
19500,500,300,"bu","10:55:08",1413400
19500,500,6000,"bu","10:55:05",1413100
19500,500,200,"bu","10:54:43",1407100
19500,500,700,"bu","10:54:39",1406900
19500,500,200,"bu","10:54:07",1406200
19500,500,2000,"bu","10:54:01",1406000
19500,500,300,"bu","10:53:07",1404000
19500,500,700,"bu","10:52:41",1403700
19400,400,200,"sd","10:52:17",1403000
19500,500,100,"bu","10:52:08",1402800
19500,500,200,"bu","10:52:06",1402700
19500,500,300,"bu","10:51:05",1402500
19500,500,700,"bu","10:50:43",1402200
19400,400,5200,"sd","10:49:04",1401500
19500,500,700,"bu","10:48:45",1396300
19500,500,300,"bu","10:48:04",1395600
19500,500,1000,"bu","10:47:30",1395300
19500,500,200,"bu","10:47:03",1394300
19500,500,700,"bu","10:46:48",1394100
19400,400,100,"sd","10:46:07",1393400
19400,400,500,"sd","10:46:04",1393300
19500,500,300,"bu","10:46:03",1392800
19500,500,200,"bu","10:45:02",1392500
19500,500,3000,"bu","10:44:52",1392300
19500,500,700,"bu","10:44:49",1389300
19400,400,10000,"sd","10:43:51",1388600
19400,400,100,"sd","10:43:42",1378600
19400,400,2000,"sd","10:43:39",1378500
19500,500,10000,"bu","10:43:19",1376500
19500,500,300,"bu","10:43:00",1366500
19500,500,700,"bu","10:42:51",1366200
19500,500,10800,"sd","10:42:18",1365500
19500,500,200,"sd","10:41:49",1354700
19500,500,10000,"sd","10:41:33",1354500
19600,600,300,"bu","10:40:59",1344500
19600,600,2000,"bu","10:40:58",1344200
19600,600,700,"bu","10:40:53",1342200
19600,600,200,"bu","10:40:20",1341500
19600,600,200,"bu","10:39:58",1341300
19600,600,2400,"bu","10:39:27",1341100
19600,600,300,"bu","10:38:57",1338700
19600,600,700,"bu","10:38:56",1338400
19500,500,2000,"sd","10:38:44",1337700
19500,500,200,"sd","10:38:26",1335700
19500,500,10000,"sd","10:38:23",1335500
19600,600,200,"bu","10:37:57",1325500
19600,600,700,"bu","10:36:58",1325300
19600,600,200,"bu","10:36:56",1324600
19600,600,300,"bu","10:36:00",1324400
19600,600,700,"bu","10:35:01",1324100
19500,500,10500,"sd","10:35:00",1323400
19600,600,400,"bu","10:34:57",1312900
19500,500,300,"sd","10:34:55",1312500
19500,500,200,"sd","10:34:33",1312200
19600,600,800,"bu","10:34:29",1312000
19600,600,300,"bu","10:33:54",1311200
19600,600,1000,"bu","10:33:29",1310900
19500,500,500,"sd","10:33:06",1309900
19600,600,700,"bu","10:33:03",1309400
19500,500,300,"sd","10:32:46",1308700
19500,500,1000,"sd","10:32:36",1308400
19500,500,800,"sd","10:31:33",1307400
19500,500,5000,"sd","10:31:24",1306600
19600,600,700,"bu","10:31:06",1301600
19500,500,3000,"sd","10:30:54",1300900
19500,500,5600,"sd","10:30:45",1297900
19500,500,12900,"bu","10:30:28",1292300
19600,600,200,"bu","10:29:53",1279400
19600,600,700,"bu","10:29:08",1279200
19500,500,5500,"sd","10:28:48",1278500
19500,500,1000,"bu","10:28:43",1273000
19500,500,14200,"bu","10:28:36",1272000
19500,500,3000,"bu","10:28:19",1257800
19500,500,200,"bu","10:27:52",1254800
19500,500,200,"bu","10:27:26",1254600
19500,500,700,"bu","10:27:10",1254400
19400,400,1100,"sd","10:27:05",1253700
19500,500,2400,"bu","10:26:59",1252600
19500,500,300,"bu","10:26:52",1250200
19500,500,200,"bu","10:25:52",1249900
19500,500,700,"bu","10:25:12",1249700
19400,400,10000,"sd","10:24:36",1249000
19400,400,200,"sd","10:23:39",1239000
19400,400,1000,"sd","10:23:20",1238800
19500,500,700,"bu","10:23:14",1237800
19500,500,2000,"bu","10:22:58",1237100
19500,500,200,"bu","10:22:50",1235100
19500,500,3300,"bu","10:22:42",1234900
19500,500,1000,"bu","10:22:00",1231600
19500,500,300,"bu","10:21:48",1230600
19500,500,700,"bu","10:21:16",1230300
19500,500,200,"bu","10:20:48",1229600
19500,500,300,"bu","10:19:46",1229400
19500,500,700,"bu","10:19:18",1229100
19500,500,1600,"bu","10:18:47",1228400
19500,500,2000,"sd","10:18:42",1226800
19500,500,5800,"sd","10:18:27",1224800
19500,500,1000,"sd","10:18:14",1219000
19500,500,200,"sd","10:18:09",1218000
19500,500,4200,"sd","10:18:08",1217800
19500,500,10000,"sd","10:17:59",1213600
19500,500,200,"sd","10:17:48",1203600
19500,500,500,"sd","10:17:31",1203400
19600,600,700,"bu","10:17:20",1202900
19500,500,100,"sd","10:17:15",1202200
19500,500,3000,"sd","10:17:10",1202100
19500,500,400,"sd","10:16:41",1199100
19500,500,1000,"sd","10:16:38",1198700
19500,500,200,"sd","10:16:37",1197700
19500,500,400,"sd","10:16:29",1197500
19500,500,1000,"sd","10:16:28",1197100
19500,500,4000,"sd","10:16:25",1196100
19500,500,100,"sd","10:16:23",1192100
19500,500,1500,"sd","10:16:18",1192000
19500,500,4000,"sd","10:16:15",1190500
19500,500,2400,"sd","10:16:13",1186500
19500,500,1100,"sd","10:15:57",1184100
19500,500,1000,"sd","10:15:54",1183000
19500,500,19500,"sd","10:15:50",1182000
19500,500,1000,"sd","10:15:37",1162500
19600,600,300,"bu","10:15:36",1161500
19500,500,10000,"sd","10:15:35",1161200
19500,500,500,"sd","10:15:25",1151200
19600,600,1700,"bu","10:15:22",1150700
19500,500,100,"sd","10:15:11",1149000
19500,500,3900,"sd","10:15:01",1148900
19500,500,500,"sd","10:14:54",1145000
19500,500,3000,"sd","10:14:53",1144500
19500,500,900,"sd","10:14:31",1141500
19600,600,300,"bu","10:14:23",1140600
19500,500,1000,"sd","10:14:17",1140300
19500,500,900,"sd","10:14:05",1139300
19500,500,700,"sd","10:13:57",1138400
19500,500,2500,"sd","10:13:28",1137700
19600,600,700,"bu","10:13:26",1135200
19600,600,200,"bu","10:13:22",1134500
19500,500,200,"sd","10:13:21",1134300
19600,600,5000,"bu","10:12:34",1134100
19600,600,200,"bu","10:12:23",1129100
19500,500,2000,"sd","10:12:12",1128900
19600,600,4000,"bu","10:11:29",1126900
19600,600,700,"bu","10:11:28",1122900
19600,600,300,"bu","10:11:22",1122200
19600,600,200,"bu","10:10:22",1121900
19500,500,6000,"sd","10:10:21",1121700
19500,500,100,"sd","10:10:14",1115700
19600,600,700,"bu","10:09:30",1115600
19600,600,300,"bu","10:09:22",1114900
19600,600,700,"bu","10:08:30",1114600
19600,600,200,"bu","10:08:22",1113900
19600,600,700,"bu","10:07:32",1113700
19600,600,300,"bu","10:07:22",1113000
19600,600,200,"bu","10:06:21",1112700
19500,500,100,"sd","10:05:56",1112500
19600,600,700,"bu","10:05:34",1112400
19600,600,200,"bu","10:05:20",1111700
19600,600,300,"bu","10:04:21",1111500
19600,600,2500,"bu","10:04:20",1111200
19500,500,200,"sd","10:04:16",1108700
19500,500,300,"sd","10:03:45",1108500
19600,600,700,"bu","10:03:37",1108200
19500,500,100,"sd","10:03:26",1107500
19600,600,200,"bu","10:03:20",1107400
19500,500,100,"sd","10:02:41",1107200
19600,600,1000,"bu","10:02:33",1107100
19600,600,300,"bu","10:02:26",1106100
19600,600,700,"bu","10:01:39",1105800
19500,500,4400,"sd","10:01:23",1105100
19600,600,200,"bu","10:01:20",1100700
19600,600,1000,"bu","10:01:02",1100500
19600,600,200,"bu","10:00:42",1099500
19600,600,300,"bu","10:00:18",1099300
19600,600,100,"bu","10:00:00",1099000
19600,600,700,"bu","09:59:40",1098900
19600,600,200,"bu","09:59:33",1098200
19600,600,200,"bu","09:59:18",1098000
19600,600,100,"bu","09:58:39",1097800
19600,600,200,"bu","09:58:18",1097700
19600,600,700,"bu","09:57:42",1097500
19600,600,2000,"bu","09:57:32",1096800
19600,600,300,"bu","09:57:19",1094800
19600,600,12000,"bu","09:56:23",1094500
19600,600,100,"bu","09:56:18",1082500
19600,600,200,"bu","09:56:17",1082400
19600,600,700,"bu","09:55:46",1082200
19600,600,300,"bu","09:55:18",1081500
19600,600,1400,"bu","09:54:56",1081200
19600,600,1200,"sd","09:54:39",1079800
19600,600,5000,"sd","09:54:31",1078600
19600,600,2000,"sd","09:54:30",1073600
19600,600,5000,"sd","09:54:28",1071600
19600,600,500,"sd","09:54:21",1066600
19600,600,1300,"sd","09:54:03",1066100
19600,600,700,"sd","09:53:59",1064800
19600,600,10000,"sd","09:53:49",1064100
19700,700,700,"bu","09:53:48",1054100
19700,700,500,"bu","09:53:41",1053400
19600,600,1000,"sd","09:53:25",1052900
19600,600,1000,"sd","09:53:13",1051900
19600,600,100,"sd","09:52:56",1050900
19600,600,7000,"sd","09:52:51",1050800
19700,700,700,"bu","09:51:50",1043800
19600,600,1000,"sd","09:51:41",1043100
19600,600,300,"sd","09:50:47",1042100
19600,600,2000,"sd","09:50:46",1041800
19600,600,4000,"sd","09:50:44",1039800
19600,600,100,"sd","09:50:34",1035800
19600,600,3000,"sd","09:50:32",1035700
19600,600,5000,"sd","09:50:31",1032700
19600,600,500,"sd","09:50:25",1027700
19600,600,300,"sd","09:50:23",1027200
19600,600,1000,"sd","09:50:18",1026900
19600,600,4000,"sd","09:50:15",1025900
19600,600,7000,"sd","09:50:05",1021900
19600,600,5000,"sd","09:49:56",1014900
19600,600,5000,"sd","09:49:54",1009900
19600,600,1000,"sd","09:49:52",1004900
19700,700,300,"bu","09:49:18",1003900
19700,700,100,"bu","09:48:42",1003600
19700,700,1200,"bu","09:48:31",1003500
19600,600,10000,"sd","09:48:18",1002300
19600,600,300,"sd","09:48:06",992300
19600,600,200,"sd","09:48:03",992000
19600,600,1000,"sd","09:47:15",991800
19700,700,100,"bu","09:47:13",990800
19600,600,4000,"sd","09:47:07",990700
19600,600,1800,"sd","09:46:57",986700
19600,600,200,"sd","09:46:32",984900
19600,600,100,"sd","09:46:25",984700
19600,600,100,"sd","09:46:22",984600
19600,600,300,"sd","09:46:12",984500
19600,600,100,"sd","09:46:03",984200
19600,600,2600,"sd","09:46:02",984100
19600,600,5000,"sd","09:44:55",981500
19600,600,2000,"sd","09:44:37",976500
19700,700,8000,"bu","09:43:57",974500
19600,600,200,"sd","09:43:53",966500
19700,700,8000,"bu","09:43:52",966300
19600,600,2000,"sd","09:43:40",958300
19700,700,8000,"bu","09:43:39",956300
19600,600,5000,"sd","09:43:38",948300
19600,600,600,"sd","09:43:27",943300
19600,600,9900,"sd","09:43:26",942700
19600,600,100,"bu","09:43:24",932800
19600,600,1000,"bu","09:43:13",932700
19600,600,8000,"bu","09:43:10",931700
19600,600,200,"bu","09:43:04",923700
19600,600,100,"bu","09:42:56",923500
19600,600,1200,"bu","09:42:34",923400
19600,600,4200,"sd","09:42:31",922200
19600,600,8000,"bu","09:42:28",918000
19600,600,500,"bu","09:42:19",910000
19600,600,300,"bu","09:42:18",909500
19600,600,2300,"bu","09:42:17",909200
19600,600,4200,"bu","09:42:09",906900
19700,700,8000,"bu","09:42:08",902700
19600,600,1000,"sd","09:42:03",894700
19600,600,300,"sd","09:42:00",893700
19600,600,100,"sd","09:41:58",893400
19600,600,100,"sd","09:41:42",893300
19600,600,300,"sd","09:41:29",893200
19700,700,2400,"bu","09:41:23",892900
19600,600,1100,"sd","09:41:21",890500
19600,600,100,"sd","09:41:12",889400
19600,600,4800,"sd","09:40:58",889300
19600,600,4000,"bu","09:40:56",884500
19600,600,2000,"bu","09:40:53",880500
19600,600,200,"bu","09:40:52",878500
19600,600,300,"bu","09:40:50",878300
19600,600,5000,"bu","09:40:48",878000
19600,600,100,"bu","09:40:46",873000
19600,600,1000,"bu","09:40:39",872900
19600,600,1200,"bu","09:40:34",871900
19600,600,300,"bu","09:40:26",870700
19600,600,1000,"bu","09:40:25",870400
19600,600,200,"bu","09:40:06",869400
19500,500,100,"sd","09:40:02",869200
19600,600,500,"bu","09:39:59",869100
19600,600,1500,"bu","09:39:40",868600
19600,600,4900,"bu","09:39:39",867100
19600,600,1000,"sd","09:39:33",862200
19600,600,1000,"sd","09:39:25",861200
19600,600,10000,"sd","09:39:17",860200
19600,600,3000,"sd","09:39:12",850200
19600,600,1000,"sd","09:39:10",847200
19600,600,100,"sd","09:39:06",846200
19600,600,18000,"sd","09:39:01",846100
19600,600,500,"sd","09:38:57",828100
19600,600,10000,"sd","09:38:54",827600
19600,600,500,"sd","09:38:49",817600
19600,600,200,"sd","09:38:47",817100
19600,600,500,"sd","09:38:44",816900
19700,700,100,"bu","09:38:41",816400
19600,600,2500,"sd","09:38:27",816300
19600,600,200,"sd","09:38:24",813800
19600,600,100,"sd","09:38:23",813600
19600,600,100,"sd","09:38:16",813500
19600,600,5000,"sd","09:38:04",813400
19700,700,1500,"bu","09:38:03",808400
19600,600,500,"sd","09:37:59",806900
19600,600,500,"sd","09:37:29",806400
19600,600,2000,"sd","09:37:25",805900
19600,600,3000,"sd","09:37:21",803900
19600,600,2100,"bu","09:37:19",800900
19600,600,20000,"bu","09:37:18",798800
19600,600,1500,"bu","09:37:16",778800
19600,600,5000,"bu","09:37:14",777300
19600,600,10000,"bu","09:37:13",772300
19600,600,4000,"bu","09:37:11",762300
19600,600,200,"bu","09:37:10",758300
19600,600,5000,"bu","09:37:08",758100
19600,600,700,"bu","09:37:05",753100
19600,600,40000,"bu","09:36:59",752400
19500,500,10600,"sd","09:36:25",712400
19500,500,4000,"bu","09:36:24",701800
19500,500,2500,"bu","09:36:23",697800
19500,500,1500,"bu","09:36:20",695300
19500,500,3000,"bu","09:36:18",693800
19500,500,200,"bu","09:36:15",690800
19500,500,15000,"bu","09:36:11",690600
19500,500,1000,"bu","09:36:07",675600
19500,500,2000,"bu","09:36:05",674600
19500,500,4000,"bu","09:36:03",672600
19500,500,200,"bu","09:36:02",668600
19500,500,100000,"bu","09:36:00",668400
19500,500,100,"bu","09:35:56",568400
19500,500,500,"bu","09:35:55",568300
19500,500,500,"bu","09:35:52",567800
19500,500,5000,"bu","09:35:51",567300
19500,500,600,"bu","09:35:05",562300
19400,400,500,"sd","09:34:35",561700
19400,400,1500,"sd","09:34:34",561200
19400,400,7200,"bu","09:34:00",559700
19400,400,600,"bu","09:33:55",552500
19400,400,2000,"bu","09:33:50",551900
19400,400,4500,"bu","09:33:35",549900
19400,400,300,"bu","09:33:31",545400
19400,400,100,"sd","09:33:08",545100
19400,400,45000,"sd","09:33:06",545000
19400,400,1000,"sd","09:32:50",500000
19400,400,300,"sd","09:32:49",499000
19400,400,100,"sd","09:32:46",498700
19400,400,500,"sd","09:32:42",498600
19400,400,200,"sd","09:32:31",498100
19400,400,500,"sd","09:32:28",497900
19400,400,1000,"sd","09:32:18",497400
19400,400,20000,"sd","09:32:10",496400
19400,400,500,"sd","09:32:05",476400
19400,400,100,"sd","09:31:58",475900
19400,400,300,"sd","09:31:52",475800
19400,400,20000,"sd","09:31:43",475500
19400,400,100,"sd","09:31:37",455500
19500,500,600,"bu","09:31:33",455400
19400,400,500,"sd","09:31:18",454800
19400,400,100,"sd","09:31:16",454300
19400,400,200,"sd","09:31:11",454200
19400,400,800,"sd","09:31:05",454000
19400,400,3000,"sd","09:30:54",453200
19400,400,1000,"sd","09:30:51",450200
19400,400,1000,"sd","09:30:47",449200
19400,400,100,"sd","09:30:44",448200
19400,400,500,"sd","09:30:43",448100
19400,400,200,"sd","09:30:14",447600
19400,400,500,"sd","09:30:07",447400
19500,500,200,"bu","09:29:55",446900
19500,500,2000,"bu","09:29:32",446700
19500,500,100,"bu","09:29:25",444700
19500,500,100,"bu","09:29:11",444600
19400,400,1100,"bu","09:28:57",444500
19400,400,500,"bu","09:28:51",443400
19400,400,8000,"bu","09:28:49",442900
19400,400,100,"bu","09:28:44",434900
19400,400,20000,"bu","09:28:39",434800
19400,400,500,"bu","09:28:31",414800
19400,400,5000,"bu","09:28:27",414300
19400,400,100,"bu","09:28:24",409300
19400,400,1500,"bu","09:27:54",409200
19400,400,200,"bu","09:27:47",407700
19300,300,11000,"sd","09:27:44",407500
19400,400,100,"bu","09:27:37",396500
19400,400,500,"bu","09:27:29",396400
19400,400,2500,"bu","09:27:25",395900
19400,400,900,"bu","09:27:24",393400
19400,400,100,"bu","09:27:21",392500
19300,300,300,"sd","09:27:08",392400
19400,400,100,"bu","09:27:05",392100
19400,400,1500,"sd","09:26:58",392000
19400,400,2400,"sd","09:26:57",390500
19400,400,500,"sd","09:26:55",388100
19400,400,5000,"sd","09:26:53",387600
19400,400,500,"sd","09:26:46",382600
19400,400,2000,"sd","09:26:42",382100
19400,400,200,"sd","09:26:38",380100
19400,400,100,"sd","09:26:19",379900
19400,400,300,"sd","09:26:14",379800
19400,400,2100,"sd","09:26:13",379500
19400,400,17100,"bu","09:26:12",377400
19300,300,5000,"sd","09:26:02",360300
19400,400,2600,"bu","09:25:54",355300
19400,400,3000,"bu","09:25:45",352700
19400,400,2000,"bu","09:25:43",349700
19400,400,100,"bu","09:25:33",347700
19400,400,3300,"bu","09:25:32",347600
19400,400,200,"sd","09:25:31",344300
19400,400,8200,"sd","09:25:24",344100
19400,400,3000,"bu","09:25:07",335900
19400,400,9300,"bu","09:24:55",332900
19400,400,2000,"sd","09:24:51",323600
19400,400,2700,"sd","09:24:49",321600
19400,400,300,"sd","09:24:47",318900
19400,400,5500,"sd","09:24:42",318600
19400,400,2000,"sd","09:24:37",313100
19400,400,500,"sd","09:24:36",311100
19400,400,11000,"sd","09:24:34",310600
19400,400,200,"sd","09:24:17",299600
19400,400,500,"sd","09:24:10",299400
19400,400,2000,"sd","09:24:03",298900
19400,400,1000,"sd","09:24:00",296900
19400,400,12000,"sd","09:23:57",295900
19400,400,100,"sd","09:23:54",283900
19400,400,400,"sd","09:23:49",283800
19400,400,1000,"sd","09:23:46",283400
19400,400,500,"sd","09:23:43",282400
19400,400,2000,"sd","09:23:38",281900
19400,400,100,"sd","09:23:34",279900
19400,400,20000,"sd","09:23:28",279800
19400,400,500,"sd","09:23:27",259800
19400,400,100,"sd","09:23:17",259300
19400,400,300,"sd","09:23:10",259200
19400,400,1600,"sd","09:22:46",258900
19400,400,100,"sd","09:22:44",257300
19400,400,100,"sd","09:22:35",257200
19400,400,100,"sd","09:22:31",257100
19400,400,200,"sd","09:22:23",257000
19400,400,1100,"bu","09:22:22",256800
19400,400,4000,"bu","09:22:21",255700
19400,400,20000,"bu","09:22:17",251700
19400,400,25000,"bu","09:22:10",231700
19400,400,3000,"bu","09:21:57",206700
19400,400,300,"bu","09:21:54",203700
19400,400,2000,"bu","09:21:44",203400
19300,300,1000,"sd","09:21:37",201400
19300,300,1000,"sd","09:21:20",200400
19400,400,1700,"bu","09:21:16",199400
19300,300,200,"sd","09:21:05",197700
19300,300,100,"sd","09:20:58",197500
19300,300,200,"sd","09:20:45",197400
19300,300,2600,"sd","09:20:43",197200
19300,300,300,"sd","09:20:35",194600
19300,300,100,"sd","09:20:31",194300
19300,300,18700,"sd","09:20:20",194200
19300,300,2100,"bu","09:20:18",175500
19200,200,4700,"sd","09:20:17",173400
19300,300,1000,"bu","09:20:10",168700
19300,300,1100,"bu","09:19:55",167700
19300,300,3000,"bu","09:19:53",166600
19300,300,1400,"bu","09:19:46",163600
19300,300,3500,"bu","09:19:27",162200
19300,300,3100,"bu","09:19:25",158700
19300,300,20000,"bu","09:19:21",155600
19200,200,5000,"sd","09:19:15",135600
19300,300,3000,"bu","09:18:58",130600
19200,200,3300,"sd","09:18:57",127600
19200,200,81900,"sd","09:18:50",124300
19200,200,400,"bu","09:17:27",42400
19200,200,500,"bu","09:17:24",42000
19200,200,500,"bu","09:16:55",41500
19200,200,5000,"bu","09:16:46",41000
19200,200,100,"bu","09:15:55",36000
19200,200,1000,"bu","09:15:48",35900
19100,100,1000,"sd","09:14:59",34900
19100,100,1000,"sd","09:14:42",33900
19100,100,200,"sd","09:13:16",32900
19100,100,3000,"sd","09:12:45",32700
19100,100,2000,"sd","09:12:40",29700
19100,100,200,"sd","09:12:30",27700
19100,100,13700,"sd","09:11:20",27500
19100,100,500,"bu","09:11:08",13800
19000,0,1100,"sd","09:10:59",13300
19000,0,1000,"sd","09:10:33",12200
19000,0,3000,"sd","09:09:58",11200
19100,100,1600,"bu","09:09:38",8200
19000,0,1000,"sd","09:05:10",6600
19000,0,300,"sd","09:04:12",5600
19000,0,4400,"bu","09:00:26",5300
19000,0,100,"bu","09:00:18",900
19000,0,100,"bu","09:00:14",800
19000,0,600,"bu","09:00:10",700
19000,0,100,"sd","09:00:05",100
