"price","change","match_qtty","side","time","total_vol"
13.75,0.05,50500,"unknown","14:45:00",704000
13.8,0.1,4000,"bu","14:29:42",653500
13.75,0.05,200,"sd","14:29:20",649500
13.75,0.05,300,"sd","14:29:17",649300
13.75,0.05,100,"bu","14:29:15",649000
13.75,0.05,500,"bu","14:29:15",648900
13.75,0.05,5600,"bu","14:29:15",648400
13.75,0.05,1000,"bu","14:29:11",642800
13.75,0.05,100,"bu","14:28:38",641800
13.75,0.05,4000,"bu","14:28:08",641700
13.75,0.05,1000,"bu","14:28:08",637700
13.7,0,8200,"bu","14:27:37",636700
13.7,0,100,"sd","14:26:56",628500
13.7,0,600,"sd","14:26:56",628400
13.7,0,400,"sd","14:26:54",627800
13.7,0,500,"sd","14:26:54",627400
13.7,0,800,"sd","14:26:04",626900
13.7,0,700,"bu","14:26:01",626100
13.7,0,100,"bu","14:25:54",625400
13.7,0,500,"bu","14:25:54",625300
13.7,0,100,"bu","14:24:59",624800
13.7,0,1000,"sd","14:24:34",624700
13.7,0,500,"sd","14:24:34",623700
13.7,0,2200,"sd","14:24:21",623200
13.7,0,1000,"sd","14:22:33",621000
13.7,0,300,"bu","14:21:53",620000
13.7,0,1000,"sd","14:21:51",619700
13.7,0,3000,"sd","14:21:48",618700
13.75,0.05,2000,"sd","14:20:35",615700
13.75,0.05,100,"sd","14:20:35",613700
13.75,0.05,600,"sd","14:20:35",613600
13.75,0.05,300,"sd","14:20:33",613000
13.8,0.1,1000,"bu","14:19:17",612700
13.8,0.1,100,"bu","14:18:37",611700
13.85,0.15,600,"bu","14:17:56",611600
13.85,0.15,500,"bu","14:17:24",611000
13.8,0.1,1400,"bu","14:17:03",610500
13.8,0.1,600,"sd","14:16:55",609100
13.8,0.1,400,"sd","14:16:50",608500
13.8,0.1,200,"sd","14:16:33",608100
13.8,0.1,300,"bu","14:16:08",607900
13.8,0.1,1000,"bu","14:15:48",607600
13.8,0.1,5400,"sd","14:15:36",606600
13.8,0.1,3000,"bu","14:15:20",601200
13.8,0.1,100,"bu","14:15:20",598200
13.8,0.1,2000,"bu","14:15:20",598100
13.8,0.1,300,"bu","14:15:20",596100
13.8,0.1,1000,"bu","14:15:20",595800
13.8,0.1,700,"bu","14:15:20",594800
13.8,0.1,200,"bu","14:15:20",594100
13.8,0.1,900,"bu","14:15:20",593900
13.75,0.05,100,"bu","14:14:12",593000
13.75,0.05,500,"bu","14:14:12",592900
13.75,0.05,100,"bu","14:13:38",592400
13.65,-0.05,700,"sd","14:11:14",592300
13.65,-0.05,6300,"sd","14:11:14",591600
13.65,-0.05,500,"bu","14:09:58",585300
13.65,-0.05,3800,"bu","14:09:58",584800
13.65,-0.05,1000,"bu","14:09:45",581000
13.65,-0.05,100,"bu","14:08:30",580000
13.65,-0.05,100,"sd","14:07:26",579900
13.65,-0.05,3500,"sd","14:07:13",579800
13.65,-0.05,400,"bu","14:05:46",576300
13.65,-0.05,1000,"sd","14:04:50",575900
13.65,-0.05,100,"sd","14:04:50",574900
13.65,-0.05,1500,"sd","14:02:23",574800
13.65,-0.05,200,"sd","14:02:23",573300
13.65,-0.05,300,"sd","14:02:23",573100
13.65,-0.05,200,"sd","14:02:03",572800
13.65,-0.05,100,"sd","14:02:03",572600
13.65,-0.05,500,"sd","14:02:03",572500
13.7,0,1000,"sd","14:02:03",572000
13.65,-0.05,100,"sd","14:01:47",571000
13.6,-0.1,900,"sd","13:58:52",570900
13.6,-0.1,500,"sd","13:58:52",570000
13.6,-0.1,100,"sd","13:58:52",569500
13.6,-0.1,500,"sd","13:58:52",569400
13.75,0.05,100,"bu","13:57:57",568900
13.6,-0.1,500,"sd","13:57:54",568800
13.6,-0.1,100,"sd","13:57:54",568300
13.65,-0.05,2000,"sd","13:57:54",568200
13.7,0,100,"sd","13:57:54",566200
13.7,0,500,"sd","13:57:54",566100
13.75,0.05,2000,"bu","13:56:09",565600
13.7,0,4000,"sd","13:56:09",563600
13.7,0,2600,"sd","13:56:02",559600
13.7,0,2900,"sd","13:55:44",557000
13.7,0,100,"sd","13:55:44",554100
13.75,0.05,1000,"sd","13:55:43",554000
13.75,0.05,700,"sd","13:55:43",553000
13.75,0.05,700,"sd","13:55:43",552300
13.75,0.05,1300,"sd","13:55:37",551600
13.75,0.05,100,"sd","13:55:37",550300
13.75,0.05,600,"sd","13:55:37",550200
13.8,0.1,1000,"sd","13:54:15",549600
13.8,0.1,1000,"sd","13:54:15",548600
13.8,0.1,100,"sd","13:54:15",547600
13.8,0.1,9000,"sd","13:54:15",547500
13.8,0.1,1000,"sd","13:53:21",538500
13.85,0.15,3300,"sd","13:53:01",537500
13.85,0.15,2000,"sd","13:52:12",534200
13.85,0.15,4700,"bu","13:51:37",532200
13.85,0.15,1700,"bu","13:51:23",527500
13.85,0.15,600,"sd","13:50:49",525800
13.85,0.15,2400,"sd","13:50:44",525200
13.85,0.15,100,"sd","13:50:44",522800
13.85,0.15,900,"sd","13:49:51",522700
13.85,0.15,1000,"bu","13:48:52",521800
13.85,0.15,200,"bu","13:48:52",520800
13.85,0.15,100,"bu","13:48:17",520600
13.85,0.15,200,"bu","13:48:01",520500
13.85,0.15,300,"bu","13:48:01",520300
13.85,0.15,1000,"bu","13:47:48",520000
13.85,0.15,8700,"bu","13:47:32",519000
13.85,0.15,1300,"bu","13:47:32",510300
13.85,0.15,100,"sd","13:45:34",509000
13.85,0.15,400,"sd","13:44:39",508900
13.85,0.15,100,"sd","13:44:39",508500
13.9,0.2,100,"bu","13:44:37",508400
13.85,0.15,900,"bu","13:44:23",508300
13.85,0.15,100,"sd","13:43:59",507400
13.85,0.15,600,"sd","13:43:55",507300
13.85,0.15,100,"sd","13:43:51",506700
13.9,0.2,100,"bu","13:43:49",506600
13.85,0.15,500,"sd","13:43:38",506500
13.85,0.15,1400,"sd","13:43:22",506000
13.9,0.2,300,"bu","13:42:59",504600
13.85,0.15,300,"sd","13:42:58",504300
13.85,0.15,200,"sd","13:42:58",504000
13.85,0.15,6000,"sd","13:42:53",503800
13.85,0.15,1100,"sd","13:42:39",497800
13.9,0.2,600,"bu","13:42:39",496700
13.85,0.15,100,"unknown","13:42:09",496100
13.85,0.15,500,"unknown","13:42:09",496000
13.85,0.15,2000,"unknown","13:42:09",495500
13.85,0.15,100,"unknown","13:42:09",493500
13.85,0.15,2000,"bu","13:42:09",493400
13.85,0.15,600,"bu","13:42:01",491400
13.85,0.15,1400,"bu","13:41:21",490800
13.85,0.15,600,"bu","13:41:21",489400
13.8,0.1,500,"bu","13:40:41",488800
13.8,0.1,500,"bu","13:40:34",488300
13.8,0.1,500,"bu","13:40:34",487800
13.8,0.1,4500,"bu","13:40:26",487300
13.8,0.1,100,"bu","13:40:26",482800
13.8,0.1,10000,"bu","13:40:26",482700
13.8,0.1,500,"bu","13:40:26",472700
13.8,0.1,2000,"bu","13:40:26",472200
13.8,0.1,2900,"bu","13:40:26",470200
13.8,0.1,100,"bu","13:40:09",467300
13.75,0.05,400,"sd","13:40:08",467200
13.8,0.1,5000,"bu","13:39:49",466800
13.8,0.1,200,"bu","13:39:17",461800
13.8,0.1,800,"bu","13:39:17",461600
13.75,0.05,600,"bu","13:36:59",460800
13.65,-0.05,100,"bu","13:35:33",460200
13.65,-0.05,100,"bu","13:35:24",460100
13.65,-0.05,500,"bu","13:35:14",460000
13.65,-0.05,1000,"bu","13:34:54",459500
13.65,-0.05,2000,"bu","13:34:51",458500
13.65,-0.05,200,"sd","13:34:40",456500
13.65,-0.05,100,"sd","13:34:40",456300
13.65,-0.05,400,"bu","13:33:59",456200
13.65,-0.05,600,"bu","13:33:59",455800
13.65,-0.05,100,"bu","13:33:56",455200
13.65,-0.05,300,"bu","13:33:22",455100
13.6,-0.1,100,"sd","13:33:17",454800
13.65,-0.05,500,"bu","13:32:56",454700
13.65,-0.05,200,"sd","13:32:46",454200
13.65,-0.05,100,"sd","13:32:46",454000
13.65,-0.05,100,"sd","13:32:46",453900
13.65,-0.05,100,"sd","13:32:46",453800
13.75,0.05,400,"bu","13:32:27",453700
13.8,0.1,900,"bu","13:30:15",453300
13.8,0.1,100,"bu","13:29:45",452400
13.7,0,200,"sd","13:29:32",452300
13.7,0,300,"bu","13:29:16",452100
13.7,0,100,"sd","13:28:03",451800
13.7,0,1600,"sd","13:28:03",451700
13.7,0,1000,"sd","13:27:54",450100
13.8,0.1,200,"bu","13:27:32",449100
13.7,0,600,"sd","13:27:19",448900
13.75,0.05,100,"sd","13:27:19",448300
13.85,0.15,2700,"sd","13:26:37",448200
13.85,0.15,1000,"sd","13:26:04",445500
13.85,0.15,2000,"sd","13:26:04",444500
13.85,0.15,100,"bu","13:25:59",442500
13.85,0.15,4200,"bu","13:25:59",442400
13.85,0.15,800,"bu","13:25:50",438200
13.85,0.15,200,"bu","13:25:50",437400
13.85,0.15,600,"bu","13:25:50",437200
13.8,0.1,100,"sd","13:25:17",436600
13.8,0.1,100,"sd","13:25:14",436500
13.8,0.1,400,"sd","13:25:14",436400
13.8,0.1,100,"sd","13:25:07",436000
13.8,0.1,500,"sd","13:24:52",435900
13.85,0.15,1100,"sd","13:23:37",435400
13.85,0.15,400,"bu","13:23:27",434300
13.85,0.15,400,"sd","13:23:22",433900
13.85,0.15,200,"sd","13:23:22",433500
13.8,0.1,300,"sd","13:23:15",433300
13.85,0.15,700,"sd","13:23:15",433000
13.85,0.15,500,"sd","13:23:10",432300
13.85,0.15,800,"sd","13:23:03",431800
13.8,0.1,500,"bu","13:21:48",431000
13.8,0.1,500,"bu","13:21:48",430500
13.8,0.1,300,"bu","13:21:48",430000
13.8,0.1,2000,"bu","13:21:48",429700
13.8,0.1,100,"bu","13:21:48",427700
13.8,0.1,5000,"bu","13:21:48",427600
13.8,0.1,100,"bu","13:21:48",422600
13.8,0.1,10000,"bu","13:21:48",422500
13.8,0.1,100,"bu","13:21:48",412500
13.8,0.1,600,"bu","13:21:44",412400
13.8,0.1,400,"bu","13:21:44",411800
13.8,0.1,300,"bu","13:21:44",411400
13.7,0,3700,"bu","13:21:44",411100
13.7,0,1000,"bu","13:21:43",407400
13.7,0,100,"bu","13:21:42",406400
13.7,0,200,"bu","13:21:42",406300
13.7,0,200,"bu","13:21:37",406100
13.7,0,100,"bu","13:21:37",405900
13.7,0,700,"bu","13:21:37",405800
13.7,0,500,"bu","13:21:37",405100
13.7,0,7200,"bu","13:21:37",404600
13.7,0,6300,"bu","13:21:37",397400
13.7,0,20000,"bu","13:21:32",391100
13.6,-0.1,1400,"bu","13:19:40",371100
13.6,-0.1,1700,"bu","13:19:33",369700
13.6,-0.1,1000,"bu","13:19:23",368000
13.6,-0.1,1000,"bu","13:19:13",367000
13.6,-0.1,100,"sd","13:19:10",366000
13.6,-0.1,1100,"sd","13:19:10",365900
13.6,-0.1,200,"bu","13:16:35",364800
13.55,-0.15,700,"sd","13:16:29",364600
13.55,-0.15,1100,"sd","13:15:50",363900
13.55,-0.15,2000,"sd","13:15:50",362800
13.55,-0.15,100,"sd","13:15:50",360800
13.55,-0.15,300,"sd","13:15:50",360700
13.55,-0.15,100,"sd","13:15:50",360400
13.6,-0.1,200,"sd","13:15:24",360300
13.6,-0.1,200,"sd","13:15:24",360100
13.65,-0.05,100,"bu","13:15:01",359900
13.65,-0.05,200,"bu","13:14:30",359800
13.65,-0.05,100,"bu","13:14:14",359600
13.65,-0.05,1000,"bu","13:14:11",359500
13.65,-0.05,1900,"bu","13:10:52",358500
13.65,-0.05,100,"sd","13:09:46",356600
13.65,-0.05,1600,"bu","13:08:40",356500
13.6,-0.1,3000,"bu","13:08:23",354900
13.6,-0.1,100,"bu","13:07:45",351900
13.6,-0.1,2000,"bu","13:07:45",351800
13.55,-0.15,500,"bu","13:07:45",349800
13.45,-0.25,100,"bu","13:06:44",349300
13.45,-0.25,900,"bu","13:06:25",349200
13.45,-0.25,100,"bu","13:06:25",348300
13.45,-0.25,1600,"sd","13:06:01",348200
13.45,-0.25,2400,"sd","13:03:47",346600
13.45,-0.25,200,"sd","13:03:47",344200
13.5,-0.2,100,"sd","13:03:47",344000
13.5,-0.2,2000,"sd","13:03:47",343900
13.5,-0.2,300,"sd","13:03:47",341900
13.55,-0.15,500,"sd","13:02:16",341600
13.55,-0.15,2000,"sd","13:02:16",341100
13.55,-0.15,2000,"sd","13:02:16",339100
13.55,-0.15,1100,"sd","13:02:16",337100
13.55,-0.15,500,"sd","13:01:01",336000
13.55,-0.15,6000,"sd","13:00:07",335500
13.6,-0.1,5000,"bu","13:00:01",329500
13.6,-0.1,1000,"bu","13:00:01",324500
13.6,-0.1,1000,"bu","13:00:01",323500
13.6,-0.1,100,"bu","11:28:54",322500
13.55,-0.15,400,"sd","11:28:23",322400
13.6,-0.1,100,"sd","11:22:25",322000
13.6,-0.1,100,"bu","11:19:50",321900
13.6,-0.1,200,"bu","11:19:28",321800
13.6,-0.1,100,"sd","11:19:27",321600
13.6,-0.1,100,"sd","11:19:27",321500
13.65,-0.05,500,"bu","11:18:57",321400
13.65,-0.05,1500,"sd","11:18:20",320900
13.65,-0.05,500,"sd","11:17:50",319400
13.7,0,6800,"bu","11:17:36",318900
13.7,0,5000,"bu","11:17:36",312100
13.7,0,1300,"bu","11:17:22",307100
13.7,0,3300,"bu","11:17:07",305800
13.7,0,7300,"bu","11:16:32",302500
13.65,-0.05,700,"bu","11:16:32",295200
13.65,-0.05,500,"bu","11:16:32",294500
13.65,-0.05,500,"bu","11:16:32",294000
13.65,-0.05,1000,"bu","11:16:32",293500
13.6,-0.1,500,"bu","11:15:47",292500
13.6,-0.1,100,"bu","11:15:47",292000
13.6,-0.1,100,"bu","11:15:44",291900
13.6,-0.1,100,"bu","11:15:36",291800
13.55,-0.15,500,"sd","11:14:44",291700
13.55,-0.15,1500,"bu","11:14:06",291200
13.55,-0.15,500,"bu","11:13:37",289700
13.55,-0.15,1000,"sd","11:13:31",289200
13.55,-0.15,200,"bu","11:13:29",288200
13.55,-0.15,600,"bu","11:13:29",288000
13.55,-0.15,200,"bu","11:13:29",287400
13.55,-0.15,400,"bu","11:13:09",287200
13.55,-0.15,200,"bu","11:11:54",286800
13.5,-0.2,400,"bu","11:10:05",286600
13.45,-0.25,100,"bu","11:06:50",286200
13.45,-0.25,300,"bu","11:06:37",286100
13.45,-0.25,500,"bu","11:06:06",285800
13.45,-0.25,100,"bu","11:05:50",285300
13.45,-0.25,800,"sd","11:03:34",285200
13.45,-0.25,200,"sd","11:02:50",284400
13.45,-0.25,600,"bu","11:02:03",284200
13.4,-0.3,300,"bu","11:00:42",283600
13.4,-0.3,1000,"bu","11:00:42",283300
13.35,-0.35,2000,"sd","11:00:32",282300
13.35,-0.35,3000,"sd","11:00:15",280300
13.35,-0.35,1000,"sd","10:59:52",277300
13.35,-0.35,100,"bu","10:59:06",276300
13.35,-0.35,300,"bu","10:59:06",276200
13.35,-0.35,100,"bu","10:58:48",275900
13.35,-0.35,500,"sd","10:58:27",275800
13.35,-0.35,100,"bu","10:57:49",275300
13.3,-0.4,100,"sd","10:57:15",275200
13.3,-0.4,500,"sd","10:56:39",275100
13.3,-0.4,1500,"bu","10:55:16",274600
13.3,-0.4,2700,"bu","10:55:16",273100
13.3,-0.4,2000,"bu","10:55:06",270400
13.25,-0.45,900,"sd","10:55:06",268400
13.25,-0.45,500,"sd","10:55:05",267500
13.3,-0.4,100,"bu","10:55:05",267000
13.3,-0.4,700,"sd","10:54:52",266900
13.3,-0.4,300,"sd","10:54:52",266200
13.3,-0.4,100,"sd","10:54:52",265900
13.3,-0.4,100,"sd","10:54:52",265800
13.3,-0.4,2000,"sd","10:54:52",265700
13.3,-0.4,200,"sd","10:54:52",263700
13.3,-0.4,800,"sd","10:54:52",263500
13.3,-0.4,1000,"sd","10:54:52",262700
13.3,-0.4,2000,"sd","10:54:52",261700
13.3,-0.4,100,"sd","10:54:29",259700
13.3,-0.4,400,"sd","10:54:29",259600
13.3,-0.4,600,"sd","10:54:25",259200
13.3,-0.4,1000,"sd","10:54:25",258600
13.3,-0.4,1800,"sd","10:54:25",257600
13.35,-0.35,1000,"sd","10:54:25",255800
13.35,-0.35,3600,"sd","10:54:25",254800
13.35,-0.35,1400,"bu","10:54:01",251200
13.35,-0.35,100,"sd","10:53:52",249800
13.35,-0.35,1500,"sd","10:53:52",249700
13.35,-0.35,500,"sd","10:53:41",248200
13.35,-0.35,1000,"sd","10:53:27",247700
13.35,-0.35,200,"sd","10:53:27",246700
13.35,-0.35,800,"sd","10:53:11",246500
13.3,-0.4,3200,"sd","10:53:05",245700
13.3,-0.4,1000,"sd","10:53:05",242500
13.3,-0.4,100,"sd","10:53:05",241500
13.3,-0.4,500,"sd","10:53:05",241400
13.3,-0.4,100,"sd","10:53:05",240900
13.3,-0.4,1000,"sd","10:53:05",240800
13.3,-0.4,1000,"sd","10:53:05",239800
13.3,-0.4,1000,"sd","10:53:05",238800
13.3,-0.4,100,"sd","10:53:05",237800
13.35,-0.35,1000,"sd","10:53:05",237700
13.35,-0.35,3000,"sd","10:53:05",236700
13.35,-0.35,100,"sd","10:53:05",233700
13.35,-0.35,1000,"sd","10:53:05",233600
13.35,-0.35,100,"sd","10:53:05",232600
13.35,-0.35,500,"sd","10:53:05",232500
13.35,-0.35,2000,"sd","10:53:05",232000
13.35,-0.35,1000,"sd","10:53:05",230000
13.35,-0.35,1300,"sd","10:53:05",229000
13.35,-0.35,500,"sd","10:52:22",227700
13.35,-0.35,200,"sd","10:51:02",227200
13.35,-0.35,500,"sd","10:50:56",227000
13.35,-0.35,100,"sd","10:50:42",226500
13.4,-0.3,100,"sd","10:46:12",226400
13.4,-0.3,100,"sd","10:46:12",226300
13.4,-0.3,900,"sd","10:45:54",226200
13.4,-0.3,3000,"sd","10:43:52",225300
13.4,-0.3,1000,"sd","10:41:08",222300
13.45,-0.25,1000,"sd","10:40:43",221300
13.5,-0.2,1400,"bu","10:39:50",220300
13.5,-0.2,100,"bu","10:39:50",218900
13.5,-0.2,100,"bu","10:37:44",218800
13.4,-0.3,2000,"sd","10:37:41",218700
13.5,-0.2,300,"sd","10:37:20",216700
13.4,-0.3,18800,"sd","10:37:16",216400
13.4,-0.3,100,"sd","10:37:16",197600
13.4,-0.3,500,"sd","10:37:16",197500
13.4,-0.3,500,"sd","10:37:16",197000
13.4,-0.3,500,"sd","10:37:16",196500
13.4,-0.3,400,"sd","10:37:16",196000
13.45,-0.25,3000,"sd","10:37:16",195600
13.45,-0.25,100,"sd","10:37:16",192600
13.45,-0.25,3000,"sd","10:37:16",192500
13.45,-0.25,500,"sd","10:37:16",189500
13.45,-0.25,2600,"sd","10:37:16",189000
13.45,-0.25,400,"sd","10:37:09",186400
13.5,-0.2,600,"sd","10:36:58",186000
13.5,-0.2,600,"bu","10:34:40",185400
13.5,-0.2,100,"bu","10:34:16",184800
13.5,-0.2,300,"sd","10:33:20",184700
13.5,-0.2,100,"bu","10:33:00",184400
13.5,-0.2,100,"bu","10:33:00",184300
13.5,-0.2,1000,"bu","10:32:59",184200
13.5,-0.2,200,"bu","10:32:58",183200
13.5,-0.2,500,"bu","10:32:52",183000
13.5,-0.2,1200,"bu","10:31:55",182500
13.5,-0.2,300,"bu","10:31:55",181300
13.5,-0.2,200,"bu","10:31:53",181000
13.5,-0.2,2800,"bu","10:31:53",180800
13.5,-0.2,200,"bu","10:31:20",178000
13.4,-0.3,200,"bu","10:29:51",177800
13.4,-0.3,100,"bu","10:29:51",177600
13.4,-0.3,400,"bu","10:29:33",177500
13.4,-0.3,600,"bu","10:29:33",177100
13.4,-0.3,2000,"bu","10:29:06",176500
13.4,-0.3,100,"bu","10:29:03",174500
13.4,-0.3,2000,"bu","10:28:33",174400
13.4,-0.3,100,"bu","10:28:09",172400
13.4,-0.3,200,"bu","10:25:42",172300
13.4,-0.3,800,"bu","10:25:42",172100
13.35,-0.35,400,"sd","10:24:23",171300
13.35,-0.35,600,"sd","10:24:23",170900
13.35,-0.35,400,"sd","10:24:11",170300
13.35,-0.35,100,"sd","10:24:11",169900
13.35,-0.35,100,"sd","10:24:11",169800
13.35,-0.35,500,"sd","10:24:11",169700
13.35,-0.35,300,"sd","10:24:11",169200
13.35,-0.35,600,"sd","10:24:10",168900
13.35,-0.35,1400,"bu","10:23:23",168300
13.35,-0.35,200,"bu","10:22:53",166900
13.35,-0.35,1000,"sd","10:22:51",166700
13.35,-0.35,200,"sd","10:22:51",165700
13.35,-0.35,100,"sd","10:22:51",165500
13.35,-0.35,100,"sd","10:22:51",165400
13.35,-0.35,100,"bu","10:22:24",165300
13.35,-0.35,300,"bu","10:22:17",165200
13.35,-0.35,1700,"bu","10:22:17",164900
13.35,-0.35,3000,"bu","10:22:07",163200
13.35,-0.35,300,"sd","10:21:57",160200
13.35,-0.35,200,"bu","10:21:43",159900
13.3,-0.4,900,"sd","10:21:37",159700
13.3,-0.4,100,"sd","10:21:37",158800
13.3,-0.4,900,"sd","10:21:37",158700
13.3,-0.4,100,"sd","10:21:37",157800
13.35,-0.35,500,"bu","10:21:35",157700
13.35,-0.35,300,"bu","10:21:07",157200
13.35,-0.35,500,"bu","10:20:57",156900
13.3,-0.4,300,"sd","10:20:55",156400
13.3,-0.4,600,"sd","10:20:55",156100
13.35,-0.35,900,"bu","10:20:50",155500
13.35,-0.35,200,"sd","10:20:40",154600
13.35,-0.35,1000,"sd","10:20:40",154400
13.35,-0.35,100,"sd","10:20:40",153400
13.35,-0.35,3700,"sd","10:20:40",153300
13.4,-0.3,100,"bu","10:20:18",149600
13.4,-0.3,100,"bu","10:19:41",149500
13.35,-0.35,1700,"sd","10:19:15",149400
13.35,-0.35,100,"sd","10:19:15",147700
13.35,-0.35,200,"sd","10:19:15",147600
13.35,-0.35,800,"sd","10:18:39",147400
13.35,-0.35,1000,"sd","10:18:39",146600
13.4,-0.3,2900,"sd","10:18:39",145600
13.4,-0.3,300,"sd","10:18:39",142700
13.4,-0.3,900,"sd","10:18:01",142400
13.4,-0.3,100,"sd","10:18:01",141500
13.4,-0.3,100,"bu","10:16:15",141400
13.4,-0.3,1000,"sd","10:16:04",141300
13.4,-0.3,5000,"sd","10:16:04",140300
13.4,-0.3,600,"sd","10:16:04",135300
13.4,-0.3,100,"sd","10:16:04",134700
13.45,-0.25,200,"sd","10:16:04",134600
13.45,-0.25,500,"sd","10:15:47",134400
13.45,-0.25,300,"bu","10:15:38",133900
13.45,-0.25,500,"sd","10:15:14",133600
13.45,-0.25,2200,"sd","10:15:14",133100
13.45,-0.25,800,"sd","10:14:52",130900
13.5,-0.2,1300,"bu","10:13:48",130100
13.5,-0.2,300,"sd","10:12:59",128800
13.5,-0.2,4700,"bu","10:12:07",128500
13.5,-0.2,100,"bu","10:11:36",123800
13.5,-0.2,300,"bu","10:11:33",123700
13.45,-0.25,9100,"bu","10:11:07",123400
13.4,-0.3,300,"sd","10:10:53",114300
13.4,-0.3,3900,"bu","10:10:31",114000
13.4,-0.3,100,"sd","10:10:29",110100
13.4,-0.3,100,"bu","10:10:06",110000
13.4,-0.3,600,"bu","10:09:58",109900
13.4,-0.3,800,"bu","10:09:36",109300
13.3,-0.4,400,"sd","10:09:26",108500
13.3,-0.4,100,"sd","10:09:26",108100
13.3,-0.4,400,"sd","10:09:26",108000
13.3,-0.4,2000,"sd","10:09:26",107600
13.35,-0.35,1600,"sd","10:09:26",105600
13.35,-0.35,100,"sd","10:09:26",104000
13.4,-0.3,200,"bu","10:09:25",103900
13.4,-0.3,100,"bu","10:09:09",103700
13.4,-0.3,5000,"sd","10:08:50",103600
13.4,-0.3,300,"sd","10:08:50",98600
13.4,-0.3,500,"sd","10:08:50",98300
13.4,-0.3,100,"sd","10:08:50",97800
13.45,-0.25,100,"sd","10:08:19",97700
13.45,-0.25,100,"sd","10:08:19",97600
13.45,-0.25,5700,"sd","10:08:19",97500
13.45,-0.25,300,"sd","10:08:19",91800
13.5,-0.2,500,"sd","10:08:01",91500
13.5,-0.2,100,"sd","10:08:01",91000
13.5,-0.2,2000,"sd","10:08:01",90900
13.5,-0.2,1000,"sd","10:08:01",88900
13.5,-0.2,2700,"sd","10:08:01",87900
13.5,-0.2,100,"sd","10:08:01",85200
13.5,-0.2,5000,"sd","10:08:01",85100
13.5,-0.2,3500,"sd","10:08:01",80100
13.5,-0.2,1500,"sd","10:07:57",76600
13.5,-0.2,300,"sd","10:07:57",75100
13.5,-0.2,200,"sd","10:07:25",74800
13.5,-0.2,700,"sd","10:07:25",74600
13.5,-0.2,100,"sd","10:06:30",73900
13.5,-0.2,200,"sd","10:05:57",73800
13.5,-0.2,300,"sd","10:03:20",73600
13.55,-0.15,100,"sd","10:03:20",73300
13.55,-0.15,600,"sd","10:03:20",73200
13.55,-0.15,300,"sd","10:02:49",72600
13.55,-0.15,800,"sd","10:02:49",72300
13.55,-0.15,300,"sd","10:02:49",71500
13.55,-0.15,200,"bu","10:02:34",71200
13.5,-0.2,300,"sd","10:01:15",71000
13.5,-0.2,200,"sd","10:00:48",70700
13.55,-0.15,1000,"sd","10:00:48",70500
13.55,-0.15,2000,"sd","10:00:48",69500
13.6,-0.1,500,"bu","09:59:01",67500
13.6,-0.1,900,"bu","09:58:42",67000
13.6,-0.1,100,"bu","09:58:42",66100
13.55,-0.15,1000,"sd","09:57:52",66000
13.55,-0.15,500,"sd","09:56:31",65000
13.55,-0.15,2900,"bu","09:56:06",64500
13.55,-0.15,100,"bu","09:56:06",61600
13.55,-0.15,1500,"bu","09:56:06",61500
13.5,-0.2,200,"sd","09:56:05",60000
13.5,-0.2,1500,"sd","09:56:05",59800
13.5,-0.2,500,"sd","09:56:05",58300
13.5,-0.2,2800,"sd","09:56:05",57800
13.5,-0.2,2200,"sd","09:55:42",55000
13.5,-0.2,1000,"sd","09:55:42",52800
13.5,-0.2,100,"sd","09:55:42",51800
13.5,-0.2,300,"sd","09:55:42",51700
13.5,-0.2,2000,"sd","09:55:42",51400
13.5,-0.2,200,"sd","09:55:42",49400
13.5,-0.2,100,"sd","09:55:42",49200
13.5,-0.2,600,"sd","09:55:42",49100
13.5,-0.2,100,"sd","09:55:18",48500
13.55,-0.15,1000,"bu","09:55:03",48400
13.55,-0.15,1000,"sd","09:54:52",47400
13.55,-0.15,800,"sd","09:54:52",46400
13.55,-0.15,2700,"sd","09:54:52",45600
13.55,-0.15,200,"sd","09:54:26",42900
13.55,-0.15,2100,"sd","09:53:11",42700
13.55,-0.15,100,"sd","09:53:11",40600
13.55,-0.15,1000,"sd","09:53:11",40500
13.6,-0.1,500,"unknown","09:50:23",39500
13.6,-0.1,1000,"sd","09:50:20",39000
13.6,-0.1,1000,"sd","09:50:20",38000
13.65,-0.05,100,"sd","09:48:10",37000
13.65,-0.05,200,"sd","09:47:32",36900
13.6,-0.1,100,"sd","09:46:25",36700
13.6,-0.1,100,"sd","09:46:25",36600
13.6,-0.1,2800,"sd","09:46:25",36500
13.6,-0.1,1700,"sd","09:45:32",33700
13.6,-0.1,2000,"sd","09:45:31",32000
13.65,-0.05,200,"sd","09:45:24",30000
13.65,-0.05,1000,"sd","09:45:24",29800
13.65,-0.05,1000,"sd","09:45:24",28800
13.65,-0.05,500,"sd","09:45:24",27800
13.7,0,400,"sd","09:43:17",27300
13.7,0,400,"bu","09:42:48",26900
13.7,0,1200,"bu","09:42:48",26500
13.7,0,1500,"bu","09:42:16",25300
13.7,0,500,"bu","09:42:16",23800
13.7,0,500,"bu","09:42:16",23300
13.7,0,2500,"bu","09:42:16",22800
13.7,0,2000,"bu","09:41:50",20300
13.7,0,1000,"bu","09:39:46",18300
13.7,0,500,"bu","09:39:44",17300
13.7,0,800,"bu","09:39:25",16800
13.7,0,700,"bu","09:39:25",16000
13.7,0,300,"bu","09:37:19",15300
13.7,0,1000,"sd","09:35:11",15000
13.7,0,1000,"sd","09:34:51",14000
13.7,0,100,"sd","09:28:03",13000
13.7,0,400,"sd","09:28:02",12900
13.7,0,100,"sd","09:27:55",12500
13.7,0,100,"sd","09:26:35",12400
13.7,0,500,"sd","09:26:28",12300
13.7,0,100,"sd","09:26:13",11800
13.7,0,8700,"bu","09:24:57",11700
13.7,0,500,"sd","09:24:35",3000
13.7,0,700,"sd","09:24:35",2500
13.7,0,100,"sd","09:24:35",1800
13.75,0.05,200,"sd","09:22:48",1700
13.75,0.05,200,"sd","09:20:47",1500
13.8,0.1,700,"bu","09:20:04",1300
13.8,0.1,100,"unknown","09:18:02",600
13.75,0.05,100,"bu","09:16:30",500
13.75,0.05,300,"sd","09:16:16",400
13.75,0.05,100,"sd","09:15:00",100
