"price","change","match_qtty","side","time","total_vol"
21.9,1.4,56400,"unknown","14:45:02",1832400
21.9,1.4,100,"sd","14:28:26",1776000
21.9,1.4,1800,"sd","14:27:58",1775900
21.9,1.4,1000,"sd","14:27:02",1774100
21.9,1.4,1900,"sd","14:25:09",1773100
21.9,1.4,500,"sd","14:25:06",1771200
21.9,1.4,100,"sd","14:25:03",1770700
21.9,1.4,100,"sd","14:24:52",1770600
21.9,1.4,100,"sd","14:21:30",1770500
21.9,1.4,100,"sd","14:21:21",1770400
21.9,1.4,100,"sd","14:11:15",1770300
21.9,1.4,700,"sd","14:10:09",1770200
21.9,1.4,100,"sd","14:09:13",1769500
21.9,1.4,3000,"sd","14:07:29",1769400
21.9,1.4,2700,"sd","14:07:29",1766400
21.9,1.4,1300,"sd","14:07:17",1763700
21.9,1.4,700,"sd","14:07:17",1762400
21.9,1.4,1500,"sd","14:06:34",1761700
21.9,1.4,1000,"sd","14:04:08",1760200
21.9,1.4,100,"sd","14:03:27",1759200
21.9,1.4,500,"sd","14:02:46",1759100
21.9,1.4,100,"sd","14:01:12",1758600
21.9,1.4,100,"sd","13:58:36",1758500
21.9,1.4,1000,"sd","13:58:00",1758400
21.9,1.4,2600,"sd","13:58:00",1757400
21.9,1.4,1000,"sd","13:58:00",1754800
21.9,1.4,400,"sd","13:58:00",1753800
21.9,1.4,500,"sd","13:56:08",1753400
21.9,1.4,200,"sd","13:54:41",1752900
21.9,1.4,400,"sd","13:53:54",1752700
21.9,1.4,500,"sd","13:53:46",1752300
21.9,1.4,2100,"sd","13:53:23",1751800
21.9,1.4,300,"sd","13:53:06",1749700
21.9,1.4,1200,"sd","13:52:18",1749400
21.9,1.4,100,"sd","13:48:52",1748200
21.9,1.4,2500,"sd","13:44:18",1748100
21.9,1.4,100,"sd","13:41:41",1745600
21.9,1.4,400,"sd","13:38:50",1745500
21.9,1.4,100,"sd","13:36:06",1745100
21.9,1.4,600,"sd","13:35:24",1745000
21.9,1.4,600,"sd","13:34:39",1744400
21.9,1.4,200,"sd","13:34:39",1743800
21.9,1.4,5000,"sd","13:33:06",1743600
21.9,1.4,300,"sd","13:32:44",1738600
21.9,1.4,500,"sd","13:32:17",1738300
21.9,1.4,100,"sd","13:32:16",1737800
21.9,1.4,2000,"sd","13:31:31",1737700
21.9,1.4,1000,"sd","13:31:03",1735700
21.9,1.4,1000,"sd","13:30:55",1734700
21.9,1.4,100,"sd","13:30:27",1733700
21.9,1.4,100,"sd","13:30:17",1733600
21.9,1.4,100,"sd","13:29:57",1733500
21.9,1.4,200,"sd","13:29:22",1733400
21.9,1.4,5000,"sd","13:29:05",1733200
21.9,1.4,1000,"sd","13:28:59",1728200
21.9,1.4,1000,"sd","13:28:18",1727200
21.9,1.4,8000,"sd","13:27:08",1726200
21.9,1.4,22000,"sd","13:26:35",1718200
21.9,1.4,100,"sd","13:26:34",1696200
21.9,1.4,100,"sd","13:26:32",1696100
21.9,1.4,100,"sd","13:25:54",1696000
21.9,1.4,100,"sd","13:25:02",1695900
21.9,1.4,100,"sd","13:24:09",1695800
21.9,1.4,100,"sd","13:22:43",1695700
21.9,1.4,1900,"sd","13:22:43",1695600
21.9,1.4,100,"sd","13:20:55",1693700
21.9,1.4,500,"sd","13:20:48",1693600
21.9,1.4,1000,"sd","13:20:35",1693100
21.9,1.4,1000,"sd","13:19:33",1692100
21.9,1.4,200,"sd","13:19:18",1691100
21.9,1.4,600,"sd","13:18:21",1690900
21.9,1.4,500,"sd","13:18:01",1690300
21.9,1.4,3000,"sd","13:17:08",1689800
21.9,1.4,2000,"sd","13:16:08",1686800
21.9,1.4,5000,"sd","13:15:56",1684800
21.9,1.4,1000,"sd","13:14:42",1679800
21.9,1.4,1000,"sd","13:13:42",1678800
21.9,1.4,2000,"sd","13:12:40",1677800
21.9,1.4,5000,"sd","13:12:30",1675800
21.9,1.4,1000,"sd","13:12:23",1670800
21.9,1.4,100,"sd","13:12:16",1669800
21.9,1.4,3000,"sd","13:11:53",1669700
21.9,1.4,100,"sd","13:11:07",1666700
21.9,1.4,100,"sd","13:10:50",1666600
21.9,1.4,600,"sd","13:10:46",1666500
21.9,1.4,2000,"sd","13:10:45",1665900
21.9,1.4,2000,"sd","13:09:35",1663900
21.9,1.4,200,"sd","13:09:35",1661900
21.9,1.4,100,"sd","13:07:59",1661700
21.9,1.4,4000,"sd","13:07:25",1661600
21.9,1.4,100,"sd","13:07:24",1657600
21.9,1.4,300,"sd","13:07:01",1657500
21.9,1.4,100,"sd","13:06:36",1657200
21.9,1.4,400,"sd","13:06:05",1657100
21.9,1.4,7900,"sd","13:05:59",1656700
21.9,1.4,1000,"sd","13:05:57",1648800
21.9,1.4,2000,"sd","13:05:39",1647800
21.9,1.4,2000,"sd","13:05:35",1645800
21.9,1.4,2000,"sd","13:05:09",1643800
21.9,1.4,400,"sd","13:04:48",1641800
21.9,1.4,300,"sd","13:04:35",1641400
21.9,1.4,200,"sd","13:04:26",1641100
21.9,1.4,1000,"sd","13:04:22",1640900
21.9,1.4,200,"sd","13:04:21",1639900
21.9,1.4,2000,"sd","13:04:18",1639700
21.9,1.4,300,"sd","13:04:17",1637700
21.9,1.4,100,"sd","13:04:14",1637400
21.9,1.4,500,"sd","13:04:08",1637300
21.9,1.4,3000,"sd","13:04:06",1636800
21.9,1.4,2000,"sd","13:04:06",1633800
21.9,1.4,3000,"sd","13:03:30",1631800
21.9,1.4,2200,"sd","13:03:30",1628800
21.9,1.4,7800,"sd","13:03:27",1626600
21.9,1.4,1000,"sd","13:03:27",1618800
21.9,1.4,11200,"sd","13:03:27",1617800
21.9,1.4,2200,"sd","13:03:22",1606600
21.9,1.4,100,"sd","13:03:21",1604400
21.9,1.4,1000,"sd","13:03:11",1604300
21.9,1.4,500,"sd","13:03:05",1603300
21.9,1.4,5000,"sd","13:02:58",1602800
21.9,1.4,500,"sd","13:02:41",1597800
21.9,1.4,100,"sd","13:02:27",1597300
21.9,1.4,1800,"sd","13:02:23",1597200
21.9,1.4,200,"sd","13:02:07",1595400
21.9,1.4,100,"sd","13:01:58",1595200
21.9,1.4,1000,"sd","13:01:52",1595100
21.9,1.4,3500,"sd","13:01:37",1594100
21.9,1.4,100,"sd","13:01:22",1590600
21.9,1.4,200,"sd","13:01:17",1590500
21.9,1.4,100,"sd","13:01:16",1590300
21.9,1.4,400,"sd","13:01:02",1590200
21.9,1.4,100,"sd","13:00:47",1589800
21.9,1.4,1000,"sd","13:00:34",1589700
21.9,1.4,100,"sd","13:00:33",1588700
21.9,1.4,1000,"sd","13:00:21",1588600
21.9,1.4,500,"sd","13:00:21",1587600
21.9,1.4,4500,"sd","13:00:19",1587100
21.9,1.4,11100,"sd","13:00:17",1582600
21.9,1.4,3700,"sd","13:00:16",1571500
21.9,1.4,1300,"sd","13:00:16",1567800
21.9,1.4,500,"sd","13:00:14",1566500
21.9,1.4,100,"sd","13:00:12",1566000
21.9,1.4,1000,"sd","13:00:11",1565900
21.9,1.4,200,"sd","13:00:09",1564900
21.9,1.4,1000,"sd","13:00:08",1564700
21.9,1.4,500,"sd","13:00:08",1563700
21.9,1.4,1000,"sd","13:00:08",1563200
21.9,1.4,1800,"sd","13:00:08",1562200
21.9,1.4,1000,"sd","13:00:07",1560400
21.9,1.4,700,"sd","13:00:07",1559400
21.9,1.4,500,"sd","13:00:06",1558700
21.9,1.4,1000,"sd","13:00:05",1558200
21.9,1.4,1500,"sd","13:00:04",1557200
21.9,1.4,1000,"sd","13:00:04",1555700
21.9,1.4,1000,"sd","13:00:03",1554700
21.9,1.4,200,"sd","13:00:03",1553700
21.9,1.4,100,"sd","13:00:03",1553500
21.9,1.4,100,"sd","13:00:02",1553400
21.9,1.4,500,"sd","13:00:02",1553300
21.9,1.4,100,"sd","13:00:02",1552800
21.9,1.4,800,"sd","13:00:02",1552700
21.9,1.4,100,"sd","13:00:02",1551900
21.9,1.4,500,"sd","13:00:01",1551800
21.9,1.4,2600,"sd","13:00:01",1551300
21.9,1.4,200,"sd","13:00:01",1548700
21.9,1.4,400,"sd","13:00:01",1548500
21.9,1.4,1000,"sd","13:00:01",1548100
21.9,1.4,100,"sd","13:00:01",1547100
21.9,1.4,500,"sd","13:00:00",1547000
21.9,1.4,1000,"sd","13:00:00",1546500
21.9,1.4,100,"sd","13:00:00",1545500
21.9,1.4,1000,"sd","13:00:00",1545400
21.9,1.4,1000,"sd","13:00:00",1544400
21.9,1.4,100,"sd","13:00:00",1543400
21.9,1.4,500,"sd","13:00:00",1543300
21.9,1.4,1000,"sd","11:29:32",1542800
21.9,1.4,1000,"sd","11:28:44",1541800
21.9,1.4,100,"sd","11:28:39",1540800
21.9,1.4,100,"sd","11:28:17",1540700
21.9,1.4,100,"sd","11:28:08",1540600
21.9,1.4,100,"sd","11:28:06",1540500
21.9,1.4,200,"sd","11:28:06",1540400
21.9,1.4,1000,"sd","11:28:04",1540200
21.9,1.4,100,"sd","11:27:45",1539200
21.9,1.4,5000,"sd","11:27:44",1539100
21.9,1.4,300,"sd","11:26:35",1534100
21.9,1.4,1000,"sd","11:26:23",1533800
21.9,1.4,800,"sd","11:25:27",1532800
21.9,1.4,100,"sd","11:25:23",1532000
21.9,1.4,1000,"sd","11:24:56",1531900
21.9,1.4,400,"sd","11:24:56",1530900
21.9,1.4,200,"sd","11:24:45",1530500
21.9,1.4,200,"sd","11:24:37",1530300
21.9,1.4,100,"sd","11:24:32",1530100
21.9,1.4,100,"sd","11:24:18",1530000
21.9,1.4,100,"sd","11:24:08",1529900
21.9,1.4,400,"sd","11:23:37",1529800
21.9,1.4,300,"sd","11:23:22",1529400
21.9,1.4,300,"sd","11:23:18",1529100
21.9,1.4,100,"sd","11:23:09",1528800
21.9,1.4,600,"sd","11:23:00",1528700
21.9,1.4,1000,"sd","11:22:50",1528100
21.9,1.4,400,"sd","11:22:38",1527100
21.9,1.4,2000,"sd","11:22:17",1526700
21.9,1.4,200,"sd","11:22:04",1524700
21.9,1.4,2000,"sd","11:22:01",1524500
21.9,1.4,5000,"sd","11:21:54",1522500
21.9,1.4,100,"sd","11:20:58",1517500
21.9,1.4,100,"sd","11:20:49",1517400
21.9,1.4,2000,"sd","11:20:37",1517300
21.9,1.4,1500,"sd","11:20:04",1515300
21.9,1.4,1000,"sd","11:19:56",1513800
21.9,1.4,1000,"sd","11:19:56",1512800
21.9,1.4,800,"sd","11:19:49",1511800
21.9,1.4,100,"sd","11:19:46",1511000
21.9,1.4,4000,"sd","11:19:45",1510900
21.9,1.4,200,"sd","11:19:44",1506900
21.9,1.4,2000,"sd","11:18:37",1506700
21.9,1.4,100,"sd","11:17:56",1504700
21.9,1.4,200,"sd","11:17:40",1504600
21.9,1.4,5000,"sd","11:17:26",1504400
21.9,1.4,1000,"sd","11:16:54",1499400
21.9,1.4,1000,"sd","11:16:54",1498400
21.9,1.4,300,"sd","11:16:52",1497400
21.9,1.4,500,"sd","11:16:50",1497100
21.9,1.4,2000,"sd","11:16:35",1496600
21.9,1.4,100,"sd","11:16:31",1494600
21.9,1.4,1000,"sd","11:16:13",1494500
21.9,1.4,2000,"sd","11:16:08",1493500
21.9,1.4,1000,"sd","11:16:07",1491500
21.9,1.4,1000,"sd","11:15:51",1490500
21.9,1.4,100,"sd","11:15:46",1489500
21.9,1.4,100,"sd","11:15:30",1489400
21.9,1.4,100,"sd","11:15:30",1489300
21.9,1.4,300,"sd","11:15:12",1489200
21.9,1.4,200,"sd","11:15:02",1488900
21.9,1.4,1000,"sd","11:15:01",1488700
21.9,1.4,100,"sd","11:14:42",1487700
21.9,1.4,100,"sd","11:14:26",1487600
21.9,1.4,500,"sd","11:14:22",1487500
21.9,1.4,100,"sd","11:14:18",1487000
21.9,1.4,100,"sd","11:14:10",1486900
21.9,1.4,1000,"sd","11:14:09",1486800
21.9,1.4,100,"sd","11:14:05",1485800
21.9,1.4,500,"sd","11:14:01",1485700
21.9,1.4,200,"sd","11:13:53",1485200
21.9,1.4,300,"sd","11:13:46",1485000
21.9,1.4,100,"sd","11:13:37",1484700
21.9,1.4,3500,"sd","11:13:30",1484600
21.9,1.4,100,"sd","11:13:24",1481100
21.9,1.4,3500,"sd","11:13:23",1481000
21.9,1.4,100,"sd","11:13:18",1477500
21.9,1.4,500,"sd","11:13:14",1477400
21.9,1.4,5000,"sd","11:12:57",1476900
21.9,1.4,1000,"sd","11:12:57",1471900
21.9,1.4,200,"sd","11:12:54",1470900
21.9,1.4,500,"sd","11:12:52",1470700
21.9,1.4,2400,"sd","11:12:42",1470200
21.9,1.4,500,"sd","11:12:42",1467800
21.9,1.4,1700,"sd","11:12:42",1467300
21.9,1.4,1000,"sd","11:12:36",1465600
21.9,1.4,100,"sd","11:12:35",1464600
21.9,1.4,1000,"sd","11:12:34",1464500
21.9,1.4,100,"sd","11:12:34",1463500
21.9,1.4,100,"sd","11:12:28",1463400
21.9,1.4,1000,"sd","11:12:26",1463300
21.9,1.4,5000,"sd","11:12:24",1462300
21.9,1.4,1500,"sd","11:12:22",1457300
21.9,1.4,600,"sd","11:12:19",1455800
21.9,1.4,300,"sd","11:12:18",1455200
21.9,1.4,7600,"sd","11:12:17",1454900
21.9,1.4,2400,"sd","11:12:17",1447300
21.9,1.4,40000,"sd","11:12:16",1444900
21.9,1.4,900,"sd","11:12:16",1404900
21.9,1.4,100,"sd","11:12:12",1404000
21.9,1.4,1000,"sd","11:12:04",1403900
21.9,1.4,500,"sd","11:12:02",1402900
21.9,1.4,500,"sd","11:11:58",1402400
21.9,1.4,100,"sd","11:11:54",1401900
21.9,1.4,500,"sd","11:11:53",1401800
21.9,1.4,800,"sd","11:11:50",1401300
21.9,1.4,2000,"sd","11:11:48",1400500
21.9,1.4,1200,"sd","11:11:45",1398500
21.9,1.4,500,"sd","11:11:45",1397300
21.9,1.4,8300,"sd","11:11:45",1396800
21.9,1.4,500,"sd","11:11:43",1388500
21.9,1.4,3000,"sd","11:11:40",1388000
21.9,1.4,100,"sd","11:11:38",1385000
21.9,1.4,100,"sd","11:11:38",1384900
21.9,1.4,100,"sd","11:11:37",1384800
21.9,1.4,200,"bu","11:11:34",1384700
21.9,1.4,100,"bu","11:11:34",1384500
21.9,1.4,500,"bu","11:11:33",1384400
21.9,1.4,200,"bu","11:11:33",1383900
21.9,1.4,1000,"bu","11:11:33",1383700
21.9,1.4,5900,"bu","11:11:33",1382700
21.9,1.4,9100,"bu","11:11:33",1376800
21.9,1.4,500,"bu","11:11:33",1367700
21.9,1.4,100,"bu","11:11:33",1367200
21.9,1.4,2000,"bu","11:11:33",1367100
21.9,1.4,200,"bu","11:11:33",1365100
21.9,1.4,200,"bu","11:11:33",1364900
21.9,1.4,500,"bu","11:11:33",1364700
21.9,1.4,5000,"bu","11:11:33",1364200
21.9,1.4,1000,"bu","11:11:33",1359200
21.9,1.4,100,"bu","11:11:33",1358200
21.9,1.4,1000,"bu","11:11:33",1358100
21.9,1.4,900,"bu","11:11:33",1357100
21.9,1.4,1000,"bu","11:11:33",1356200
21.9,1.4,700,"bu","11:11:33",1355200
21.9,1.4,3000,"bu","11:11:33",1354500
21.9,1.4,10000,"bu","11:11:33",1351500
21.9,1.4,100,"bu","11:11:33",1341500
21.9,1.4,3000,"bu","11:11:33",1341400
21.9,1.4,200,"bu","11:11:33",1338400
21.9,1.4,100,"bu","11:11:33",1338200
21.9,1.4,2000,"bu","11:11:33",1338100
21.9,1.4,10000,"bu","11:11:33",1336100
21.9,1.4,200,"bu","11:11:33",1326100
21.9,1.4,2000,"bu","11:11:33",1325900
21.9,1.4,500,"bu","11:11:33",1323900
21.9,1.4,25000,"bu","11:11:33",1323400
21.9,1.4,100,"bu","11:11:33",1298400
21.9,1.4,100,"bu","11:11:33",1298300
21.9,1.4,500,"bu","11:11:33",1298200
21.9,1.4,2000,"bu","11:11:33",1297700
21.9,1.4,1700,"bu","11:11:33",1295700
21.9,1.4,500,"bu","11:11:33",1294000
21.9,1.4,1100,"bu","11:11:33",1293500
21.9,1.4,2300,"bu","11:11:33",1292400
21.9,1.4,500,"bu","11:11:33",1290100
21.9,1.4,200,"bu","11:11:33",1289600
21.9,1.4,1000,"bu","11:11:33",1289400
21.9,1.4,3000,"bu","11:11:33",1288400
21.9,1.4,500,"bu","11:11:33",1285400
21.9,1.4,1000,"bu","11:11:33",1284900
21.9,1.4,200,"bu","11:11:33",1283900
21.9,1.4,2000,"bu","11:11:33",1283700
21.9,1.4,3500,"bu","11:11:33",1281700
21.9,1.4,1200,"bu","11:11:32",1278200
21.9,1.4,100,"bu","11:11:32",1277000
21.9,1.4,100,"bu","11:11:32",1276900
21.9,1.4,200,"bu","11:11:32",1276800
21.9,1.4,1300,"bu","11:11:32",1276600
21.9,1.4,700,"bu","11:11:31",1275300
21.9,1.4,700,"bu","11:11:31",1274600
21.9,1.4,2000,"bu","11:11:31",1273900
21.9,1.4,1000,"bu","11:11:31",1271900
21.9,1.4,2000,"bu","11:11:31",1270900
21.9,1.4,500,"bu","11:11:31",1268900
21.9,1.4,400,"bu","11:11:31",1268400
21.9,1.4,6000,"bu","11:11:31",1268000
21.9,1.4,100,"bu","11:11:31",1262000
21.9,1.4,46600,"bu","11:11:31",1261900
21.9,1.4,800,"bu","11:11:30",1215300
21.85,1.35,2000,"sd","11:11:25",1214500
21.9,1.4,200,"bu","11:11:25",1212500
21.9,1.4,2400,"bu","11:11:20",1212300
21.9,1.4,100,"bu","11:11:20",1209900
21.9,1.4,900,"bu","11:11:20",1209800
21.9,1.4,500,"bu","11:11:20",1208900
21.9,1.4,100,"bu","11:11:20",1208400
21.9,1.4,800,"bu","11:11:18",1208300
21.9,1.4,2400,"bu","11:11:18",1207500
21.9,1.4,1800,"bu","11:11:18",1205100
21.9,1.4,4200,"bu","11:11:18",1203300
21.9,1.4,1000,"bu","11:11:17",1199100
21.9,1.4,100,"bu","11:11:17",1198100
21.9,1.4,100,"bu","11:11:17",1198000
21.9,1.4,100,"bu","11:11:17",1197900
21.9,1.4,800,"bu","11:11:17",1197800
21.9,1.4,500,"bu","11:11:17",1197000
21.9,1.4,600,"bu","11:11:17",1196500
21.9,1.4,100,"bu","11:11:17",1195900
21.9,1.4,1000,"bu","11:11:17",1195800
21.9,1.4,100,"bu","11:11:17",1194800
21.9,1.4,100,"bu","11:11:17",1194700
21.9,1.4,1800,"bu","11:11:17",1194600
21.85,1.35,1600,"bu","11:11:17",1192800
21.85,1.35,2600,"bu","11:11:17",1191200
21.85,1.35,700,"bu","11:11:17",1188600
21.85,1.35,4600,"bu","11:11:17",1187900
21.85,1.35,100,"bu","11:11:17",1183300
21.85,1.35,3000,"bu","11:11:17",1183200
21.85,1.35,17300,"bu","11:11:14",1180200
21.85,1.35,2000,"bu","11:11:14",1162900
21.85,1.35,700,"bu","11:11:14",1160900
21.85,1.35,500,"bu","11:11:12",1160200
21.85,1.35,800,"bu","11:11:12",1159700
21.85,1.35,200,"bu","11:11:12",1158900
21.85,1.35,700,"bu","11:11:12",1158700
21.8,1.3,100,"sd","11:11:12",1158000
21.8,1.3,500,"sd","11:11:09",1157900
21.8,1.3,1000,"sd","11:11:04",1157400
21.8,1.3,100,"unknown","11:11:02",1156400
21.85,1.35,2300,"bu","11:11:02",1156300
21.8,1.3,500,"bu","11:11:02",1154000
21.8,1.3,500,"bu","11:10:59",1153500
21.8,1.3,100,"bu","11:10:59",1153000
21.8,1.3,1400,"bu","11:10:59",1152900
21.8,1.3,700,"bu","11:10:58",1151500
21.8,1.3,2500,"bu","11:10:53",1150800
21.8,1.3,5300,"bu","11:10:53",1148300
21.8,1.3,100,"bu","11:10:50",1143000
21.7,1.2,100,"sd","11:10:42",1142900
21.6,1.1,4600,"sd","11:10:35",1142800
21.65,1.15,500,"sd","11:10:35",1138200
21.65,1.15,100,"sd","11:10:35",1137700
21.65,1.15,300,"sd","11:10:35",1137600
21.65,1.15,500,"sd","11:10:35",1137300
21.85,1.35,1800,"bu","11:10:33",1136800
21.8,1.3,100,"bu","11:10:33",1135000
21.8,1.3,500,"bu","11:10:33",1134900
21.8,1.3,500,"bu","11:10:33",1134400
21.8,1.3,200,"bu","11:10:33",1133900
21.8,1.3,200,"bu","11:10:33",1133700
21.8,1.3,100,"bu","11:10:33",1133500
21.8,1.3,100,"bu","11:10:33",1133400
21.8,1.3,200,"bu","11:10:33",1133300
21.8,1.3,200,"bu","11:10:33",1133100
21.8,1.3,1000,"bu","11:10:33",1132900
21.8,1.3,1600,"bu","11:10:33",1131900
21.8,1.3,3000,"bu","11:10:33",1130300
21.8,1.3,1000,"bu","11:10:33",1127300
21.8,1.3,300,"bu","11:10:33",1126300
21.7,1.2,100,"bu","11:10:33",1126000
21.7,1.2,100,"bu","11:10:33",1125900
21.65,1.15,200,"sd","11:10:32",1125800
21.7,1.2,700,"bu","11:10:31",1125600
21.65,1.15,500,"sd","11:10:24",1124900
21.7,1.2,1200,"bu","11:10:24",1124400
21.7,1.2,100,"bu","11:10:24",1123200
21.7,1.2,100,"bu","11:10:24",1123100
21.7,1.2,1000,"bu","11:10:24",1123000
21.7,1.2,300,"bu","11:10:24",1122000
21.7,1.2,200,"bu","11:10:24",1121700
21.7,1.2,100,"bu","11:10:24",1121500
21.65,1.15,100,"sd","11:10:18",1121400
21.7,1.2,500,"bu","11:10:14",1121300
21.65,1.15,100,"sd","11:10:09",1120800
21.7,1.2,5000,"bu","11:10:07",1120700
21.7,1.2,100,"bu","11:10:04",1115700
21.7,1.2,500,"bu","11:10:04",1115600
21.7,1.2,1000,"bu","11:10:03",1115100
21.7,1.2,700,"bu","11:10:02",1114100
21.7,1.2,600,"bu","11:09:58",1113400
21.7,1.2,500,"bu","11:09:53",1112800
21.7,1.2,200,"bu","11:09:52",1112300
21.7,1.2,100,"bu","11:09:48",1112100
21.7,1.2,800,"bu","11:09:44",1112000
21.7,1.2,500,"bu","11:09:42",1111200
21.7,1.2,200,"bu","11:09:41",1110700
21.7,1.2,1000,"bu","11:09:29",1110500
21.6,1.1,100,"sd","11:09:25",1109500
21.7,1.2,300,"bu","11:09:20",1109400
21.7,1.2,1000,"bu","11:09:20",1109100
21.7,1.2,100,"bu","11:09:20",1108100
21.7,1.2,200,"bu","11:09:20",1108000
21.7,1.2,100,"bu","11:09:20",1107800
21.7,1.2,1000,"bu","11:09:20",1107700
21.65,1.15,300,"bu","11:09:20",1106700
21.6,1.1,300,"bu","11:09:17",1106400
21.6,1.1,100,"bu","11:09:17",1106100
21.6,1.1,500,"bu","11:09:17",1106000
21.6,1.1,100,"bu","11:09:17",1105500
21.6,1.1,300,"bu","11:09:17",1105400
21.6,1.1,3300,"bu","11:09:17",1105100
21.6,1.1,1700,"bu","11:09:14",1101800
21.6,1.1,1500,"bu","11:09:14",1100100
21.6,1.1,600,"bu","11:09:14",1098600
21.6,1.1,400,"bu","11:09:10",1098000
21.6,1.1,100,"bu","11:09:10",1097600
21.6,1.1,500,"bu","11:09:10",1097500
21.55,1.05,100,"sd","11:09:07",1097000
21.55,1.05,100,"sd","11:09:01",1096900
21.55,1.05,500,"bu","11:08:51",1096800
21.55,1.05,400,"bu","11:08:51",1096300
21.55,1.05,500,"bu","11:08:51",1095900
21.55,1.05,300,"bu","11:08:51",1095400
21.55,1.05,900,"bu","11:08:51",1095100
21.55,1.05,100,"bu","11:08:51",1094200
21.55,1.05,1900,"bu","11:08:49",1094100
21.55,1.05,100,"bu","11:08:49",1092200
21.55,1.05,1000,"bu","11:08:49",1092100
21.55,1.05,2000,"bu","11:08:49",1091100
21.5,1,100,"bu","11:08:42",1089100
21.5,1,200,"bu","11:08:42",1089000
21.5,1,100,"bu","11:08:42",1088800
21.5,1,200,"bu","11:08:42",1088700
21.5,1,1000,"bu","11:08:42",1088500
21.5,1,2000,"bu","11:08:42",1087500
21.5,1,500,"bu","11:08:42",1085500
21.5,1,500,"bu","11:08:42",1085000
21.5,1,100,"bu","11:08:42",1084500
21.5,1,100,"bu","11:08:42",1084400
21.5,1,200,"bu","11:08:42",1084300
21.5,1,10000,"bu","11:08:42",1084100
21.5,1,500,"bu","11:08:42",1074100
21.5,1,600,"bu","11:08:42",1073600
21.5,1,100,"bu","11:08:42",1073000
21.5,1,1000,"bu","11:08:42",1072900
21.5,1,100,"bu","11:08:42",1071900
21.5,1,100,"bu","11:08:42",1071800
21.5,1,5000,"bu","11:08:42",1071700
21.5,1,100,"bu","11:08:42",1066700
21.5,1,1000,"bu","11:08:42",1066600
21.5,1,3000,"bu","11:08:42",1065600
21.5,1,100,"bu","11:08:38",1062600
21.5,1,4000,"bu","11:08:37",1062500
21.5,1,900,"bu","11:08:32",1058500
21.5,1,100,"bu","11:08:32",1057600
21.5,1,200,"bu","11:08:32",1057500
21.5,1,400,"bu","11:08:32",1057300
21.5,1,300,"bu","11:08:32",1056900
21.5,1,100,"bu","11:08:32",1056600
21.5,1,1000,"bu","11:08:25",1056500
21.5,1,2000,"bu","11:08:23",1055500
21.5,1,600,"bu","11:08:19",1053500
21.45,0.95,300,"bu","11:08:02",1052900
21.45,0.95,5000,"bu","11:08:02",1052600
21.45,0.95,100,"bu","11:08:02",1047600
21.45,0.95,4600,"bu","11:08:02",1047500
21.45,0.95,400,"bu","11:07:52",1042900
21.4,0.9,500,"sd","11:07:48",1042500
21.4,0.9,1100,"bu","11:07:34",1042000
21.4,0.9,3000,"bu","11:07:34",1040900
21.4,0.9,1000,"bu","11:07:34",1037900
21.4,0.9,400,"bu","11:07:34",1036900
21.4,0.9,200,"bu","11:07:34",1036500
21.4,0.9,100,"bu","11:07:34",1036300
21.4,0.9,300,"bu","11:07:34",1036200
21.4,0.9,100,"bu","11:07:34",1035900
21.4,0.9,300,"bu","11:07:34",1035800
21.4,0.9,7300,"bu","11:07:34",1035500
21.4,0.9,100,"bu","11:07:34",1028200
21.4,0.9,300,"bu","11:07:34",1028100
21.4,0.9,1000,"bu","11:07:34",1027800
21.4,0.9,300,"bu","11:07:34",1026800
21.35,0.85,200,"sd","11:07:23",1026500
21.35,0.85,300,"sd","11:07:22",1026300
21.4,0.9,4000,"bu","11:07:21",1026000
21.4,0.9,1000,"bu","11:07:20",1022000
21.3,0.8,1600,"sd","11:07:11",1021000
21.3,0.8,100,"sd","11:07:11",1019400
21.3,0.8,500,"sd","11:07:11",1019300
21.3,0.8,1000,"sd","11:07:11",1018800
21.3,0.8,1800,"sd","11:07:11",1017800
21.35,0.85,500,"unknown","11:07:11",1016000
21.35,0.85,500,"unknown","11:07:11",1015500
21.35,0.85,4000,"unknown","11:07:11",1015000
21.4,0.9,1700,"bu","11:06:40",1011000
21.4,0.9,300,"bu","11:06:40",1009300
21.35,0.85,500,"sd","11:06:35",1009000
21.4,0.9,2000,"bu","11:06:34",1008500
21.35,0.85,100,"sd","11:06:26",1006500
21.4,0.9,400,"bu","11:06:25",1006400
21.3,0.8,18200,"sd","11:06:19",1006000
21.3,0.8,2000,"sd","11:06:19",987800
21.3,0.8,1000,"sd","11:06:19",985800
21.35,0.85,1000,"sd","11:06:19",984800
21.35,0.85,4100,"sd","11:06:19",983800
21.4,0.9,2300,"bu","11:06:17",979700
21.4,0.9,800,"bu","11:06:17",977400
21.4,0.9,1900,"bu","11:06:17",976600
21.35,0.85,900,"bu","11:06:16",974700
21.35,0.85,1000,"bu","11:06:15",973800
21.35,0.85,100,"sd","11:06:14",972800
21.35,0.85,400,"bu","11:06:14",972700
21.35,0.85,300,"bu","11:06:14",972300
21.35,0.85,1200,"bu","11:06:14",972000
21.35,0.85,1000,"bu","11:06:09",970800
21.35,0.85,2000,"sd","11:06:04",969800
21.35,0.85,200,"sd","11:06:04",967800
21.35,0.85,800,"sd","11:06:04",967600
21.35,0.85,300,"sd","11:06:04",966800
21.35,0.85,300,"sd","11:06:03",966500
21.35,0.85,100,"sd","11:06:03",966200
21.35,0.85,100,"sd","11:06:03",966100
21.35,0.85,100,"sd","11:05:58",966000
21.35,0.85,1000,"sd","11:05:48",965900
21.35,0.85,1400,"sd","11:05:39",964900
21.35,0.85,400,"sd","11:05:39",963500
21.35,0.85,1000,"sd","11:05:39",963100
21.35,0.85,200,"sd","11:05:39",962100
21.35,0.85,500,"sd","11:05:39",961900
21.35,0.85,400,"sd","11:05:39",961400
21.35,0.85,600,"sd","11:05:28",961000
21.35,0.85,200,"sd","11:05:27",960400
21.35,0.85,1300,"sd","11:05:10",960200
21.35,0.85,4500,"bu","11:05:09",958900
21.35,0.85,5000,"sd","11:05:07",954400
21.35,0.85,500,"sd","11:05:07",949400
21.4,0.9,600,"bu","11:05:00",948900
21.35,0.85,1400,"bu","11:05:00",948300
21.3,0.8,900,"sd","11:04:58",946900
21.35,0.85,600,"bu","11:04:56",946000
21.35,0.85,300,"bu","11:04:55",945400
21.35,0.85,1100,"bu","11:04:55",945100
21.35,0.85,10000,"bu","11:04:50",944000
21.3,0.8,500,"sd","11:04:50",934000
21.3,0.8,1000,"bu","11:04:44",933500
21.3,0.8,100,"bu","11:04:44",932500
21.3,0.8,100,"bu","11:04:44",932400
21.3,0.8,500,"bu","11:04:41",932300
21.3,0.8,1000,"bu","11:04:39",931800
21.3,0.8,200,"bu","11:04:36",930800
21.3,0.8,200,"bu","11:04:27",930600
21.3,0.8,2000,"bu","11:04:22",930400
21.25,0.75,1000,"sd","11:04:17",928400
21.3,0.8,1000,"bu","11:04:16",927400
21.35,0.85,18900,"bu","11:03:55",926400
21.3,0.8,1000,"bu","11:03:55",907500
21.3,0.8,100,"bu","11:03:55",906500
21.3,0.8,700,"bu","11:03:53",906400
21.3,0.8,1300,"sd","11:03:48",905700
21.3,0.8,700,"sd","11:03:48",904400
21.4,0.9,2500,"bu","11:03:37",903700
21.4,0.9,100,"bu","11:03:37",901200
21.4,0.9,1000,"bu","11:03:37",901100
21.4,0.9,400,"bu","11:03:37",900100
21.35,0.85,6000,"bu","11:03:37",899700
21.4,0.9,100,"sd","11:03:27",893700
21.4,0.9,500,"sd","11:03:23",893600
21.4,0.9,100,"sd","11:03:22",893100
21.4,0.9,1000,"sd","11:03:22",893000
21.4,0.9,100,"sd","11:03:21",892000
21.4,0.9,100,"sd","11:03:21",891900
21.4,0.9,1500,"sd","11:03:18",891800
21.4,0.9,2000,"sd","11:03:15",890300
21.4,0.9,100,"sd","11:03:13",888300
21.4,0.9,3000,"sd","11:03:11",888200
21.4,0.9,100,"sd","11:03:05",885200
21.4,0.9,300,"sd","11:03:04",885100
21.5,1,1300,"bu","11:03:04",884800
21.5,1,1000,"bu","11:03:04",883500
21.5,1,700,"bu","11:03:04",882500
21.4,0.9,500,"sd","11:03:03",881800
21.4,0.9,2000,"sd","11:03:00",881300
21.5,1,1000,"bu","11:02:56",879300
21.5,1,500,"bu","11:02:48",878300
21.5,1,500,"bu","11:02:38",877800
21.5,1,500,"bu","11:02:38",877300
21.5,1,2000,"bu","11:02:38",876800
21.5,1,18000,"sd","11:02:37",874800
21.5,1,100,"sd","11:02:32",856800
21.5,1,100,"bu","11:02:29",856700
21.5,1,300,"bu","11:02:29",856600
21.5,1,500,"bu","11:02:29",856300
21.5,1,100,"bu","11:02:29",855800
21.5,1,900,"bu","11:02:29",855700
21.5,1,100,"bu","11:02:23",854800
21.5,1,100,"bu","11:02:23",854700
21.5,1,100,"bu","11:02:23",854600
21.4,0.9,2800,"sd","11:02:22",854500
21.5,1,3200,"bu","11:02:18",851700
21.5,1,300,"bu","11:02:18",848500
21.5,1,300,"bu","11:02:18",848200
21.45,0.95,1000,"bu","11:02:18",847900
21.4,0.9,1300,"sd","11:02:16",846900
21.4,0.9,700,"sd","11:02:16",845600
21.5,1,200,"bu","11:02:08",844900
21.5,1,100,"bu","11:02:08",844700
21.5,1,600,"bu","11:02:08",844600
21.5,1,1000,"bu","11:02:08",844000
21.5,1,2500,"bu","11:02:08",843000
21.5,1,100,"bu","11:02:07",840500
21.5,1,5800,"bu","11:02:05",840400
21.5,1,1000,"bu","11:02:05",834600
21.5,1,3000,"bu","11:02:05",833600
21.5,1,100,"bu","11:02:05",830600
21.5,1,2000,"bu","11:02:05",830500
21.5,1,1000,"bu","11:02:05",828500
21.5,1,2000,"bu","11:02:05",827500
21.5,1,100,"bu","11:02:05",825500
21.5,1,1200,"bu","11:02:05",825400
21.5,1,100,"bu","11:02:05",824200
21.5,1,100,"bu","11:02:05",824100
21.5,1,1900,"bu","11:02:05",824000
21.5,1,1700,"bu","11:02:05",822100
21.5,1,500,"bu","11:01:55",820400
21.4,0.9,100,"sd","11:01:53",819900
21.5,1,200,"bu","11:01:51",819800
21.5,1,100,"bu","11:01:51",819600
21.5,1,1200,"bu","11:01:51",819500
21.5,1,3000,"bu","11:01:51",818300
21.5,1,2000,"bu","11:01:51",815300
21.5,1,100,"bu","11:01:51",813300
21.5,1,600,"bu","11:01:51",813200
21.5,1,2800,"bu","11:01:51",812600
21.5,1,2200,"bu","11:01:42",809800
21.45,0.95,1800,"bu","11:01:42",807600
21.4,0.9,4000,"bu","11:01:41",805800
21.4,0.9,200,"bu","11:01:41",801800
21.4,0.9,300,"bu","11:01:38",801600
21.4,0.9,4700,"bu","11:01:38",801300
21.4,0.9,300,"bu","11:01:36",796600
21.4,0.9,4000,"bu","11:01:36",796300
21.4,0.9,2000,"bu","11:01:36",792300
21.4,0.9,4000,"bu","11:01:36",790300
21.4,0.9,500,"bu","11:01:36",786300
21.4,0.9,500,"bu","11:01:36",785800
21.3,0.8,200,"bu","11:01:36",785300
21.3,0.8,500,"bu","11:01:36",785100
21.3,0.8,3000,"bu","11:01:36",784600
21.3,0.8,1000,"bu","11:01:36",781600
21.2,0.7,500,"sd","11:01:33",780600
21.2,0.7,500,"sd","11:01:33",780100
21.2,0.7,200,"sd","11:01:33",779600
21.2,0.7,100,"sd","11:01:33",779400
21.2,0.7,6000,"bu","11:01:33",779300
21.2,0.7,200,"bu","11:01:32",773300
21.2,0.7,1000,"bu","11:01:29",773100
21.2,0.7,2800,"bu","11:01:27",772100
21.2,0.7,800,"bu","11:01:27",769300
21.2,0.7,2000,"bu","11:01:27",768500
21.2,0.7,1400,"bu","11:01:27",766500
21.2,0.7,100,"bu","11:01:27",765100
21.15,0.65,300,"bu","11:01:27",765000
21.15,0.65,500,"bu","11:01:27",764700
21.1,0.6,100,"bu","11:01:27",764200
21.1,0.6,1000,"bu","11:01:27",764100
21.1,0.6,600,"bu","11:01:27",763100
21.1,0.6,100,"bu","11:01:27",762500
21.05,0.55,300,"bu","11:01:27",762400
21,0.5,500,"sd","11:01:25",762100
21,0.5,10000,"bu","11:01:23",761600
21,0.5,15000,"bu","11:01:23",751600
21,0.5,5000,"bu","11:01:23",736600
21,0.5,500,"bu","11:01:23",731600
21,0.5,9000,"bu","11:01:23",731100
21,0.5,1200,"bu","11:01:23",722100
21,0.5,2000,"bu","11:01:23",720900
21,0.5,700,"bu","11:01:23",718900
21,0.5,100,"bu","11:01:23",718200
21,0.5,1500,"bu","11:01:23",718100
21,0.5,100,"bu","11:01:23",716600
21,0.5,100,"bu","11:01:23",716500
21,0.5,500,"bu","11:01:23",716400
21,0.5,2100,"bu","11:01:23",715900
21,0.5,2000,"bu","11:01:23",713800
21,0.5,3000,"bu","11:01:23",711800
21,0.5,1000,"bu","11:01:23",708800
21,0.5,100,"bu","11:01:23",707800
21,0.5,3000,"bu","11:01:23",707700
21,0.5,1000,"bu","11:01:23",704700
21,0.5,100,"bu","11:01:23",703700
21,0.5,10000,"bu","11:01:23",703600
21,0.5,400,"bu","11:01:23",693600
21,0.5,900,"bu","11:01:23",693200
21,0.5,3000,"bu","11:01:23",692300
21,0.5,100,"bu","11:01:23",689300
21,0.5,500,"bu","11:01:23",689200
21,0.5,2000,"bu","11:01:23",688700
21,0.5,500,"bu","11:01:23",686700
21,0.5,100,"bu","11:01:23",686200
21,0.5,200,"bu","11:01:23",686100
21,0.5,8400,"bu","11:01:23",685900
21,0.5,100,"bu","11:01:23",677500
21,0.5,1600,"bu","11:01:22",677400
21,0.5,8400,"bu","11:01:22",675800
21,0.5,3500,"bu","11:01:20",667400
21,0.5,600,"bu","11:01:20",663900
21,0.5,900,"bu","11:01:20",663300
20.9,0.4,100,"sd","11:01:20",662400
21,0.5,500,"bu","11:01:16",662300
21,0.5,600,"bu","11:01:16",661800
21,0.5,500,"bu","11:01:16",661200
21,0.5,100,"bu","11:01:16",660700
20.95,0.45,1500,"bu","11:01:16",660600
20.95,0.45,1500,"bu","11:01:16",659100
20.9,0.4,500,"sd","11:01:07",657600
20.9,0.4,1500,"sd","11:01:07",657100
20.9,0.4,100,"sd","11:01:07",655600
20.9,0.4,100,"sd","11:01:07",655500
20.9,0.4,600,"sd","11:01:07",655400
20.9,0.4,500,"sd","11:01:07",654800
20.9,0.4,1500,"sd","11:01:07",654300
20.9,0.4,100,"sd","11:01:07",652800
20.85,0.35,300,"bu","11:01:06",652700
20.85,0.35,400,"bu","11:01:06",652400
20.85,0.35,600,"bu","11:01:05",652000
20.85,0.35,200,"bu","11:01:05",651400
20.85,0.35,200,"bu","11:01:05",651200
20.85,0.35,500,"bu","11:01:00",651000
20.85,0.35,4000,"bu","11:00:59",650500
20.85,0.35,1000,"bu","11:00:59",646500
20.8,0.3,800,"sd","11:00:57",645500
20.8,0.3,600,"bu","11:00:57",644700
20.8,0.3,2900,"bu","11:00:57",644100
20.8,0.3,2000,"bu","11:00:54",641200
20.8,0.3,100,"bu","11:00:52",639200
20.8,0.3,7000,"bu","11:00:48",639100
20.8,0.3,23000,"bu","11:00:48",632100
20.8,0.3,1000,"bu","11:00:41",609100
20.8,0.3,300,"bu","11:00:41",608100
20.8,0.3,100,"bu","11:00:41",607800
20.8,0.3,300,"bu","11:00:41",607700
20.8,0.3,400,"bu","11:00:41",607400
20.8,0.3,100,"bu","11:00:41",607000
20.8,0.3,2000,"bu","11:00:41",606900
20.8,0.3,500,"bu","11:00:41",604900
20.8,0.3,2000,"bu","11:00:41",604400
20.8,0.3,100,"bu","11:00:41",602400
20.8,0.3,500,"bu","11:00:41",602300
20.75,0.25,100,"bu","11:00:41",601800
20.8,0.3,300,"bu","11:00:41",601700
20.75,0.25,300,"bu","11:00:41",601400
20.8,0.3,300,"bu","11:00:41",601100
20.75,0.25,400,"bu","11:00:41",600800
20.8,0.3,2000,"bu","11:00:41",600400
20.75,0.25,1600,"bu","11:00:41",598400
20.8,0.3,300,"bu","11:00:41",596800
20.75,0.25,100,"bu","11:00:41",596500
20.8,0.3,5000,"bu","11:00:41",596400
20.75,0.25,1000,"bu","11:00:41",591400
20.8,0.3,200,"bu","11:00:41",590400
20.8,0.3,5000,"bu","11:00:41",590200
20.8,0.3,2600,"bu","11:00:41",585200
20.75,0.25,2000,"bu","11:00:41",582600
20.75,0.25,5000,"bu","11:00:41",580600
20.8,0.3,13500,"bu","11:00:41",575600
20.8,0.3,700,"bu","11:00:41",562100
20.8,0.3,300,"bu","11:00:41",561400
20.75,0.25,2000,"bu","11:00:41",561100
20.7,0.2,100,"sd","11:00:30",559100
20.7,0.2,1000,"sd","11:00:11",559000
20.7,0.2,100,"bu","11:00:01",558000
20.7,0.2,1000,"bu","11:00:01",557900
20.7,0.2,200,"bu","11:00:01",556900
20.7,0.2,200,"bu","11:00:01",556700
20.7,0.2,2400,"bu","11:00:01",556500
20.65,0.15,300,"sd","10:59:52",554100
20.65,0.15,1000,"bu","10:59:52",553800
20.65,0.15,100,"bu","10:59:52",552800
20.65,0.15,100,"bu","10:59:49",552700
20.6,0.1,4600,"bu","10:59:20",552600
20.55,0.05,200,"sd","10:59:19",548000
20.6,0.1,1000,"bu","10:59:10",547800
20.6,0.1,4400,"sd","10:58:56",546800
20.6,0.1,100,"sd","10:58:41",542400
20.6,0.1,1900,"sd","10:58:41",542300
20.6,0.1,1000,"bu","10:58:40",540400
20.6,0.1,2300,"bu","10:58:30",539400
20.6,0.1,200,"bu","10:58:30",537100
20.55,0.05,100,"bu","10:57:58",536900
20.55,0.05,100,"bu","10:57:49",536800
20.55,0.05,300,"bu","10:57:36",536700
20.55,0.05,100,"bu","10:57:36",536400
20.55,0.05,100,"bu","10:57:36",536300
20.55,0.05,300,"bu","10:57:32",536200
20.55,0.05,100,"bu","10:57:19",535900
20.55,0.05,2000,"bu","10:56:58",535800
20.5,0,300,"sd","10:56:37",533800
20.5,0,100,"sd","10:56:37",533500
20.45,-0.05,500,"sd","10:55:53",533400
20.45,-0.05,1000,"sd","10:55:20",532900
20.45,-0.05,500,"sd","10:55:13",531900
20.45,-0.05,1000,"sd","10:54:53",531400
20.45,-0.05,200,"sd","10:54:03",530400
20.45,-0.05,1200,"sd","10:53:33",530200
20.45,-0.05,800,"sd","10:53:33",529000
20.45,-0.05,500,"sd","10:53:06",528200
20.5,0,100,"bu","10:53:01",527700
20.45,-0.05,2000,"sd","10:52:36",527600
20.45,-0.05,600,"sd","10:52:35",525600
20.45,-0.05,1100,"sd","10:52:04",525000
20.45,-0.05,500,"sd","10:52:04",523900
20.45,-0.05,900,"sd","10:52:04",523400
20.45,-0.05,1100,"sd","10:51:21",522500
20.45,-0.05,2300,"sd","10:51:21",521400
20.5,0,1500,"sd","10:51:21",519100
20.5,0,1500,"sd","10:51:21",517600
20.5,0,600,"sd","10:51:00",516100
20.5,0,1400,"sd","10:51:00",515500
20.55,0.05,1000,"bu","10:50:58",514100
20.5,0,100,"sd","10:50:00",513100
20.5,0,500,"sd","10:49:55",513000
20.5,0,500,"sd","10:49:55",512500
20.5,0,500,"bu","10:49:03",512000
20.45,-0.05,1700,"sd","10:48:38",511500
20.45,-0.05,3000,"sd","10:48:38",509800
20.45,-0.05,1000,"sd","10:48:38",506800
20.45,-0.05,2000,"sd","10:48:38",505800
20.45,-0.05,1000,"sd","10:48:22",503800
20.5,0,500,"bu","10:48:16",502800
20.5,0,2000,"bu","10:47:51",502300
20.5,0,200,"bu","10:47:45",500300
20.5,0,400,"bu","10:47:45",500100
20.5,0,2400,"bu","10:47:03",499700
20.5,0,300,"bu","10:46:58",497300
20.5,0,100,"bu","10:46:31",497000
20.45,-0.05,2000,"sd","10:46:16",496900
20.45,-0.05,1000,"sd","10:46:16",494900
20.5,0,500,"sd","10:45:45",493900
20.5,0,100,"sd","10:45:45",493400
20.5,0,1000,"sd","10:45:45",493300
20.5,0,800,"sd","10:45:45",492300
20.5,0,100,"sd","10:45:45",491500
20.5,0,2300,"sd","10:45:45",491400
20.5,0,1000,"sd","10:45:42",489100
20.5,0,2000,"sd","10:44:43",488100
20.5,0,700,"sd","10:43:44",486100
20.5,0,200,"sd","10:43:44",485400
20.5,0,500,"sd","10:43:44",485200
20.5,0,500,"sd","10:43:44",484700
20.5,0,700,"sd","10:43:44",484200
20.55,0.05,400,"sd","10:43:44",483500
20.55,0.05,2600,"bu","10:43:41",483100
20.55,0.05,200,"bu","10:43:40",480500
20.55,0.05,100,"bu","10:43:33",480300
20.55,0.05,1000,"sd","10:43:03",480200
20.55,0.05,500,"sd","10:43:03",479200
20.55,0.05,600,"sd","10:43:03",478700
20.55,0.05,400,"sd","10:43:01",478100
20.55,0.05,400,"sd","10:43:01",477700
20.55,0.05,1000,"sd","10:43:01",477300
20.55,0.05,100,"sd","10:43:01",476300
20.55,0.05,100,"sd","10:43:01",476200
20.55,0.05,100,"sd","10:42:22",476100
20.55,0.05,100,"sd","10:42:00",476000
20.55,0.05,300,"sd","10:41:36",475900
20.6,0.1,200,"sd","10:41:36",475600
20.6,0.1,200,"sd","10:41:26",475400
20.6,0.1,500,"sd","10:41:07",475200
20.6,0.1,1000,"sd","10:40:56",474700
20.6,0.1,300,"sd","10:39:37",473700
20.6,0.1,200,"sd","10:39:26",473400
20.6,0.1,500,"sd","10:39:17",473200
20.6,0.1,1000,"sd","10:39:17",472700
20.6,0.1,1000,"sd","10:39:17",471700
20.6,0.1,500,"sd","10:39:17",470700
20.7,0.2,1000,"sd","10:36:43",470200
20.7,0.2,100,"sd","10:36:43",469200
20.7,0.2,400,"sd","10:36:43",469100
20.7,0.2,1000,"sd","10:36:08",468700
20.7,0.2,800,"sd","10:36:08",467700
20.7,0.2,300,"sd","10:36:08",466900
20.7,0.2,2000,"sd","10:36:08",466600
20.7,0.2,100,"sd","10:36:08",464600
20.7,0.2,300,"sd","10:36:08",464500
20.7,0.2,200,"sd","10:35:26",464200
20.75,0.25,5500,"sd","10:34:36",464000
20.75,0.25,200,"sd","10:33:51",458500
20.75,0.25,200,"bu","10:33:46",458300
20.75,0.25,300,"bu","10:33:46",458100
20.75,0.25,100,"bu","10:33:46",457800
20.75,0.25,500,"bu","10:33:46",457700
20.75,0.25,200,"bu","10:33:46",457200
20.75,0.25,1000,"bu","10:33:46",457000
20.7,0.2,500,"bu","10:33:45",456000
20.7,0.2,300,"bu","10:33:45",455500
20.7,0.2,1000,"bu","10:33:45",455200
20.7,0.2,200,"bu","10:33:45",454200
20.7,0.2,1300,"bu","10:33:34",454000
20.7,0.2,300,"bu","10:33:34",452700
20.7,0.2,400,"bu","10:33:34",452400
20.7,0.2,3500,"bu","10:33:34",452000
20.7,0.2,1000,"bu","10:33:34",448500
20.7,0.2,500,"bu","10:33:34",447500
20.7,0.2,1000,"bu","10:33:34",447000
20.7,0.2,2000,"bu","10:33:34",446000
20.7,0.2,2700,"bu","10:33:31",444000
20.7,0.2,1300,"bu","10:33:18",441300
20.7,0.2,300,"bu","10:33:18",440000
20.7,0.2,5000,"bu","10:33:18",439700
20.7,0.2,100,"bu","10:33:18",434700
20.7,0.2,200,"bu","10:33:18",434600
20.7,0.2,2000,"bu","10:33:18",434400
20.7,0.2,100,"bu","10:33:18",432400
20.7,0.2,2800,"bu","10:33:18",432300
20.7,0.2,200,"bu","10:33:13",429500
20.7,0.2,2500,"bu","10:33:13",429300
20.7,0.2,100,"bu","10:32:16",426800
20.6,0.1,300,"sd","10:31:44",426700
20.6,0.1,500,"sd","10:31:44",426400
20.6,0.1,1200,"sd","10:31:44",425900
20.7,0.2,100,"bu","10:31:28",424700
20.6,0.1,500,"sd","10:31:15",424600
20.6,0.1,1000,"bu","10:30:18",424100
20.7,0.2,1300,"bu","10:29:11",423100
20.65,0.15,2000,"sd","10:29:07",421800
20.65,0.15,100,"bu","10:29:00",419800
20.65,0.15,2000,"bu","10:29:00",419700
20.65,0.15,100,"bu","10:29:00",417700
20.65,0.15,100,"bu","10:28:59",417600
20.6,0.1,1000,"bu","10:28:25",417500
20.6,0.1,900,"bu","10:28:25",416500
20.6,0.1,2000,"bu","10:28:25",415600
20.6,0.1,1700,"bu","10:28:25",413600
20.6,0.1,200,"bu","10:28:24",411900
20.6,0.1,1000,"bu","10:28:24",411700
20.6,0.1,300,"bu","10:28:24",410700
20.6,0.1,100,"bu","10:28:24",410400
20.6,0.1,200,"bu","10:28:24",410300
20.6,0.1,1000,"bu","10:28:24",410100
20.6,0.1,1000,"bu","10:28:24",409100
20.55,0.05,300,"sd","10:27:19",408100
20.5,0,300,"sd","10:25:58",407800
20.5,0,100,"sd","10:25:58",407500
20.5,0,1900,"bu","10:25:30",407400
20.5,0,100,"bu","10:25:30",405500
20.5,0,1000,"bu","10:25:21",405400
20.4,-0.1,700,"sd","10:24:35",404400
20.4,-0.1,500,"sd","10:24:35",403700
20.45,-0.05,1000,"sd","10:24:25",403200
20.5,0,900,"bu","10:24:09",402200
20.5,0,100,"bu","10:24:09",401300
20.5,0,1000,"bu","10:24:07",401200
20.5,0,100,"bu","10:23:55",400200
20.5,0,1800,"bu","10:23:20",400100
20.5,0,100,"bu","10:23:07",398300
20.5,0,1000,"sd","10:22:32",398200
20.5,0,400,"sd","10:22:32",397200
20.5,0,500,"sd","10:22:32",396800
20.5,0,1000,"sd","10:22:21",396300
20.5,0,200,"sd","10:21:36",395300
20.5,0,300,"sd","10:21:03",395100
20.5,0,100,"sd","10:21:03",394800
20.5,0,3300,"sd","10:21:03",394700
20.6,0.1,2000,"sd","10:17:11",391400
20.6,0.1,100,"sd","10:16:37",389400
20.6,0.1,200,"sd","10:16:37",389300
20.65,0.15,100,"bu","10:16:02",389100
20.65,0.15,700,"bu","10:15:54",389000
20.65,0.15,500,"sd","10:15:43",388300
20.7,0.2,3100,"bu","10:15:16",387800
20.65,0.15,1000,"bu","10:14:33",384700
20.65,0.15,500,"bu","10:14:33",383700
20.6,0.1,1000,"bu","10:14:19",383200
20.6,0.1,200,"bu","10:14:19",382200
20.6,0.1,1000,"bu","10:14:19",382000
20.6,0.1,1700,"bu","10:14:19",381000
20.6,0.1,5000,"bu","10:14:14",379300
20.6,0.1,5000,"bu","10:14:07",374300
20.6,0.1,300,"bu","10:14:02",369300
20.6,0.1,1000,"bu","10:13:58",369000
20.6,0.1,4000,"bu","10:13:58",368000
20.6,0.1,100,"bu","10:13:51",364000
20.55,0.05,3600,"sd","10:13:48",363900
20.55,0.05,100,"sd","10:13:48",360300
20.55,0.05,200,"bu","10:13:40",360200
20.55,0.05,600,"bu","10:13:40",360000
20.5,0,100,"sd","10:13:31",359400
20.55,0.05,200,"bu","10:13:30",359300
20.55,0.05,400,"bu","10:13:23",359100
20.55,0.05,100,"bu","10:13:06",358700
20.5,0,300,"bu","10:11:58",358600
20.5,0,1300,"bu","10:11:58",358300
20.5,0,100,"bu","10:10:41",357000
20.5,0,200,"bu","10:10:40",356900
20.5,0,1000,"bu","10:10:40",356700
20.5,0,3000,"bu","10:10:40",355700
20.5,0,7200,"bu","10:10:40",352700
20.45,-0.05,100,"bu","10:10:24",345500
20.45,-0.05,200,"bu","10:10:24",345400
20.4,-0.1,100,"bu","10:10:08",345200
20.4,-0.1,1600,"bu","10:10:01",345100
20.4,-0.1,4400,"bu","10:10:01",343500
20.35,-0.15,200,"sd","10:09:53",339100
20.35,-0.15,100,"sd","10:09:53",338900
20.4,-0.1,500,"bu","10:09:52",338800
20.4,-0.1,100,"bu","10:09:37",338300
20.4,-0.1,100,"bu","10:08:57",338200
20.4,-0.1,1000,"bu","10:08:39",338100
20.35,-0.15,100,"sd","10:08:37",337100
20.35,-0.15,500,"sd","10:08:37",337000
20.35,-0.15,5000,"sd","10:08:37",336500
20.35,-0.15,100,"sd","10:08:37",331500
20.35,-0.15,200,"sd","10:08:37",331400
20.35,-0.15,1000,"sd","10:08:37",331200
20.35,-0.15,100,"sd","10:08:37",330200
20.35,-0.15,100,"sd","10:08:37",330100
20.35,-0.15,200,"sd","10:08:37",330000
20.35,-0.15,900,"sd","10:08:37",329800
20.35,-0.15,1000,"sd","10:08:37",328900
20.35,-0.15,500,"sd","10:08:37",327900
20.35,-0.15,100,"sd","10:08:37",327400
20.35,-0.15,200,"sd","10:08:37",327300
20.35,-0.15,500,"sd","10:07:47",327100
20.4,-0.1,500,"bu","10:07:41",326600
20.35,-0.15,700,"sd","10:07:24",326100
20.35,-0.15,600,"sd","10:07:10",325400
20.35,-0.15,4000,"sd","10:07:05",324800
20.35,-0.15,2000,"sd","10:06:58",320800
20.35,-0.15,500,"sd","10:06:12",318800
20.35,-0.15,200,"sd","10:06:12",318300
20.35,-0.15,2000,"sd","10:06:12",318100
20.35,-0.15,100,"sd","10:06:12",316100
20.4,-0.1,100,"bu","10:06:04",316000
20.4,-0.1,500,"bu","10:05:28",315900
20.4,-0.1,100,"bu","10:05:16",315400
20.4,-0.1,100,"bu","10:05:11",315300
20.35,-0.15,800,"sd","10:05:00",315200
20.4,-0.1,100,"bu","10:04:54",314400
20.4,-0.1,300,"unknown","10:04:54",314300
20.4,-0.1,1000,"sd","10:04:54",314000
20.4,-0.1,500,"sd","10:04:54",313000
20.4,-0.1,700,"sd","10:04:54",312500
20.4,-0.1,1000,"sd","10:04:48",311800
20.4,-0.1,100,"sd","10:04:33",310800
20.4,-0.1,2000,"sd","10:04:33",310700
20.4,-0.1,100,"sd","10:04:33",308700
20.4,-0.1,1000,"sd","10:04:33",308600
20.4,-0.1,1000,"sd","10:04:33",307600
20.4,-0.1,1900,"sd","10:04:33",306600
20.4,-0.1,4300,"sd","10:04:33",304700
20.4,-0.1,500,"sd","10:04:33",300400
20.4,-0.1,5000,"sd","10:04:33",299900
20.45,-0.05,500,"sd","10:04:10",294900
20.45,-0.05,1000,"sd","10:03:58",294400
20.45,-0.05,1000,"sd","10:03:48",293400
20.45,-0.05,5000,"sd","10:03:47",292400
20.5,0,2300,"bu","10:01:34",287400
20.5,0,2000,"bu","10:01:34",285100
20.5,0,700,"bu","10:01:34",283100
20.5,0,100,"bu","10:00:50",282400
20.4,-0.1,3100,"sd","10:00:41",282300
20.4,-0.1,1000,"sd","10:00:41",279200
20.4,-0.1,900,"sd","10:00:41",278200
20.45,-0.05,5000,"sd","10:00:41",277300
20.4,-0.1,300,"sd","10:00:17",272300
20.45,-0.05,300,"sd","10:00:17",272000
20.4,-0.1,100,"sd","10:00:02",271700
20.5,0,100,"bu","09:59:54",271600
20.4,-0.1,1000,"sd","09:59:49",271500
20.4,-0.1,4300,"sd","09:59:25",270500
20.45,-0.05,100,"sd","09:59:25",266200
20.45,-0.05,600,"sd","09:59:25",266100
20.45,-0.05,400,"sd","09:59:00",265500
20.5,0,100,"sd","09:58:03",265100
20.5,0,100,"sd","09:57:47",265000
20.5,0,1000,"sd","09:57:36",264900
20.5,0,300,"bu","09:57:35",263900
20.5,0,100,"bu","09:57:35",263600
20.5,0,3500,"bu","09:57:35",263500
20.5,0,5000,"bu","09:57:27",260000
20.5,0,500,"sd","09:57:21",255000
20.5,0,300,"unknown","09:57:06",254500
20.5,0,100,"sd","09:56:58",254200
20.4,-0.1,3400,"sd","09:56:42",254100
20.4,-0.1,2400,"sd","09:56:42",250700
20.45,-0.05,1000,"sd","09:56:42",248300
20.5,0,200,"sd","09:56:42",247300
20.5,0,9800,"bu","09:55:49",247100
20.4,-0.1,2700,"sd","09:55:48",237300
20.45,-0.05,1000,"sd","09:55:48",234600
20.45,-0.05,300,"sd","09:55:48",233600
20.45,-0.05,1000,"sd","09:55:48",233300
20.5,0,100,"sd","09:55:22",232300
20.5,0,100,"sd","09:55:22",232200
20.55,0.05,100,"bu","09:54:44",232100
20.5,0,100,"bu","09:54:44",232000
20.5,0,300,"bu","09:54:40",231900
20.5,0,500,"bu","09:54:38",231600
20.5,0,500,"sd","09:54:29",231100
20.5,0,5000,"sd","09:54:29",230600
20.5,0,3200,"sd","09:54:29",225600
20.5,0,500,"sd","09:54:29",222400
20.5,0,8000,"sd","09:54:29",221900
20.5,0,1000,"sd","09:54:29",213900
20.5,0,100,"sd","09:54:29",212900
20.5,0,100,"sd","09:54:29",212800
20.5,0,5000,"sd","09:54:29",212700
20.5,0,500,"sd","09:54:29",207700
20.5,0,100,"sd","09:54:29",207200
20.5,0,100,"sd","09:54:29",207100
20.55,0.05,2000,"sd","09:54:06",207000
20.55,0.05,600,"sd","09:54:06",205000
20.55,0.05,5000,"sd","09:54:06",204400
20.55,0.05,100,"sd","09:54:06",199400
20.55,0.05,100,"sd","09:54:06",199300
20.55,0.05,800,"sd","09:54:06",199200
20.55,0.05,300,"sd","09:53:49",198400
20.55,0.05,1000,"sd","09:53:36",198100
20.6,0.1,1500,"bu","09:53:20",197100
20.6,0.1,500,"bu","09:53:16",195600
20.6,0.1,5000,"bu","09:53:12",195100
20.6,0.1,2000,"sd","09:53:12",190100
20.6,0.1,500,"sd","09:53:12",188100
20.6,0.1,200,"sd","09:53:12",187600
20.6,0.1,100,"sd","09:53:12",187400
20.6,0.1,100,"sd","09:53:12",187300
20.6,0.1,8300,"sd","09:53:12",187200
20.65,0.15,1000,"sd","09:53:12",178900
20.65,0.15,100,"sd","09:53:12",177900
20.65,0.15,300,"sd","09:53:12",177800
20.65,0.15,1000,"sd","09:53:10",177500
20.65,0.15,2000,"sd","09:52:59",176500
20.65,0.15,500,"sd","09:52:39",174500
20.65,0.15,700,"bu","09:52:31",174000
20.65,0.15,500,"bu","09:52:31",173300
20.6,0.1,400,"sd","09:51:52",172800
20.65,0.15,100,"sd","09:51:52",172400
20.6,0.1,300,"sd","09:51:38",172300
20.65,0.15,300,"sd","09:51:38",172000
20.6,0.1,6000,"sd","09:51:14",171700
20.6,0.1,1000,"sd","09:51:14",165700
20.65,0.15,5000,"sd","09:51:14",164700
20.65,0.15,1700,"sd","09:51:14",159700
20.7,0.2,2000,"bu","09:50:46",158000
20.7,0.2,900,"sd","09:50:45",156000
20.7,0.2,600,"sd","09:50:34",155100
20.7,0.2,1000,"sd","09:50:34",154500
20.7,0.2,1000,"sd","09:50:32",153500
20.7,0.2,700,"sd","09:49:53",152500
20.7,0.2,9300,"sd","09:49:38",151800
20.75,0.25,1300,"sd","09:49:17",142500
20.75,0.25,100,"bu","09:49:07",141200
20.75,0.25,1300,"bu","09:49:07",141100
20.75,0.25,200,"bu","09:48:47",139800
20.75,0.25,5000,"bu","09:48:39",139600
20.75,0.25,1000,"bu","09:48:39",134600
20.75,0.25,200,"sd","09:48:35",133600
20.75,0.25,300,"sd","09:48:35",133400
20.8,0.3,2400,"bu","09:48:33",133100
20.8,0.3,500,"bu","09:48:33",130700
20.8,0.3,500,"bu","09:48:33",130200
20.8,0.3,500,"bu","09:48:33",129700
20.8,0.3,100,"bu","09:48:33",129200
20.8,0.3,100,"bu","09:48:33",129100
20.8,0.3,500,"bu","09:48:33",129000
20.8,0.3,100,"bu","09:48:33",128500
20.8,0.3,200,"bu","09:48:33",128400
20.75,0.25,1000,"sd","09:48:30",128200
20.75,0.25,200,"sd","09:48:07",127200
20.75,0.25,100,"bu","09:48:04",127000
20.75,0.25,3400,"bu","09:48:04",126900
20.7,0.2,100,"sd","09:47:51",123500
20.7,0.2,200,"sd","09:47:35",123400
20.7,0.2,500,"sd","09:47:35",123200
20.7,0.2,200,"sd","09:47:35",122700
20.7,0.2,17300,"sd","09:47:35",122500
20.7,0.2,4000,"sd","09:47:35",105200
20.7,0.2,2700,"bu","09:47:35",101200
20.65,0.15,300,"bu","09:47:29",98500
20.65,0.15,1000,"bu","09:47:29",98200
20.65,0.15,100,"bu","09:47:17",97200
20.65,0.15,1400,"bu","09:47:12",97100
20.65,0.15,1600,"bu","09:47:12",95700
20.65,0.15,400,"bu","09:46:45",94100
20.65,0.15,100,"bu","09:46:45",93700
20.7,0.2,100,"bu","09:45:41",93600
20.55,0.05,900,"sd","09:45:38",93500
20.6,0.1,700,"sd","09:45:38",92600
20.6,0.1,400,"sd","09:45:38",91900
20.6,0.1,300,"sd","09:44:51",91500
20.6,0.1,1800,"sd","09:44:50",91200
20.6,0.1,200,"sd","09:44:18",89400
20.7,0.2,100,"bu","09:44:08",89200
20.6,0.1,400,"sd","09:43:43",89100
20.6,0.1,1000,"sd","09:43:43",88700
20.6,0.1,600,"sd","09:43:43",87700
20.7,0.2,2100,"sd","09:43:26",87100
20.7,0.2,500,"sd","09:43:21",85000
20.75,0.25,1900,"bu","09:43:17",84500
20.75,0.25,100,"bu","09:43:17",82600
20.7,0.2,300,"bu","09:43:17",82500
20.7,0.2,100,"bu","09:43:17",82200
20.7,0.2,2000,"bu","09:43:17",82100
20.7,0.2,1000,"bu","09:42:51",80100
20.7,0.2,2000,"sd","09:42:44",79100
20.7,0.2,500,"bu","09:42:30",77100
20.7,0.2,200,"bu","09:42:30",76600
20.7,0.2,1300,"bu","09:42:29",76400
20.7,0.2,3700,"bu","09:41:53",75100
20.7,0.2,1000,"bu","09:41:53",71400
20.7,0.2,1500,"bu","09:41:53",70400
20.7,0.2,400,"bu","09:41:53",68900
20.7,0.2,100,"bu","09:41:53",68500
20.7,0.2,400,"bu","09:41:53",68400
20.7,0.2,500,"bu","09:41:53",68000
20.7,0.2,200,"bu","09:41:53",67500
20.7,0.2,100,"bu","09:41:53",67300
20.7,0.2,100,"bu","09:41:53",67200
20.6,0.1,400,"sd","09:41:51",67100
20.6,0.1,100,"sd","09:41:51",66700
20.6,0.1,1000,"sd","09:41:36",66600
20.6,0.1,500,"sd","09:41:31",65600
20.6,0.1,800,"sd","09:41:15",65100
20.6,0.1,700,"bu","09:40:57",64300
20.6,0.1,500,"bu","09:40:44",63600
20.6,0.1,300,"bu","09:40:32",63100
20.6,0.1,400,"bu","09:40:27",62800
20.6,0.1,100,"sd","09:40:19",62400
20.6,0.1,900,"sd","09:40:04",62300
20.6,0.1,100,"sd","09:40:04",61400
20.6,0.1,100,"sd","09:40:00",61300
20.6,0.1,900,"sd","09:40:00",61200
20.6,0.1,1000,"sd","09:39:34",60300
20.6,0.1,2000,"sd","09:38:17",59300
20.6,0.1,500,"bu","09:38:16",57300
20.6,0.1,100,"bu","09:38:16",56800
20.6,0.1,500,"bu","09:38:08",56700
20.6,0.1,4900,"bu","09:38:04",56200
20.6,0.1,100,"bu","09:38:04",51300
20.6,0.1,1000,"bu","09:37:35",51200
20.6,0.1,2000,"bu","09:37:16",50200
20.6,0.1,700,"bu","09:37:16",48200
20.6,0.1,200,"bu","09:36:59",47500
20.6,0.1,500,"bu","09:36:59",47300
20.6,0.1,1000,"bu","09:36:59",46800
20.6,0.1,3300,"bu","09:36:59",45800
20.6,0.1,1500,"bu","09:36:12",42500
20.6,0.1,1000,"bu","09:35:18",41000
20.6,0.1,100,"bu","09:35:11",40000
20.6,0.1,400,"bu","09:35:09",39900
20.6,0.1,100,"bu","09:35:02",39500
20.6,0.1,500,"bu","09:35:02",39400
20.6,0.1,500,"bu","09:35:02",38900
20.6,0.1,1000,"bu","09:35:02",38400
20.6,0.1,1900,"bu","09:35:02",37400
20.6,0.1,100,"bu","09:34:16",35500
20.6,0.1,100,"bu","09:34:16",35400
20.6,0.1,700,"bu","09:34:16",35300
20.55,0.05,100,"bu","09:34:16",34600
20.5,0,100,"sd","09:34:08",34500
20.5,0,200,"bu","09:32:37",34400
20.5,0,200,"bu","09:32:37",34200
20.5,0,200,"bu","09:32:37",34000
20.5,0,200,"bu","09:32:37",33800
20.5,0,200,"bu","09:32:37",33600
20.5,0,200,"bu","09:32:37",33400
20.5,0,200,"bu","09:32:37",33200
20.5,0,100,"bu","09:32:37",33000
20.5,0,200,"bu","09:32:37",32900
20.5,0,200,"bu","09:32:37",32700
20.4,-0.1,4900,"sd","09:31:35",32500
20.4,-0.1,100,"sd","09:31:35",27600
20.5,0,100,"bu","09:31:24",27500
20.4,-0.1,100,"sd","09:30:32",27400
20.4,-0.1,100,"sd","09:30:32",27300
20.4,-0.1,2900,"sd","09:28:26",27200
20.5,0,100,"sd","09:28:26",24300
20.6,0.1,100,"bu","09:27:38",24200
20.4,-0.1,400,"sd","09:26:20",24100
20.45,-0.05,200,"sd","09:26:20",23700
20.45,-0.05,500,"sd","09:25:15",23500
20.4,-0.1,100,"sd","09:21:51",23000
20.45,-0.05,2000,"sd","09:21:51",22900
20.45,-0.05,500,"sd","09:21:51",20900
20.5,0,300,"sd","09:21:51",20400
20.5,0,1000,"sd","09:21:51",20100
20.5,0,500,"sd","09:21:51",19100
20.5,0,1000,"bu","09:21:35",18600
20.5,0,1500,"bu","09:21:14",17600
20.5,0,500,"bu","09:21:10",16100
20.5,0,300,"bu","09:20:38",15600
20.5,0,900,"bu","09:20:38",15300
20.5,0,2000,"bu","09:20:38",14400
20.5,0,3000,"bu","09:20:38",12400
20.5,0,1500,"bu","09:20:38",9400
20.5,0,300,"bu","09:20:38",7900
20.5,0,100,"bu","09:20:34",7600
20.5,0,100,"bu","09:20:24",7500
20.5,0,900,"bu","09:20:24",7400
20.45,-0.05,100,"sd","09:18:56",6500
20.45,-0.05,4900,"bu","09:18:40",6400
20.3,-0.2,100,"sd","09:17:49",1500
20.45,-0.05,100,"bu","09:17:11",1400
20.45,-0.05,900,"bu","09:17:11",1300
20.45,-0.05,100,"sd","09:16:07",400
20.5,0,300,"bu","09:15:01",300
