"price","change","match_qtty","side","time","total_vol"
95.4,-1.1,44700,"unknown","14:45:01",613400
94.3,-2.2,100,"bu","14:29:59",568700
94.3,-2.2,500,"bu","14:29:32",568600
94.3,-2.2,500,"bu","14:29:32",568100
94,-2.5,400,"sd","14:29:01",567600
94,-2.5,500,"sd","14:28:16",567200
94,-2.5,100,"sd","14:28:16",566700
94,-2.5,100,"sd","14:28:16",566600
94,-2.5,100,"sd","14:28:16",566500
94,-2.5,100,"sd","14:28:16",566400
94,-2.5,100,"sd","14:28:16",566300
93.9,-2.6,500,"sd","14:27:04",566200
94,-2.5,200,"unknown","14:27:04",565700
94,-2.5,200,"sd","14:26:56",565500
94,-2.5,100,"sd","14:26:56",565300
94,-2.5,200,"sd","14:26:56",565200
94,-2.5,200,"sd","14:26:56",565000
94,-2.5,100,"sd","14:26:56",564800
94,-2.5,200,"sd","14:26:56",564700
94,-2.5,700,"sd","14:26:56",564500
94,-2.5,200,"sd","14:26:56",563800
94,-2.5,400,"sd","14:26:56",563600
94,-2.5,100,"sd","14:26:56",563200
94,-2.5,200,"sd","14:26:56",563100
94,-2.5,400,"sd","14:26:56",562900
94,-2.5,100,"sd","14:25:11",562500
94,-2.5,400,"sd","14:25:11",562400
94,-2.5,100,"sd","14:25:11",562000
94,-2.5,200,"sd","14:25:11",561900
94,-2.5,100,"sd","14:25:11",561700
94,-2.5,100,"sd","14:25:11",561600
94,-2.5,800,"sd","14:24:52",561500
94,-2.5,100,"sd","14:24:52",560700
94,-2.5,100,"sd","14:24:52",560600
94,-2.5,100,"sd","14:24:52",560500
94,-2.5,100,"sd","14:24:52",560400
94,-2.5,100,"sd","14:24:52",560300
94,-2.5,100,"sd","14:24:52",560200
94,-2.5,200,"sd","14:24:52",560100
94,-2.5,200,"sd","14:24:52",559900
94,-2.5,200,"sd","14:24:52",559700
94,-2.5,100,"sd","14:24:52",559500
94,-2.5,100,"sd","14:24:52",559400
94,-2.5,200,"sd","14:24:52",559300
94,-2.5,200,"sd","14:24:47",559100
94,-2.5,2500,"sd","14:24:47",558900
94,-2.5,600,"sd","14:24:46",556400
94,-2.5,500,"sd","14:24:46",555800
94.2,-2.3,500,"sd","14:24:46",555300
94.2,-2.3,300,"sd","14:24:46",554800
94,-2.5,400,"sd","14:24:46",554500
94.1,-2.4,500,"sd","14:24:46",554100
94.2,-2.3,500,"sd","14:24:46",553600
94.2,-2.3,600,"sd","14:24:35",553100
94.2,-2.3,600,"sd","14:24:34",552500
94.2,-2.3,100,"sd","14:24:34",551900
94.2,-2.3,100,"sd","14:24:34",551800
94.2,-2.3,600,"sd","14:24:34",551700
94.2,-2.3,1200,"sd","14:24:34",551100
94.2,-2.3,1000,"sd","14:24:34",549900
94.2,-2.3,900,"sd","14:24:34",548900
94.2,-2.3,500,"sd","14:24:34",548000
94.2,-2.3,200,"sd","14:24:34",547500
94.2,-2.3,1100,"sd","14:24:34",547300
94.2,-2.3,700,"sd","14:24:34",546200
94.2,-2.3,100,"sd","14:24:34",545500
94.2,-2.3,100,"sd","14:24:04",545400
94.2,-2.3,800,"sd","14:23:43",545300
94.3,-2.2,300,"sd","14:23:43",544500
94.3,-2.2,100,"sd","14:23:37",544200
94.3,-2.2,1300,"sd","14:23:36",544100
94.3,-2.2,900,"sd","14:23:36",542800
94.3,-2.2,1100,"sd","14:23:26",541900
94.4,-2.1,100,"sd","14:23:11",540800
94.4,-2.1,100,"sd","14:23:11",540700
94.4,-2.1,100,"sd","14:23:11",540600
94.4,-2.1,300,"sd","14:23:11",540500
94.4,-2.1,100,"sd","14:23:10",540200
94.4,-2.1,100,"sd","14:23:10",540100
94.4,-2.1,200,"sd","14:23:07",540000
94.4,-2.1,200,"sd","14:22:57",539800
94.4,-2.1,100,"sd","14:22:56",539600
94.4,-2.1,100,"sd","14:22:56",539500
94.4,-2.1,100,"sd","14:22:56",539400
94.4,-2.1,200,"sd","14:22:49",539300
94.7,-1.8,500,"bu","14:22:49",539100
94.4,-2.1,100,"sd","14:22:43",538600
94.4,-2.1,400,"sd","14:22:32",538500
94.4,-2.1,200,"sd","14:22:24",538100
94.4,-2.1,100,"sd","14:22:17",537900
94.4,-2.1,200,"sd","14:22:17",537800
94.4,-2.1,300,"sd","14:22:17",537600
94.4,-2.1,200,"sd","14:22:17",537300
94.4,-2.1,200,"sd","14:22:17",537100
94.4,-2.1,900,"sd","14:22:17",536900
94.4,-2.1,100,"sd","14:22:17",536000
94.4,-2.1,100,"unknown","14:22:03",535900
94.4,-2.1,400,"unknown","14:22:03",535800
94.4,-2.1,100,"sd","14:22:03",535400
94.4,-2.1,200,"sd","14:22:03",535300
94.4,-2.1,100,"sd","14:22:03",535100
94.4,-2.1,100,"sd","14:22:03",535000
94.4,-2.1,800,"sd","14:21:54",534900
94.4,-2.1,100,"sd","14:21:25",534100
94.4,-2.1,100,"bu","14:21:17",534000
94.4,-2.1,100,"sd","14:21:12",533900
94.6,-1.9,100,"bu","14:21:00",533800
94.6,-1.9,700,"bu","14:21:00",533700
94.6,-1.9,1200,"bu","14:21:00",533000
94.4,-2.1,100,"sd","14:20:57",531800
94.4,-2.1,1000,"sd","14:20:57",531700
94.6,-1.9,200,"bu","14:20:43",530700
94.6,-1.9,300,"bu","14:20:43",530500
94.6,-1.9,600,"bu","14:20:43",530200
94.7,-1.8,100,"bu","14:20:27",529600
94.2,-2.3,100,"sd","14:17:50",529500
94.7,-1.8,100,"sd","14:17:34",529400
94.7,-1.8,100,"sd","14:17:34",529300
94.7,-1.8,100,"sd","14:17:34",529200
94.7,-1.8,500,"sd","14:17:34",529100
94.7,-1.8,100,"sd","14:17:34",528600
94.7,-1.8,100,"sd","14:17:34",528500
94.7,-1.8,200,"sd","14:17:34",528400
94.8,-1.7,1000,"sd","14:17:26",528200
94.8,-1.7,100,"sd","14:17:18",527200
94.8,-1.7,400,"sd","14:17:18",527100
94.8,-1.7,100,"sd","14:17:12",526700
94.8,-1.7,100,"sd","14:17:07",526600
94.9,-1.6,200,"bu","14:16:43",526500
94.9,-1.6,500,"bu","14:16:43",526300
94.9,-1.6,400,"bu","14:16:43",525800
94.9,-1.6,600,"bu","14:16:36",525400
94.9,-1.6,300,"bu","14:16:36",524800
94.9,-1.6,1000,"bu","14:16:36",524500
94.9,-1.6,1100,"bu","14:16:27",523500
94.9,-1.6,100,"bu","14:16:20",522400
94.9,-1.6,400,"bu","14:16:20",522300
94.9,-1.6,500,"bu","14:16:20",521900
94.9,-1.6,400,"bu","14:16:20",521400
94.9,-1.6,400,"bu","14:16:20",521000
94.6,-1.9,500,"bu","14:16:15",520600
94.5,-2,500,"bu","14:16:15",520100
94.5,-2,1100,"bu","14:16:15",519600
94.5,-2,200,"sd","14:16:14",518500
94.6,-1.9,2200,"bu","14:16:13",518300
94.5,-2,500,"sd","14:16:13",516100
94.5,-2,100,"sd","14:16:13",515600
94.5,-2,100,"sd","14:16:13",515500
94.5,-2,100,"sd","14:16:13",515400
94.6,-1.9,1100,"bu","14:16:09",515300
94.6,-1.9,700,"bu","14:16:06",514200
94.6,-1.9,200,"bu","14:16:06",513500
94.6,-1.9,900,"bu","14:16:06",513300
94.5,-2,500,"bu","14:15:55",512400
94.5,-2,400,"bu","14:15:55",511900
94.5,-2,400,"bu","14:15:55",511500
94.5,-2,800,"bu","14:15:55",511100
94.5,-2,1200,"bu","14:15:55",510300
94.5,-2,1000,"bu","14:15:52",509100
94.5,-2,300,"bu","14:15:52",508100
94.5,-2,400,"bu","14:15:52",507800
94.3,-2.2,1100,"bu","14:15:37",507400
94.3,-2.2,700,"bu","14:15:35",506300
94.3,-2.2,200,"bu","14:15:35",505600
94.3,-2.2,200,"bu","14:15:35",505400
94.3,-2.2,500,"bu","14:15:15",505200
94.3,-2.2,100,"bu","14:15:10",504700
94.3,-2.2,100,"bu","14:15:10",504600
94.3,-2.2,700,"bu","14:15:10",504500
94.2,-2.3,1300,"bu","14:15:10",503800
94.1,-2.4,600,"bu","14:15:01",502500
94.1,-2.4,400,"bu","14:14:46",501900
94.1,-2.4,400,"bu","14:14:46",501500
94.1,-2.4,100,"bu","14:14:46",501100
94.1,-2.4,100,"bu","14:14:46",501000
94.1,-2.4,100,"bu","14:14:46",500900
94.1,-2.4,100,"bu","14:14:46",500800
94.1,-2.4,100,"bu","14:14:46",500700
94.1,-2.4,100,"bu","14:14:44",500600
94,-2.5,1300,"bu","14:13:57",500500
94,-2.5,1500,"bu","14:13:57",499200
94,-2.5,1500,"bu","14:13:57",497700
94,-2.5,100,"bu","14:13:57",496200
94,-2.5,300,"bu","14:13:57",496100
94,-2.5,200,"bu","14:13:57",495800
94,-2.5,300,"bu","14:13:57",495600
94,-2.5,300,"bu","14:13:57",495300
94,-2.5,500,"bu","14:13:57",495000
94,-2.5,100,"bu","14:13:55",494500
94,-2.5,1100,"bu","14:13:52",494400
94,-2.5,100,"bu","14:13:38",493300
94,-2.5,100,"bu","14:13:25",493200
94,-2.5,1100,"bu","14:13:17",493100
94,-2.5,500,"bu","14:13:17",492000
94,-2.5,100,"bu","14:13:16",491500
94,-2.5,1000,"bu","14:13:14",491400
94,-2.5,3300,"bu","14:13:05",490400
94,-2.5,1700,"bu","14:13:02",487100
94,-2.5,1100,"bu","14:12:56",485400
94,-2.5,3300,"bu","14:12:48",484300
94,-2.5,1100,"bu","14:12:44",481000
94,-2.5,200,"bu","14:12:35",479900
94,-2.5,300,"bu","14:12:33",479700
94,-2.5,1100,"bu","14:12:32",479400
94,-2.5,1100,"bu","14:12:22",478300
93.9,-2.6,200,"bu","14:11:43",477200
93.9,-2.6,100,"bu","14:11:43",477000
93.9,-2.6,800,"bu","14:11:43",476900
93.9,-2.6,300,"bu","14:11:43",476100
93.9,-2.6,200,"bu","14:11:43",475800
93.9,-2.6,200,"bu","14:11:43",475600
93.9,-2.6,200,"bu","14:11:43",475400
93.9,-2.6,100,"bu","14:11:43",475200
93.9,-2.6,100,"bu","14:11:43",475100
93.9,-2.6,200,"bu","14:11:43",475000
93.9,-2.6,100,"bu","14:11:43",474800
93.9,-2.6,200,"bu","14:11:37",474700
93.9,-2.6,300,"bu","14:11:36",474500
93.9,-2.6,200,"bu","14:11:36",474200
93.9,-2.6,600,"bu","14:11:36",474000
93.9,-2.6,300,"bu","14:11:00",473400
93.9,-2.6,200,"bu","14:11:00",473100
93.9,-2.6,600,"bu","14:11:00",472900
93.9,-2.6,200,"bu","14:10:58",472300
93.6,-2.9,3500,"sd","14:10:53",472100
93.6,-2.9,100,"sd","14:10:53",468600
93.6,-2.9,100,"sd","14:10:53",468500
93.6,-2.9,400,"sd","14:10:53",468400
93.6,-2.9,100,"sd","14:10:53",468000
93.7,-2.8,1100,"sd","14:10:53",467900
93.6,-2.9,900,"sd","14:10:53",466800
93.7,-2.8,200,"sd","14:10:53",465900
93.6,-2.9,100,"sd","14:10:53",465700
93.6,-2.9,200,"sd","14:10:53",465500
93.7,-2.8,100,"sd","14:10:53",465600
93.7,-2.8,700,"sd","14:10:53",465300
93.7,-2.8,100,"sd","14:10:53",464600
93.7,-2.8,100,"sd","14:10:53",464500
93.8,-2.7,100,"sd","14:10:53",464400
93.8,-2.7,1100,"sd","14:10:53",464300
93.7,-2.8,1000,"sd","14:10:53",463200
93.8,-2.7,500,"sd","14:10:53",462200
93.7,-2.8,100,"sd","14:10:53",461700
93.8,-2.7,1000,"sd","14:10:53",461600
93.7,-2.8,1000,"sd","14:10:53",460600
93.7,-2.8,1000,"sd","14:10:53",459600
93.7,-2.8,1100,"sd","14:10:53",458600
93.7,-2.8,3300,"sd","14:10:53",457500
93.7,-2.8,100,"sd","14:10:53",454200
93.8,-2.7,100,"sd","14:10:43",454100
93.8,-2.7,100,"sd","14:10:33",454000
93.8,-2.7,800,"sd","14:10:28",453900
93.8,-2.7,100,"sd","14:10:28",453100
93.8,-2.7,100,"sd","14:10:28",453000
93.8,-2.7,900,"sd","14:10:23",452900
93.8,-2.7,1000,"sd","14:10:23",452000
93.8,-2.7,100,"sd","14:10:23",451000
93.8,-2.7,200,"sd","14:10:22",450900
93.8,-2.7,200,"sd","14:10:19",450700
93.8,-2.7,100,"sd","14:10:17",450500
93.8,-2.7,500,"sd","14:10:05",450400
93.8,-2.7,200,"sd","14:10:05",449900
93.8,-2.7,200,"sd","14:10:05",449700
93.8,-2.7,100,"sd","14:10:05",449500
93.8,-2.7,1000,"sd","14:10:05",449400
93.8,-2.7,100,"sd","14:10:05",448400
93.8,-2.7,200,"sd","14:10:05",448300
93.8,-2.7,900,"sd","14:10:05",448100
93.8,-2.7,400,"sd","14:10:05",447200
93.8,-2.7,200,"sd","14:10:05",446800
93.8,-2.7,200,"sd","14:10:05",446600
93.8,-2.7,300,"sd","14:10:05",446400
93.8,-2.7,100,"sd","14:10:05",446100
93.8,-2.7,100,"sd","14:10:05",446000
93.8,-2.7,100,"sd","14:10:05",445900
93.8,-2.7,100,"sd","14:10:05",445800
93.8,-2.7,300,"sd","14:10:05",445700
93.8,-2.7,900,"sd","14:09:56",445400
93.8,-2.7,1000,"sd","14:09:56",444500
93.8,-2.7,400,"sd","14:09:56",443500
93.8,-2.7,200,"sd","14:09:40",443100
93.8,-2.7,400,"sd","14:09:14",442900
93.8,-2.7,100,"sd","14:09:14",442500
93.8,-2.7,100,"sd","14:09:14",442400
93.8,-2.7,100,"sd","14:09:14",442300
93.8,-2.7,1000,"sd","14:09:14",442200
93.8,-2.7,100,"sd","14:09:14",441200
93.8,-2.7,200,"sd","14:09:14",441100
93.9,-2.6,500,"bu","14:08:44",440900
93.9,-2.6,300,"bu","14:08:44",440400
93.9,-2.6,200,"bu","14:08:44",440100
93.9,-2.6,100,"bu","14:08:44",439900
93.9,-2.6,100,"bu","14:08:43",439800
93.9,-2.6,200,"bu","14:08:43",439700
93.9,-2.6,200,"bu","14:08:43",439500
93.9,-2.6,500,"bu","14:08:43",439300
93.9,-2.6,100,"bu","14:08:43",438800
93.9,-2.6,200,"bu","14:08:37",438700
93.9,-2.6,100,"bu","14:08:30",438500
93.8,-2.7,900,"sd","14:07:57",438400
93.8,-2.7,200,"bu","14:07:34",437500
93.8,-2.7,500,"bu","14:07:31",437300
93.8,-2.7,1000,"bu","14:07:25",436800
93.8,-2.7,100,"bu","14:07:19",435800
93.8,-2.7,100,"bu","14:07:15",435700
93.7,-2.8,300,"sd","14:06:47",435600
93.7,-2.8,800,"sd","14:06:47",435300
93.7,-2.8,100,"sd","14:06:38",434500
93.7,-2.8,900,"sd","14:06:38",434400
93.7,-2.8,1100,"sd","14:06:26",433500
93.8,-2.7,100,"sd","14:06:22",432400
93.8,-2.7,900,"sd","14:06:19",432300
93.8,-2.7,1100,"sd","14:06:19",431400
93.8,-2.7,100,"sd","14:06:19",430300
93.8,-2.7,700,"sd","14:06:19",430200
93.8,-2.7,100,"sd","14:06:19",429500
93.8,-2.7,1000,"sd","14:06:19",429400
93.8,-2.7,500,"sd","14:06:19",428400
93.8,-2.7,600,"sd","14:06:19",427900
93.8,-2.7,1100,"sd","14:06:16",427300
93.8,-2.7,100,"sd","14:06:01",426200
93.8,-2.7,1000,"sd","14:06:01",426100
93.8,-2.7,100,"sd","14:05:58",425100
93.8,-2.7,800,"sd","14:05:58",425000
93.8,-2.7,1000,"sd","14:05:58",424200
93.8,-2.7,100,"sd","14:05:58",423200
93.8,-2.7,1000,"sd","14:05:47",423100
93.8,-2.7,100,"sd","14:05:47",422100
93.9,-2.6,300,"sd","14:05:37",422000
93.9,-2.6,100,"sd","14:05:37",421700
93.9,-2.6,200,"sd","14:05:37",421600
93.9,-2.6,100,"sd","14:05:37",421400
93.9,-2.6,1000,"sd","14:05:37",421300
93.9,-2.6,100,"sd","14:05:37",420300
93.9,-2.6,500,"sd","14:05:37",420200
93.9,-2.6,100,"sd","14:05:37",419700
93.9,-2.6,100,"sd","14:05:37",419600
93.9,-2.6,600,"sd","14:05:37",419500
93.9,-2.6,700,"sd","14:05:37",418900
93.9,-2.6,200,"sd","14:05:37",418200
93.9,-2.6,300,"sd","14:05:37",418000
93.9,-2.6,1000,"sd","14:05:37",417700
93.9,-2.6,100,"sd","14:05:37",416700
93.9,-2.6,100,"sd","14:05:37",416600
93.9,-2.6,100,"sd","14:05:37",416500
93.9,-2.6,1100,"sd","14:05:35",416400
93.9,-2.6,1100,"sd","14:05:31",415300
93.9,-2.6,100,"sd","14:05:31",414200
94,-2.5,100,"bu","14:05:31",414100
93.9,-2.6,100,"sd","14:05:24",414000
93.9,-2.6,400,"sd","14:05:17",413900
93.9,-2.6,500,"sd","14:05:17",413500
93.9,-2.6,400,"sd","14:05:17",413000
93.9,-2.6,400,"sd","14:05:16",412600
93.9,-2.6,300,"sd","14:05:16",412200
93.9,-2.6,800,"sd","14:05:16",411900
93.9,-2.6,300,"sd","14:05:16",411100
93.9,-2.6,100,"sd","14:05:16",410800
93.9,-2.6,1100,"sd","14:05:16",410700
93.9,-2.6,700,"sd","14:05:16",409600
93.9,-2.6,100,"sd","14:04:58",408900
93.9,-2.6,200,"sd","14:04:17",408800
93.9,-2.6,100,"sd","14:04:17",408600
93.9,-2.6,700,"sd","14:04:17",408500
94,-2.5,1100,"bu","14:04:09",407800
94,-2.5,100,"sd","14:03:59",406700
94,-2.5,1000,"sd","14:03:53",406600
94,-2.5,100,"sd","14:03:08",405600
94,-2.5,100,"sd","14:03:08",405500
94,-2.5,300,"sd","14:03:08",405400
94,-2.5,200,"sd","14:03:08",405100
94,-2.5,100,"sd","14:03:08",404900
94,-2.5,100,"sd","14:03:08",404800
94,-2.5,200,"sd","14:03:08",404700
94,-2.5,100,"sd","14:03:08",404500
94,-2.5,200,"sd","14:03:08",404400
94,-2.5,200,"sd","14:03:08",404200
94,-2.5,500,"sd","14:02:55",404000
94,-2.5,100,"sd","14:02:55",403500
94,-2.5,300,"sd","14:02:55",403400
94,-2.5,100,"sd","14:02:55",403100
94,-2.5,100,"sd","14:02:55",403000
94,-2.5,400,"sd","14:02:40",402900
94,-2.5,300,"sd","14:02:40",402500
94,-2.5,100,"sd","14:02:40",402200
94,-2.5,300,"sd","14:02:40",402100
94.1,-2.4,1100,"bu","14:02:26",401800
94.1,-2.4,100,"sd","14:02:23",400700
94.1,-2.4,700,"sd","14:02:23",400600
94.1,-2.4,400,"bu","14:01:52",399900
94.1,-2.4,200,"bu","14:01:17",399500
94.1,-2.4,1100,"bu","14:01:17",399300
94.1,-2.4,100,"sd","14:01:13",398200
94.1,-2.4,200,"sd","14:01:13",398100
94.2,-2.3,200,"bu","14:00:43",397900
94.2,-2.3,300,"bu","14:00:43",397700
94.2,-2.3,200,"bu","14:00:43",397400
94.2,-2.3,300,"bu","14:00:43",397200
94.2,-2.3,100,"bu","14:00:43",396900
94.2,-2.3,100,"bu","14:00:25",396800
94.1,-2.4,700,"sd","14:00:23",396700
94.1,-2.4,200,"bu","14:00:09",396000
94.1,-2.4,200,"bu","14:00:09",395800
94.1,-2.4,100,"bu","14:00:09",395600
94.1,-2.4,800,"bu","14:00:08",395500
94.1,-2.4,200,"bu","14:00:08",394700
94.1,-2.4,100,"bu","14:00:08",394500
94.1,-2.4,100,"bu","14:00:08",394400
94.1,-2.4,700,"bu","14:00:08",394300
94.1,-2.4,300,"bu","14:00:08",393600
94.1,-2.4,100,"bu","14:00:08",393300
94.1,-2.4,100,"bu","13:59:37",393200
94.1,-2.4,200,"bu","13:59:37",393100
94.1,-2.4,100,"bu","13:59:37",392900
94.1,-2.4,300,"bu","13:59:37",392800
94.1,-2.4,200,"bu","13:59:37",392500
94.1,-2.4,200,"bu","13:59:37",392300
94.1,-2.4,900,"bu","13:59:35",392100
94.1,-2.4,200,"bu","13:59:35",391200
94.1,-2.4,1100,"bu","13:59:34",391000
94.1,-2.4,300,"bu","13:59:26",389900
94.1,-2.4,200,"bu","13:59:26",389600
94.1,-2.4,200,"bu","13:59:26",389400
94.1,-2.4,300,"bu","13:59:26",389200
94.1,-2.4,200,"bu","13:59:26",388900
94.1,-2.4,500,"bu","13:59:26",388700
94,-2.5,200,"sd","13:59:11",388200
94,-2.5,1900,"bu","13:59:06",388000
94,-2.5,1000,"bu","13:59:05",386100
94,-2.5,1000,"bu","13:59:05",385100
94,-2.5,1100,"bu","13:59:00",384100
94,-2.5,500,"bu","13:58:58",383000
94,-2.5,1000,"bu","13:58:51",382500
94,-2.5,100,"bu","13:58:41",381500
94,-2.5,1100,"bu","13:58:34",381400
94,-2.5,1800,"bu","13:58:32",380300
94,-2.5,100,"bu","13:58:32",378500
94,-2.5,100,"bu","13:58:32",378400
94,-2.5,1300,"bu","13:58:32",378300
94,-2.5,1100,"bu","13:58:26",377000
94,-2.5,1000,"bu","13:58:17",375900
94,-2.5,10000,"bu","13:58:12",374900
94,-2.5,1000,"bu","13:58:10",364900
94,-2.5,1100,"bu","13:58:03",363900
94,-2.5,1100,"bu","13:57:58",362800
94,-2.5,100,"bu","13:57:54",361700
94,-2.5,1100,"bu","13:57:52",361600
94,-2.5,1100,"bu","13:57:50",360500
94,-2.5,400,"bu","13:57:48",359400
94,-2.5,1100,"bu","13:57:18",359000
94,-2.5,3300,"bu","13:57:04",357900
93.9,-2.6,400,"sd","13:56:43",354600
93.9,-2.6,100,"sd","13:56:43",354200
93.9,-2.6,500,"sd","13:56:43",354100
93.9,-2.6,1000,"sd","13:56:40",353600
93.9,-2.6,500,"sd","13:56:01",352600
93.9,-2.6,100,"sd","13:56:01",352100
93.9,-2.6,1000,"sd","13:56:01",352000
93.9,-2.6,400,"sd","13:56:01",351000
94,-2.5,100,"bu","13:55:55",350600
93.9,-2.6,1000,"sd","13:55:53",350500
93.9,-2.6,400,"sd","13:55:53",349500
93.9,-2.6,600,"sd","13:55:53",349100
93.9,-2.6,100,"sd","13:54:44",348500
93.9,-2.6,200,"sd","13:54:44",348400
93.9,-2.6,700,"sd","13:54:44",348200
94,-2.5,100,"bu","13:54:40",347500
94,-2.5,100,"bu","13:54:29",347400
94,-2.5,1100,"bu","13:54:26",347300
94,-2.5,100,"bu","13:54:16",346200
93.9,-2.6,100,"sd","13:54:04",346100
93.9,-2.6,100,"sd","13:54:04",346000
93.9,-2.6,1000,"sd","13:54:04",345900
93.9,-2.6,100,"sd","13:54:04",344900
93.9,-2.6,600,"sd","13:54:04",344800
93.9,-2.6,500,"sd","13:54:04",344200
93.9,-2.6,500,"sd","13:54:04",343700
93.9,-2.6,1000,"sd","13:54:04",343200
93.9,-2.6,100,"sd","13:54:04",342200
94,-2.5,100,"bu","13:54:00",342100
94,-2.5,200,"bu","13:53:52",342000
93.9,-2.6,100,"sd","13:53:48",341800
94,-2.5,1100,"sd","13:53:39",341700
94,-2.5,3400,"sd","13:53:39",340600
94,-2.5,1000,"sd","13:53:38",337200
94,-2.5,600,"bu","13:53:15",336200
94,-2.5,100,"bu","13:53:11",335600
94,-2.5,500,"sd","13:53:02",335500
94,-2.5,500,"sd","13:53:02",335000
94,-2.5,100,"sd","13:53:02",334500
94,-2.5,200,"sd","13:52:51",334400
94,-2.5,200,"sd","13:52:51",334200
94,-2.5,100,"sd","13:52:51",334000
94,-2.5,100,"sd","13:52:51",333900
94,-2.5,300,"sd","13:52:51",333800
94,-2.5,700,"sd","13:52:51",333500
94,-2.5,100,"sd","13:52:51",332800
94,-2.5,100,"sd","13:52:51",332700
94,-2.5,400,"sd","13:52:22",332600
94,-2.5,100,"sd","13:52:22",332200
94,-2.5,100,"sd","13:52:22",332100
94,-2.5,100,"sd","13:52:22",332000
94,-2.5,200,"sd","13:52:21",331900
94,-2.5,100,"sd","13:52:21",331700
94.1,-2.4,1200,"bu","13:52:09",331600
94.2,-2.3,500,"bu","13:52:04",330400
94.2,-2.3,600,"bu","13:52:04",329900
94,-2.5,400,"bu","13:52:03",329300
94,-2.5,500,"bu","13:51:48",328900
94,-2.5,300,"bu","13:51:48",328400
94,-2.5,100,"bu","13:51:48",328100
94,-2.5,100,"bu","13:51:48",328000
94,-2.5,300,"bu","13:51:48",327900
94,-2.5,100,"bu","13:51:48",327600
94,-2.5,1000,"bu","13:51:48",327500
94,-2.5,100,"bu","13:51:48",326500
94,-2.5,1000,"bu","13:51:48",326400
94,-2.5,300,"bu","13:51:48",325400
94,-2.5,100,"bu","13:51:48",325100
94,-2.5,100,"bu","13:51:48",325000
94,-2.5,100,"bu","13:51:48",324900
94,-2.5,100,"bu","13:51:48",324800
94,-2.5,300,"bu","13:51:48",324700
94,-2.5,100,"bu","13:51:48",324400
94,-2.5,100,"bu","13:51:48",324300
94,-2.5,300,"bu","13:51:48",324200
94,-2.5,800,"bu","13:51:48",323900
94,-2.5,3000,"bu","13:51:48",323100
94,-2.5,200,"bu","13:51:48",320100
94,-2.5,200,"bu","13:51:48",319900
94,-2.5,100,"bu","13:51:48",319700
94,-2.5,100,"bu","13:51:48",319600
94,-2.5,500,"bu","13:51:48",319500
94,-2.5,500,"bu","13:51:48",319000
94,-2.5,500,"bu","13:51:48",318500
94,-2.5,1000,"bu","13:51:48",318000
94,-2.5,300,"bu","13:51:48",317000
94,-2.5,300,"bu","13:51:48",316700
94,-2.5,300,"bu","13:51:48",316400
94,-2.5,100,"sd","13:51:48",316100
94,-2.5,1000,"sd","13:51:48",316000
94,-2.5,2000,"sd","13:51:48",315000
94,-2.5,200,"sd","13:51:48",313000
94,-2.5,1300,"sd","13:51:48",312800
94,-2.5,100,"sd","13:51:48",311500
94,-2.5,500,"sd","13:51:48",311400
94,-2.5,200,"sd","13:51:48",310900
94,-2.5,100,"sd","13:51:48",310700
94,-2.5,500,"sd","13:51:48",310600
94,-2.5,800,"sd","13:51:48",310100
94.2,-2.3,600,"bu","13:51:47",309300
94.1,-2.4,500,"bu","13:51:47",308700
94.1,-2.4,200,"bu","13:51:46",308200
94.1,-2.4,100,"sd","13:51:45",308000
94.1,-2.4,100,"sd","13:51:45",307900
94.1,-2.4,1400,"sd","13:51:29",307800
94.1,-2.4,600,"bu","13:51:26",306400
94.1,-2.4,500,"bu","13:51:26",305800
94.1,-2.4,100,"bu","13:51:21",305300
94.1,-2.4,400,"bu","13:51:18",305200
94.1,-2.4,100,"bu","13:51:18",304800
94.1,-2.4,500,"bu","13:51:18",304700
94.1,-2.4,200,"bu","13:51:14",304200
94.1,-2.4,100,"bu","13:51:02",304000
94,-2.5,100,"sd","13:50:46",303900
94.1,-2.4,200,"sd","13:50:37",303800
94.1,-2.4,200,"sd","13:50:26",303600
94.1,-2.4,800,"sd","13:50:26",303400
94.1,-2.4,200,"sd","13:50:26",302600
94.1,-2.4,300,"sd","13:50:26",302400
94.1,-2.4,300,"sd","13:50:26",302100
94.1,-2.4,100,"sd","13:50:26",301800
94.1,-2.4,100,"sd","13:50:26",301700
94.1,-2.4,100,"sd","13:50:26",301600
94.1,-2.4,200,"sd","13:50:26",301500
94.1,-2.4,200,"sd","13:50:26",301300
94.1,-2.4,500,"sd","13:50:26",301100
94.1,-2.4,200,"sd","13:50:01",300600
94.1,-2.4,100,"sd","13:50:01",300400
94.1,-2.4,100,"sd","13:50:01",300300
94.1,-2.4,200,"sd","13:50:01",300200
94.1,-2.4,300,"sd","13:50:01",300000
94.1,-2.4,100,"sd","13:50:01",299700
94.1,-2.4,1000,"sd","13:50:01",299600
94.2,-2.3,200,"bu","13:50:00",298600
94.1,-2.4,500,"sd","13:49:56",298400
94.1,-2.4,1000,"sd","13:49:56",297900
94.1,-2.4,100,"sd","13:49:56",296900
94.1,-2.4,100,"sd","13:49:56",296800
94.1,-2.4,200,"sd","13:49:56",296700
94.1,-2.4,100,"sd","13:49:56",296500
94.1,-2.4,1000,"sd","13:49:56",296400
94.2,-2.3,100,"bu","13:49:32",295400
94.2,-2.3,1800,"bu","13:48:55",295300
94.2,-2.3,500,"bu","13:48:55",293500
94.2,-2.3,200,"bu","13:48:54",293000
94.2,-2.3,2200,"bu","13:48:36",292800
94.2,-2.3,500,"bu","13:48:35",290600
94.2,-2.3,500,"bu","13:48:35",290100
94.2,-2.3,500,"bu","13:48:35",289600
94.2,-2.3,400,"bu","13:48:35",289100
94.2,-2.3,100,"bu","13:48:27",288700
94.2,-2.3,400,"bu","13:48:13",288600
94.1,-2.4,100,"sd","13:47:53",288200
94.1,-2.4,200,"sd","13:47:53",288100
94.1,-2.4,100,"sd","13:47:53",287900
94.2,-2.3,1100,"sd","13:47:51",287800
94.2,-2.3,2900,"bu","13:47:49",286700
94.2,-2.3,1700,"bu","13:47:39",283800
94.2,-2.3,2000,"bu","13:47:25",282100
94.2,-2.3,100,"bu","13:47:25",280100
94.2,-2.3,200,"bu","13:47:21",280000
94.2,-2.3,400,"bu","13:47:18",279800
94.2,-2.3,1100,"bu","13:47:17",279400
94.2,-2.3,1000,"bu","13:47:15",278300
94.2,-2.3,100,"bu","13:47:15",277300
94.2,-2.3,100,"bu","13:47:13",277200
94.2,-2.3,1800,"bu","13:47:11",277100
94.2,-2.3,4200,"bu","13:47:10",275300
94.2,-2.3,400,"bu","13:47:06",271100
94.2,-2.3,1900,"bu","13:46:57",270700
94.1,-2.4,100,"sd","13:46:56",268800
94.2,-2.3,2000,"sd","13:46:56",268700
94.2,-2.3,100,"sd","13:46:56",266700
94.2,-2.3,1000,"sd","13:46:51",266600
94.3,-2.2,1100,"bu","13:46:51",265600
94.3,-2.2,3800,"bu","13:46:41",264500
94.3,-2.2,1700,"bu","13:46:41",260700
94.3,-2.2,800,"bu","13:46:24",259000
94.2,-2.3,1000,"bu","13:46:24",258200
94.2,-2.3,100,"bu","13:46:24",257200
94.1,-2.4,500,"sd","13:46:23",257100
94.2,-2.3,100,"bu","13:46:18",256600
94.2,-2.3,900,"bu","13:46:18",256500
94.2,-2.3,100,"bu","13:46:18",255600
94.2,-2.3,300,"bu","13:46:18",255500
94.2,-2.3,200,"bu","13:46:18",255200
94.2,-2.3,200,"bu","13:46:17",255000
94.2,-2.3,200,"bu","13:46:17",254800
94.2,-2.3,500,"bu","13:46:15",254600
94.2,-2.3,1700,"bu","13:46:13",254100
94.2,-2.3,100,"bu","13:46:05",252400
94.2,-2.3,2000,"bu","13:45:55",252300
94.2,-2.3,800,"bu","13:45:53",250300
94.2,-2.3,1000,"bu","13:45:49",249500
94.2,-2.3,1900,"bu","13:45:43",248500
94.2,-2.3,100,"bu","13:45:36",246600
94.2,-2.3,1100,"bu","13:45:34",246500
94.2,-2.3,2000,"bu","13:45:30",245400
94.2,-2.3,2000,"bu","13:45:29",243400
94.2,-2.3,1100,"bu","13:45:27",241400
94.2,-2.3,1900,"bu","13:45:18",240300
94.2,-2.3,200,"bu","13:45:11",238400
94.2,-2.3,1900,"bu","13:44:55",238200
94.1,-2.4,100,"sd","13:44:28",236300
94.1,-2.4,100,"sd","13:44:28",236200
94.1,-2.4,900,"sd","13:44:28",236100
94.1,-2.4,200,"sd","13:44:28",235200
94.1,-2.4,300,"sd","13:44:28",235000
94.1,-2.4,200,"sd","13:44:28",234700
94.1,-2.4,200,"sd","13:44:28",234500
94.2,-2.3,500,"bu","13:44:23",234300
94.1,-2.4,300,"sd","13:43:57",233800
94.1,-2.4,300,"sd","13:43:57",233500
94.1,-2.4,100,"sd","13:43:57",233200
94.1,-2.4,300,"sd","13:43:57",233100
94.2,-2.3,100,"bu","13:43:54",232800
94.1,-2.4,300,"sd","13:43:46",232700
94.1,-2.4,100,"sd","13:43:46",232400
94.1,-2.4,100,"sd","13:43:46",232300
94.1,-2.4,100,"sd","13:43:46",232200
94.1,-2.4,1300,"sd","13:43:46",232100
94.1,-2.4,100,"sd","13:43:46",230800
94.2,-2.3,200,"bu","13:43:01",230700
94.1,-2.4,1000,"unknown","13:41:57",230500
94.1,-2.4,100,"unknown","13:41:57",229500
94.1,-2.4,100,"unknown","13:41:57",229400
94.1,-2.4,100,"unknown","13:41:57",229300
94.1,-2.4,300,"unknown","13:41:57",229200
94.1,-2.4,200,"sd","13:41:57",228900
94.1,-2.4,200,"sd","13:41:57",228700
94.1,-2.4,1000,"sd","13:41:42",228500
94.2,-2.3,100,"bu","13:41:38",227500
94.1,-2.4,100,"sd","13:41:17",227400
94.1,-2.4,200,"sd","13:41:17",227300
94.1,-2.4,100,"sd","13:41:17",227100
94.1,-2.4,700,"sd","13:41:17",227000
94.1,-2.4,400,"sd","13:41:17",226300
94.1,-2.4,800,"sd","13:41:17",225900
94.1,-2.4,600,"sd","13:41:17",225100
94.1,-2.4,100,"sd","13:41:17",224500
94.2,-2.3,100,"bu","13:41:12",224400
94.1,-2.4,100,"sd","13:41:10",224300
94.1,-2.4,1000,"sd","13:41:10",224200
94.1,-2.4,900,"sd","13:41:10",223200
94.1,-2.4,1000,"sd","13:41:10",222300
94.2,-2.3,100,"bu","13:40:50",221300
94.2,-2.3,200,"bu","13:39:57",221200
94.2,-2.3,100,"sd","13:39:50",221000
94.2,-2.3,100,"sd","13:39:50",220900
94.2,-2.3,200,"sd","13:39:50",220800
94.2,-2.3,100,"bu","13:39:34",220600
94.2,-2.3,100,"bu","13:39:30",220500
94.2,-2.3,300,"bu","13:39:30",220400
94.2,-2.3,100,"bu","13:39:28",220100
94.2,-2.3,100,"bu","13:39:23",220000
94.2,-2.3,100,"bu","13:39:04",219900
94.2,-2.3,100,"bu","13:38:59",219800
94.2,-2.3,100,"sd","13:38:50",219700
94.2,-2.3,400,"unknown","13:38:15",219600
94.2,-2.3,100,"unknown","13:38:15",219200
94.2,-2.3,100,"sd","13:38:15",219100
94.2,-2.3,200,"sd","13:38:15",219000
94.2,-2.3,100,"sd","13:38:15",218800
94.2,-2.3,100,"sd","13:38:15",218700
94.2,-2.3,100,"sd","13:38:08",218600
94.2,-2.3,200,"sd","13:38:08",218500
94.2,-2.3,100,"sd","13:38:08",218300
94.2,-2.3,100,"sd","13:38:08",218200
94.2,-2.3,100,"sd","13:38:08",218100
94.2,-2.3,100,"sd","13:38:08",218000
94.2,-2.3,100,"sd","13:38:08",217900
94.2,-2.3,100,"bu","13:37:45",217800
94.2,-2.3,100,"bu","13:37:38",217700
94.2,-2.3,100,"bu","13:37:38",217600
94.2,-2.3,900,"bu","13:37:38",217500
94.2,-2.3,200,"bu","13:37:31",216600
94.2,-2.3,200,"bu","13:37:31",216400
94.2,-2.3,200,"bu","13:37:31",216200
94.2,-2.3,200,"bu","13:37:31",216000
94.2,-2.3,100,"bu","13:37:30",215800
94.2,-2.3,1900,"sd","13:37:21",215700
94.3,-2.2,1100,"bu","13:37:20",213800
94.3,-2.2,1100,"bu","13:37:12",212700
94.2,-2.3,1900,"sd","13:37:05",211600
94.2,-2.3,100,"sd","13:37:05",209700
94.2,-2.3,100,"sd","13:36:38",209600
94.3,-2.2,100,"bu","13:36:07",209500
94.4,-2.1,1800,"bu","13:35:44",209400
94.4,-2.1,2200,"bu","13:35:41",207600
94.3,-2.2,100,"unknown","13:35:33",205400
94.3,-2.2,900,"bu","13:35:26",205300
94.3,-2.2,100,"bu","13:35:26",204400
94.3,-2.2,1000,"bu","13:35:26",204300
94.3,-2.2,1000,"bu","13:35:23",203300
94.3,-2.2,1100,"bu","13:35:23",202300
94.3,-2.2,1000,"bu","13:35:11",201200
94.3,-2.2,2000,"bu","13:34:59",200200
94.3,-2.2,1500,"bu","13:34:55",198200
94.3,-2.2,1800,"bu","13:34:46",196700
94.3,-2.2,600,"bu","13:34:28",194900
94.3,-2.2,300,"bu","13:34:28",194300
94.3,-2.2,200,"bu","13:34:28",194000
94.2,-2.3,900,"unknown","13:34:28",193800
94.1,-2.4,500,"sd","13:34:26",192900
94.2,-2.3,100,"sd","13:34:23",192400
94.3,-2.2,100,"bu","13:34:08",192300
94.3,-2.2,100,"bu","13:34:08",192200
94.3,-2.2,900,"bu","13:34:08",192100
94.3,-2.2,100,"bu","13:34:08",191200
94.2,-2.3,500,"bu","13:34:08",191100
94.2,-2.3,100,"sd","13:33:58",190600
94.2,-2.3,100,"sd","13:33:58",190500
94.2,-2.3,300,"sd","13:33:58",190400
94.2,-2.3,200,"sd","13:33:46",190100
94.2,-2.3,100,"sd","13:33:46",189900
94.2,-2.3,300,"sd","13:33:46",189800
94.2,-2.3,100,"sd","13:33:46",189500
94.2,-2.3,100,"sd","13:33:46",189400
94.2,-2.3,200,"sd","13:33:46",189300
94.2,-2.3,200,"sd","13:33:06",189100
94.2,-2.3,300,"sd","13:33:06",188900
94.2,-2.3,300,"sd","13:33:06",188600
94.2,-2.3,100,"sd","13:33:06",188300
94.2,-2.3,200,"sd","13:33:06",188200
94.2,-2.3,700,"sd","13:33:06",188000
94.2,-2.3,100,"sd","13:33:06",187300
94.2,-2.3,100,"sd","13:33:06",187200
94.2,-2.3,200,"sd","13:33:06",187100
94.2,-2.3,200,"sd","13:33:06",186900
94.2,-2.3,100,"sd","13:33:06",186700
94.2,-2.3,400,"sd","13:33:06",186600
94.2,-2.3,700,"sd","13:33:06",186200
94.2,-2.3,300,"sd","13:33:06",185500
94.2,-2.3,100,"sd","13:33:06",185200
94.3,-2.2,100,"bu","13:33:03",185100
94.3,-2.2,100,"bu","13:32:39",185000
94.3,-2.2,100,"bu","13:32:27",184900
94.3,-2.2,100,"sd","13:32:06",184800
94.3,-2.2,200,"sd","13:32:06",184700
94.3,-2.2,200,"sd","13:32:06",184500
94.3,-2.2,100,"bu","13:31:32",184300
94.3,-2.2,100,"bu","13:31:32",184200
94.3,-2.2,300,"bu","13:31:32",184100
94.3,-2.2,100,"sd","13:31:30",183800
94.3,-2.2,100,"sd","13:31:30",183700
94.3,-2.2,100,"sd","13:31:30",183600
94.3,-2.2,100,"sd","13:31:30",183500
94.3,-2.2,100,"sd","13:31:30",183400
94.3,-2.2,400,"sd","13:31:30",183300
94.3,-2.2,100,"sd","13:31:30",182900
94.3,-2.2,300,"sd","13:31:30",182800
94.3,-2.2,100,"sd","13:31:30",182500
94.3,-2.2,100,"sd","13:31:30",182400
94.4,-2.1,800,"bu","13:31:06",182300
94.4,-2.1,100,"bu","13:30:50",181500
94.4,-2.1,200,"bu","13:30:42",181400
94.4,-2.1,100,"bu","13:30:29",181200
94.3,-2.2,100,"sd","13:29:58",181100
94.3,-2.2,100,"sd","13:29:58",181000
94.3,-2.2,100,"sd","13:29:58",180900
94.3,-2.2,100,"sd","13:29:58",180800
94.3,-2.2,200,"sd","13:29:58",180700
94.3,-2.2,1000,"sd","13:29:58",180500
94.3,-2.2,1100,"sd","13:29:58",179500
94.3,-2.2,100,"sd","13:29:58",178400
94.3,-2.2,100,"sd","13:29:58",178300
94.3,-2.2,100,"sd","13:29:28",178200
94.3,-2.2,300,"sd","13:29:28",178100
94.3,-2.2,200,"sd","13:29:28",177800
94.3,-2.2,400,"sd","13:29:28",177600
94.3,-2.2,100,"sd","13:27:40",177200
94.4,-2.1,200,"bu","13:27:38",177100
94.4,-2.1,100,"bu","13:27:28",176900
94.4,-2.1,100,"bu","13:27:05",176800
94.4,-2.1,4100,"bu","13:26:57",176700
94.4,-2.1,900,"bu","13:26:57",172600
94.3,-2.2,500,"sd","13:26:52",171700
94.4,-2.1,100,"bu","13:26:33",171200
94.4,-2.1,100,"bu","13:26:14",171100
94.4,-2.1,100,"bu","13:26:12",171000
94.4,-2.1,200,"bu","13:25:20",170900
94.4,-2.1,100,"bu","13:25:15",170700
94.4,-2.1,100,"bu","13:24:58",170600
94.4,-2.1,200,"bu","13:24:58",170500
94.4,-2.1,200,"bu","13:24:58",170300
94.4,-2.1,100,"bu","13:24:49",170100
94.4,-2.1,100,"bu","13:24:38",170000
94.5,-2,300,"bu","13:24:23",169900
94.4,-2.1,500,"sd","13:24:22",169600
94.4,-2.1,100,"sd","13:24:22",169100
94.4,-2.1,200,"sd","13:24:22",169000
94.4,-2.1,200,"sd","13:24:22",168800
94.4,-2.1,100,"sd","13:24:22",168600
94.4,-2.1,100,"sd","13:24:22",168500
94.4,-2.1,500,"sd","13:24:19",168400
94.5,-2,200,"bu","13:24:17",167900
94.5,-2,200,"bu","13:24:10",167700
94.5,-2,100,"sd","13:24:09",167500
94.5,-2,400,"sd","13:24:09",167400
94.5,-2,200,"sd","13:24:09",167000
94.5,-2,100,"sd","13:24:09",166800
94.5,-2,1000,"sd","13:24:09",166700
94.5,-2,100,"sd","13:24:09",165700
94.5,-2,100,"sd","13:24:09",165600
94.5,-2,100,"sd","13:24:09",165500
94.5,-2,500,"sd","13:24:09",165400
94.6,-1.9,300,"sd","13:23:44",164900
94.6,-1.9,300,"sd","13:23:44",164600
94.6,-1.9,200,"sd","13:23:43",164300
94.6,-1.9,300,"sd","13:23:43",164100
94.6,-1.9,100,"sd","13:23:43",163800
94.6,-1.9,100,"sd","13:23:43",163700
94.6,-1.9,200,"sd","13:23:43",163600
94.6,-1.9,200,"sd","13:23:43",163400
94.6,-1.9,500,"sd","13:23:41",163200
94.6,-1.9,100,"sd","13:23:41",162700
94.6,-1.9,400,"sd","13:23:41",162600
94.6,-1.9,100,"sd","13:23:41",162200
94.6,-1.9,100,"sd","13:23:37",162100
94.6,-1.9,1000,"sd","13:23:37",162000
94.7,-1.8,200,"sd","13:23:10",161000
94.6,-1.9,900,"sd","13:23:10",160800
94.6,-1.9,200,"sd","13:22:59",159900
94.6,-1.9,900,"sd","13:22:59",159700
94.6,-1.9,200,"sd","13:22:59",158800
94.6,-1.9,300,"sd","13:22:37",158600
94.7,-1.8,200,"sd","13:22:37",158300
94.7,-1.8,100,"sd","13:22:37",158100
94.7,-1.8,200,"sd","13:22:37",158000
94.7,-1.8,100,"sd","13:22:37",157800
94.8,-1.7,100,"sd","13:22:37",157700
94.8,-1.7,100,"sd","13:22:37",157600
94.8,-1.7,400,"sd","13:22:31",157500
94.8,-1.7,100,"sd","13:22:31",157100
94.8,-1.7,100,"sd","13:22:31",157000
94.8,-1.7,100,"sd","13:22:31",156900
94.8,-1.7,400,"sd","13:22:31",156800
94.8,-1.7,100,"sd","13:22:31",156400
94.8,-1.7,100,"sd","13:22:31",156300
94.8,-1.7,300,"sd","13:22:31",156200
94.8,-1.7,300,"sd","13:22:31",155900
94.8,-1.7,400,"sd","13:22:31",155600
94.8,-1.7,2400,"sd","13:22:31",155200
94.8,-1.7,100,"sd","13:22:31",152800
94.8,-1.7,200,"sd","13:22:31",152700
94.8,-1.7,1000,"sd","13:22:25",152500
94.9,-1.6,100,"sd","13:22:25",151500
94.8,-1.7,1100,"sd","13:21:42",151400
94.8,-1.7,1100,"sd","13:21:06",150300
94.8,-1.7,1000,"sd","13:20:53",149200
95,-1.5,100,"sd","13:20:53",148200
94.8,-1.7,100,"sd","13:20:27",148100
94.8,-1.7,100,"sd","13:20:27",148000
94.8,-1.7,100,"sd","13:20:27",147900
94.8,-1.7,300,"sd","13:20:27",147800
94.8,-1.7,100,"sd","13:20:27",147500
94.9,-1.6,100,"sd","13:20:27",147400
94.9,-1.6,300,"sd","13:20:27",147300
94.9,-1.6,100,"sd","13:20:13",147000
95,-1.5,100,"sd","13:20:13",146900
95,-1.5,200,"sd","13:20:13",146800
95,-1.5,700,"sd","13:20:13",146600
95.3,-1.2,100,"bu","13:19:49",145900
95.3,-1.2,200,"bu","13:19:49",145800
95.3,-1.2,200,"bu","13:19:49",145600
95.3,-1.2,600,"bu","13:19:49",145400
95.3,-1.2,300,"bu","13:19:21",144800
95.3,-1.2,100,"bu","13:19:21",144500
95.3,-1.2,700,"bu","13:19:21",144400
95.3,-1.2,100,"bu","13:19:13",143700
95.2,-1.3,100,"bu","13:18:12",143600
95.2,-1.3,100,"bu","13:18:12",143500
95.2,-1.3,200,"bu","13:18:12",143400
95,-1.5,400,"sd","13:15:57",143200
95,-1.5,100,"sd","13:15:57",142800
95,-1.5,500,"sd","13:14:23",142700
95,-1.5,100,"sd","13:14:23",142200
95,-1.5,100,"sd","13:14:23",142100
94.9,-1.6,100,"sd","13:14:23",142000
94.9,-1.6,100,"sd","13:14:23",141900
95,-1.5,100,"sd","13:14:23",141800
95,-1.5,100,"sd","13:14:23",141700
95,-1.5,1000,"sd","13:12:28",141600
95,-1.5,100,"sd","13:12:27",140600
95.3,-1.2,1100,"bu","13:11:48",140500
95,-1.5,500,"sd","13:11:34",139400
95,-1.5,100,"sd","13:11:34",138900
95.1,-1.4,200,"sd","13:11:34",138800
95.1,-1.4,100,"sd","13:11:34",138600
95.2,-1.3,100,"sd","13:11:34",138500
95.2,-1.3,100,"sd","13:11:34",138400
95.3,-1.2,1100,"bu","13:09:01",138300
95.3,-1.2,1100,"bu","13:08:46",137200
95.4,-1.1,900,"bu","13:06:25",136100
95.3,-1.2,1000,"bu","13:06:25",135200
95.2,-1.3,600,"bu","13:06:11",134200
95.2,-1.3,100,"bu","13:06:11",133600
95.4,-1.1,200,"bu","13:06:11",133500
95.4,-1.1,900,"bu","13:06:11",133300
95.2,-1.3,200,"bu","13:03:37",132400
95.2,-1.3,2000,"bu","13:03:37",132200
95.2,-1.3,100,"bu","13:02:20",130200
94.8,-1.7,300,"sd","13:00:05",130100
94.8,-1.7,100,"sd","13:00:01",129800
94.8,-1.7,100,"sd","13:00:01",129700
94.8,-1.7,400,"sd","11:28:52",129600
95,-1.5,500,"unknown","11:28:52",129200
95,-1.5,100,"unknown","11:28:52",128700
95.3,-1.2,100,"unknown","11:28:52",128600
95.3,-1.2,200,"bu","11:28:52",128500
95.3,-1.2,100,"bu","11:28:26",128300
95,-1.5,1000,"sd","11:28:21",128200
95,-1.5,100,"sd","11:28:21",127200
95,-1.5,100,"sd","11:27:15",127100
95,-1.5,200,"sd","11:27:15",127000
95,-1.5,100,"sd","11:27:15",126800
95,-1.5,100,"sd","11:27:15",126700
95,-1.5,100,"sd","11:27:15",126600
95,-1.5,100,"sd","11:27:15",126500
95,-1.5,100,"sd","11:27:15",126400
95,-1.5,200,"sd","11:27:15",126300
95,-1.5,100,"sd","11:27:15",126100
95,-1.5,900,"sd","11:27:15",126000
95,-1.5,1100,"sd","11:25:48",125100
95,-1.5,2800,"sd","11:25:42",124000
95,-1.5,900,"sd","11:25:42",121200
95,-1.5,100,"sd","11:25:42",120300
95,-1.5,1000,"sd","11:25:42",120200
95,-1.5,100,"sd","11:25:42",119200
95,-1.5,100,"sd","11:25:42",119100
95,-1.5,200,"sd","11:24:19",119000
95,-1.5,100,"sd","11:24:19",118800
95,-1.5,3000,"sd","11:24:19",118700
95,-1.5,5000,"sd","11:24:19",115700
95,-1.5,1000,"sd","11:24:19",110700
95,-1.5,100,"sd","11:24:19",109700
95,-1.5,100,"sd","11:24:19",109600
95,-1.5,100,"sd","11:24:19",109500
95,-1.5,100,"sd","11:24:19",109400
95,-1.5,200,"sd","11:24:19",109300
95,-1.5,9500,"sd","11:24:19",109100
95,-1.5,2100,"sd","11:24:19",99600
95.1,-1.4,200,"sd","11:24:19",97500
95,-1.5,100,"sd","11:24:19",97300
95.1,-1.4,1500,"sd","11:24:19",97200
95,-1.5,100,"sd","11:24:19",95700
95.4,-1.1,1100,"sd","11:24:19",95600
95,-1.5,500,"sd","11:24:19",94500
95,-1.5,500,"sd","11:24:19",94000
95,-1.5,1000,"sd","11:24:19",93500
95,-1.5,400,"sd","11:24:19",92500
95,-1.5,1000,"sd","11:24:19",92100
95,-1.5,400,"sd","11:24:19",91100
95,-1.5,200,"sd","11:24:19",90700
95,-1.5,500,"sd","11:24:19",90500
95,-1.5,1000,"sd","11:24:19",90000
95.4,-1.1,100,"bu","11:21:37",89000
95,-1.5,1000,"sd","11:21:23",88900
95.1,-1.4,100,"sd","11:21:23",87900
95.4,-1.1,100,"bu","11:21:22",87800
95,-1.5,1000,"sd","11:21:03",87700
95.1,-1.4,200,"sd","11:21:03",86700
95.1,-1.4,300,"sd","11:21:03",86500
95.1,-1.4,100,"sd","11:21:03",86200
95.1,-1.4,200,"sd","11:21:02",86100
95,-1.5,1100,"sd","11:19:25",85900
95,-1.5,100,"sd","11:19:15",84800
95.1,-1.4,200,"sd","11:19:15",84700
95.1,-1.4,100,"sd","11:19:15",84500
95.1,-1.4,100,"sd","11:19:15",84400
95.1,-1.4,100,"sd","11:19:15",84300
95.1,-1.4,100,"sd","11:19:15",84200
95.1,-1.4,100,"sd","11:19:15",84100
95.1,-1.4,200,"sd","11:19:15",84000
95.1,-1.4,100,"sd","11:19:15",83800
95.1,-1.4,200,"sd","11:18:59",83700
95.1,-1.4,400,"sd","11:18:59",83500
95.1,-1.4,300,"sd","11:18:59",83100
95.2,-1.3,200,"sd","11:18:59",82800
95.1,-1.4,200,"sd","11:18:28",82600
95.2,-1.3,300,"sd","11:18:28",82400
95.2,-1.3,300,"sd","11:18:28",82100
95.2,-1.3,300,"sd","11:18:28",81800
95.2,-1.3,200,"sd","11:18:13",81500
95.2,-1.3,900,"sd","11:18:13",81300
95.2,-1.3,100,"bu","11:17:04",80400
95.2,-1.3,100,"bu","11:17:04",80300
95.2,-1.3,100,"bu","11:16:35",80200
95.2,-1.3,100,"bu","11:15:56",80100
95.2,-1.3,100,"bu","11:15:49",80000
95.2,-1.3,300,"sd","11:14:51",79900
95.2,-1.3,100,"sd","11:14:51",79600
95.2,-1.3,100,"sd","11:14:51",79500
95.2,-1.3,100,"sd","11:14:51",79400
95.2,-1.3,100,"sd","11:14:51",79300
95.2,-1.3,100,"sd","11:14:51",79200
95.2,-1.3,100,"sd","11:14:51",79100
95.2,-1.3,5700,"sd","11:14:51",79000
95.2,-1.3,300,"sd","11:12:53",73300
95.3,-1.2,200,"unknown","11:12:53",73000
95.3,-1.2,100,"unknown","11:12:53",72800
95.3,-1.2,100,"sd","11:12:53",72700
95.3,-1.2,100,"sd","11:12:53",72600
95.3,-1.2,300,"sd","11:12:53",72500
95.5,-1,3000,"sd","11:12:33",72200
95.6,-0.9,100,"bu","11:11:23",69200
95.6,-0.9,700,"bu","11:10:25",69100
95.6,-0.9,900,"bu","11:09:20",68400
95.6,-0.9,100,"bu","11:09:20",67500
95.6,-0.9,100,"bu","11:09:20",67400
95.6,-0.9,200,"bu","11:07:58",67300
95.6,-0.9,100,"bu","11:07:58",67100
95.6,-0.9,200,"bu","11:07:49",67000
95.6,-0.9,900,"bu","11:07:49",66800
95.6,-0.9,1000,"bu","11:07:49",65900
95.6,-0.9,100,"bu","11:07:49",64900
95.6,-0.9,300,"bu","11:07:49",64800
95.5,-1,200,"bu","11:07:22",64500
95.5,-1,900,"bu","11:07:22",64300
95.5,-1,200,"bu","11:07:22",63400
95.5,-1,100,"bu","11:07:22",63200
95.5,-1,100,"bu","11:07:22",63100
95.5,-1,300,"bu","11:07:22",63000
95.5,-1,200,"bu","11:07:22",62700
95.3,-1.2,400,"sd","11:06:44",62500
95.3,-1.2,100,"sd","11:06:44",62100
95.3,-1.2,200,"sd","11:01:45",62000
95.3,-1.2,700,"sd","11:01:07",61800
95.3,-1.2,200,"sd","11:01:07",61100
95.3,-1.2,200,"sd","11:01:07",60900
95.3,-1.2,300,"sd","11:00:10",60700
95.3,-1.2,200,"bu","10:58:38",60400
95.3,-1.2,200,"sd","10:58:36",60200
95.3,-1.2,500,"sd","10:58:36",60000
95.3,-1.2,600,"bu","10:57:40",59500
95.3,-1.2,100,"bu","10:57:11",58900
95.3,-1.2,100,"sd","10:56:21",58800
95.3,-1.2,100,"sd","10:56:21",58700
95.3,-1.2,100,"sd","10:56:21",58600
95.3,-1.2,100,"sd","10:56:21",58500
95.3,-1.2,100,"sd","10:56:21",58400
95.3,-1.2,400,"sd","10:56:21",58300
95.3,-1.2,1000,"sd","10:56:16",57900
95.3,-1.2,100,"sd","10:55:44",56900
95.3,-1.2,1000,"sd","10:55:44",56800
95.3,-1.2,200,"sd","10:55:44",55800
95.6,-0.9,100,"sd","10:49:26",55600
95.6,-0.9,100,"sd","10:49:19",55500
95.6,-0.9,200,"sd","10:48:26",55400
95.6,-0.9,700,"bu","10:48:24",55200
95.6,-0.9,100,"bu","10:47:45",54500
95.3,-1.2,100,"sd","10:47:28",54400
95.3,-1.2,100,"sd","10:47:28",54300
95.3,-1.2,100,"sd","10:47:28",54200
95.3,-1.2,200,"sd","10:47:28",54100
95.3,-1.2,100,"sd","10:47:28",53900
95.3,-1.2,900,"sd","10:47:28",53800
95.3,-1.2,300,"sd","10:47:28",52900
95.3,-1.2,100,"sd","10:47:28",52600
95.3,-1.2,100,"sd","10:47:28",52500
95.3,-1.2,1100,"sd","10:46:30",52400
95.3,-1.2,200,"sd","10:45:14",51300
95.4,-1.1,600,"sd","10:43:33",51100
95.3,-1.2,700,"sd","10:43:33",50500
95.4,-1.1,200,"sd","10:43:33",49800
95.4,-1.1,500,"sd","10:43:33",49600
95.4,-1.1,400,"sd","10:42:06",49100
95.4,-1.1,700,"sd","10:42:06",48700
95.4,-1.1,300,"sd","10:41:18",48000
95.4,-1.1,500,"sd","10:41:18",47700
95.4,-1.1,300,"sd","10:41:18",47200
95.4,-1.1,200,"sd","10:40:48",46900
95.4,-1.1,100,"sd","10:40:48",46700
95.5,-1,200,"unknown","10:40:48",46600
95.5,-1,100,"unknown","10:40:48",46400
95.5,-1,100,"unknown","10:40:48",46300
95.5,-1,100,"unknown","10:40:48",46200
95.5,-1,100,"unknown","10:40:48",46100
95.5,-1,100,"unknown","10:40:48",46000
95.6,-0.9,100,"unknown","10:40:48",45900
95.7,-0.8,1100,"bu","10:40:31",45800
95.8,-0.7,400,"bu","10:34:12",44700
95.8,-0.7,400,"bu","10:34:12",44300
95.8,-0.7,200,"bu","10:33:00",43900
95.8,-0.7,200,"bu","10:33:00",43700
95.8,-0.7,100,"bu","10:33:00",43500
95.8,-0.7,100,"bu","10:32:50",43400
95.8,-0.7,400,"bu","10:32:30",43300
95.8,-0.7,1900,"bu","10:31:14",42900
95.8,-0.7,1100,"bu","10:30:08",41000
95.8,-0.7,1100,"bu","10:29:56",39900
95.8,-0.7,300,"bu","10:29:52",38800
95.8,-0.7,1400,"bu","10:29:52",38500
95.8,-0.7,200,"bu","10:29:34",37100
95.7,-0.8,100,"unknown","10:29:34",36900
95.8,-0.7,200,"bu","10:29:33",36800
95.8,-0.7,600,"bu","10:29:33",36600
95.8,-0.7,100,"bu","10:29:33",36000
95.8,-0.7,600,"bu","10:29:33",35900
95.9,-0.6,900,"bu","10:21:39",35300
95.8,-0.7,1000,"bu","10:21:39",34400
95.8,-0.7,1800,"bu","10:21:17",33400
95.8,-0.7,1800,"bu","10:21:03",31600
95.8,-0.7,400,"bu","10:20:38",29800
95.7,-0.8,100,"bu","10:20:38",29400
95.7,-0.8,100,"bu","10:20:38",29300
95.7,-0.8,200,"bu","10:20:38",29200
95.7,-0.8,300,"bu","10:20:38",29000
95.7,-0.8,200,"bu","10:20:38",28700
95.7,-0.8,200,"bu","10:20:38",28500
95.7,-0.8,300,"bu","10:20:38",28300
95.7,-0.8,600,"bu","10:20:15",28000
95.7,-0.8,100,"bu","10:20:15",27400
95.7,-0.8,100,"bu","10:20:15",27300
95.7,-0.8,200,"bu","10:20:15",27200
95.7,-0.8,300,"bu","10:20:15",27000
95.7,-0.8,200,"bu","10:20:15",26700
95.7,-0.8,200,"bu","10:20:15",26500
95.7,-0.8,200,"bu","10:20:15",26300
95.7,-0.8,700,"bu","10:19:59",26100
95.7,-0.8,1000,"bu","10:19:59",25400
95.6,-0.9,200,"sd","10:19:46",24400
95.6,-0.9,100,"sd","10:19:46",24200
95.6,-0.9,100,"sd","10:19:46",24100
95.6,-0.9,800,"sd","10:19:46",24000
95.6,-0.9,100,"sd","10:19:46",23200
95.6,-0.9,300,"sd","10:19:46",23100
95.6,-0.9,200,"sd","10:19:46",22800
95.6,-0.9,200,"sd","10:19:46",22600
95.6,-0.9,200,"sd","10:19:46",22400
95.7,-0.8,100,"bu","10:18:18",22200
95.7,-0.8,2600,"sd","10:18:11",22100
95.7,-0.8,200,"sd","10:18:11",19500
95.7,-0.8,100,"sd","10:18:11",19300
95.7,-0.8,1000,"sd","10:16:39",19200
95.7,-0.8,100,"sd","10:14:47",18200
95.7,-0.8,600,"sd","10:14:47",18100
96,-0.5,900,"bu","10:12:24",17500
96,-0.5,100,"bu","10:12:24",16600
96,-0.5,100,"bu","10:06:39",16500
96,-0.5,100,"bu","10:05:05",16400
95.7,-0.8,500,"sd","10:04:15",16300
95.7,-0.8,300,"sd","10:02:09",15800
96,-0.5,100,"bu","09:59:24",15500
96,-0.5,100,"bu","09:59:10",15400
96,-0.5,1000,"bu","09:59:10",15300
95.8,-0.7,100,"sd","09:58:28",14300
96,-0.5,100,"bu","09:53:16",14200
96,-0.5,100,"bu","09:53:03",14100
96,-0.5,300,"bu","09:52:14",14000
96,-0.5,300,"bu","09:51:23",13700
96,-0.5,1500,"bu","09:51:23",13400
96,-0.5,100,"bu","09:50:11",11900
96,-0.5,400,"bu","09:50:11",11800
96,-0.5,200,"bu","09:47:13",11400
96,-0.5,200,"bu","09:47:13",11200
96,-0.5,100,"bu","09:47:13",11000
96.1,-0.4,1200,"bu","09:44:47",10900
96,-0.5,200,"bu","09:44:47",9700
96,-0.5,500,"bu","09:44:46",9500
95.7,-0.8,100,"sd","09:43:16",9000
95.8,-0.7,100,"sd","09:43:16",8900
96,-0.5,200,"sd","09:40:56",8800
96,-0.5,300,"sd","09:40:55",8600
96,-0.5,300,"sd","09:40:55",8300
96,-0.5,400,"sd","09:40:55",8000
96,-0.5,200,"sd","09:40:55",7600
96,-0.5,200,"sd","09:40:55",7400
96,-0.5,1300,"sd","09:40:55",7200
96.1,-0.4,100,"sd","09:39:52",5900
96.9,0.4,500,"bu","09:35:04",5800
96.8,0.3,500,"bu","09:35:04",5300
96.7,0.2,100,"bu","09:35:04",4800
96.7,0.2,400,"bu","09:35:04",4700
96.5,0,600,"bu","09:35:04",4300
96.5,0,100,"bu","09:35:04",3700
96,-0.5,100,"bu","09:33:50",3600
96,-0.5,100,"bu","09:33:50",3500
96,-0.5,200,"bu","09:33:50",3400
96,-0.5,300,"bu","09:33:50",3200
96,-0.5,200,"bu","09:33:50",2900
96,-0.5,200,"bu","09:33:50",2700
96,-0.5,900,"bu","09:33:50",2500
96,-0.5,100,"bu","09:33:50",1600
95.4,-1.1,100,"sd","09:28:06",1500
96,-0.5,100,"sd","09:26:46",1400
96,-0.5,100,"sd","09:24:54",1300
96,-0.5,300,"sd","09:24:53",1200
96,-0.5,100,"sd","09:24:53",900
96,-0.5,100,"sd","09:24:53",800
96,-0.5,100,"sd","09:24:53",700
96,-0.5,100,"sd","09:24:53",600
96,-0.5,100,"sd","09:24:48",500
96,-0.5,100,"sd","09:24:43",400
96.3,-0.2,200,"sd","09:22:26",300
96.5,0,100,"bu","09:16:29",100
