"price","change","match_qtty","side","time","total_vol"
56800,-1200,6800,"unknown","14:45:00",109100
57000,-1000,300,"bu","14:29:00",102300
57000,-1000,200,"bu","14:28:58",102000
57000,-1000,400,"bu","14:27:49",101800
56800,-1200,200,"sd","14:27:38",101400
57000,-1000,700,"bu","14:26:58",101200
57000,-1000,100,"bu","14:26:58",100500
57000,-1000,100,"bu","14:26:58",100400
57000,-1000,100,"bu","14:26:58",100300
57000,-1000,100,"bu","14:26:58",100200
57000,-1000,2000,"bu","14:26:58",100100
57000,-1000,100,"bu","14:26:58",98100
57000,-1000,300,"bu","14:26:58",98000
57000,-1000,100,"sd","14:26:58",97700
57000,-1000,400,"sd","14:26:58",97600
57000,-1000,10000,"sd","14:26:58",97200
57000,-1000,100,"sd","14:26:58",87200
57000,-1000,500,"sd","14:26:58",87100
57000,-1000,4900,"sd","14:26:58",86600
57000,-1000,500,"sd","14:26:58",81700
57100,-900,100,"sd","14:26:58",81200
57100,-900,100,"sd","14:26:58",81100
57000,-1000,200,"sd","14:26:58",81000
57100,-900,100,"sd","14:26:58",80800
57000,-1000,900,"sd","14:26:58",80700
57100,-900,900,"sd","14:26:58",79800
57000,-1000,100,"sd","14:26:58",78900
57000,-1000,800,"sd","14:26:58",78800
57100,-900,400,"sd","14:26:58",78000
57000,-1000,500,"sd","14:26:58",77600
57000,-1000,1000,"sd","14:26:58",77100
57000,-1000,1000,"sd","14:26:58",76100
57000,-1000,300,"sd","14:26:58",75100
57000,-1000,100,"sd","14:26:58",74800
57000,-1000,100,"sd","14:26:58",74700
57000,-1000,1000,"sd","14:26:58",74600
57000,-1000,400,"sd","14:26:58",73600
57000,-1000,100,"sd","14:26:58",73200
57000,-1000,1500,"sd","14:26:58",73100
57100,-900,100,"sd","14:26:55",71600
57100,-900,100,"sd","14:26:13",71500
57100,-900,100,"sd","14:25:30",71400
57100,-900,100,"sd","14:25:30",71300
57100,-900,100,"sd","14:24:48",71200
57000,-1000,100,"sd","14:24:48",71100
57100,-900,200,"bu","14:24:44",71000
57100,-900,100,"bu","14:24:38",70800
57100,-900,100,"sd","14:24:05",70700
57100,-900,900,"sd","14:23:45",70600
57100,-900,700,"sd","14:23:45",69700
57100,-900,300,"sd","14:23:45",69000
57100,-900,1000,"sd","14:23:45",68700
57100,-900,500,"sd","14:23:45",67700
57100,-900,100,"sd","14:23:45",67200
57200,-800,100,"sd","14:23:45",67100
57200,-800,200,"sd","14:23:45",67000
57200,-800,100,"sd","14:23:45",66800
57200,-800,100,"sd","14:23:45",66700
57200,-800,200,"sd","14:23:23",66600
57200,-800,100,"sd","14:22:40",66400
57200,-800,100,"sd","14:21:58",66300
57200,-800,100,"sd","14:21:58",66200
57200,-800,200,"sd","14:21:15",66100
57200,-800,700,"sd","14:21:10",65900
57200,-800,300,"sd","14:21:10",65200
57200,-800,100,"sd","14:20:33",64900
57200,-800,200,"sd","14:19:50",64800
57200,-800,100,"sd","14:19:08",64600
57300,-700,100,"sd","14:19:08",64500
57300,-700,100,"sd","14:18:25",64400
57300,-700,200,"sd","14:17:43",64300
57300,-700,100,"sd","14:17:11",64100
57300,-700,100,"sd","14:17:00",64000
57300,-700,400,"sd","14:16:55",63900
57300,-700,100,"sd","14:16:55",63500
57300,-700,2200,"sd","14:16:55",63400
57300,-700,200,"sd","14:16:18",61200
57300,-700,100,"sd","14:16:12",61000
57300,-700,100,"sd","14:15:58",60900
57300,-700,100,"sd","14:15:43",60800
57300,-700,200,"sd","14:15:35",60700
57300,-700,100,"sd","14:15:32",60500
57300,-700,100,"sd","14:15:32",60400
57300,-700,300,"sd","14:15:32",60300
57300,-700,800,"sd","14:15:25",60000
57300,-700,100,"sd","14:14:53",59200
57300,-700,200,"sd","14:14:11",59100
57400,-600,200,"bu","14:12:45",58900
57400,-600,100,"bu","14:12:15",58700
57300,-700,100,"sd","13:53:45",58600
57300,-700,200,"sd","13:53:45",58500
57300,-700,1000,"sd","13:53:41",58300
57300,-700,900,"sd","13:53:25",57300
57300,-700,200,"bu","13:49:38",56400
57300,-700,200,"bu","13:49:38",56200
57300,-700,200,"bu","13:49:38",56000
57300,-700,200,"bu","13:49:38",55800
57300,-700,100,"bu","13:49:38",55600
57300,-700,200,"bu","13:47:49",55500
57300,-700,200,"bu","13:47:06",55300
57300,-700,300,"bu","13:37:39",55100
57300,-700,100,"bu","13:36:31",54800
57300,-700,200,"bu","13:25:57",54700
57300,-700,300,"bu","13:24:56",54500
57300,-700,100,"bu","13:21:15",54200
57300,-700,1000,"bu","13:20:51",54100
57300,-700,100,"bu","13:19:34",53100
57300,-700,100,"bu","13:19:07",53000
57300,-700,200,"bu","13:18:48",52900
57200,-800,700,"sd","13:18:22",52700
57200,-800,900,"bu","13:14:35",52000
57200,-800,200,"bu","13:13:02",51100
57100,-900,100,"sd","13:09:57",50900
57100,-900,100,"sd","13:09:57",50800
57100,-900,300,"sd","13:09:57",50700
57100,-900,2700,"sd","13:09:03",50400
57100,-900,500,"sd","13:09:03",47700
57200,-800,100,"sd","13:09:01",47200
57200,-800,3000,"sd","13:09:01",47100
57200,-800,500,"sd","13:09:01",44100
57200,-800,200,"sd","13:09:01",43600
57200,-800,100,"sd","13:09:01",43400
57200,-800,2700,"sd","13:08:10",43300
57200,-800,1300,"sd","13:08:10",40600
57200,-800,1000,"sd","13:07:33",39300
57200,-800,100,"sd","13:07:13",38300
57200,-800,600,"sd","13:07:03",38200
57300,-700,100,"sd","13:05:52",37600
57300,-700,100,"sd","13:01:03",37500
57300,-700,400,"sd","13:00:44",37400
57300,-700,100,"sd","13:00:43",37000
57300,-700,100,"sd","13:00:11",36900
57300,-700,500,"sd","13:00:06",36800
57300,-700,300,"sd","13:00:06",36300
57300,-700,200,"sd","13:00:05",36000
57300,-700,300,"sd","13:00:01",35800
57300,-700,500,"sd","11:26:46",35500
57300,-700,200,"sd","11:26:46",35000
57300,-700,800,"sd","11:19:54",34800
57300,-700,100,"sd","11:19:54",34000
57300,-700,100,"sd","11:19:54",33900
57300,-700,100,"sd","11:17:11",33800
57400,-600,400,"sd","11:17:11",33700
57400,-600,100,"sd","11:17:11",33300
57400,-600,500,"bu","11:14:29",33200
57400,-600,1400,"bu","11:14:29",32700
57300,-700,500,"sd","11:09:25",31300
57300,-700,400,"sd","11:06:47",30800
57300,-700,300,"sd","11:06:47",30400
57300,-700,100,"sd","10:56:01",30100
57300,-700,100,"sd","10:54:59",30000
57300,-700,100,"sd","10:54:59",29900
57300,-700,400,"sd","10:54:59",29800
57300,-700,100,"sd","10:45:21",29400
57300,-700,500,"sd","10:45:21",29300
57300,-700,100,"sd","10:45:21",28800
57400,-600,300,"bu","10:41:00",28700
57300,-700,500,"sd","10:36:15",28400
57400,-600,100,"bu","10:25:48",27900
57300,-700,600,"sd","10:25:03",27800
57400,-600,100,"bu","10:24:45",27200
57400,-600,400,"bu","10:21:35",27100
57300,-700,200,"sd","10:19:53",26700
57300,-700,3000,"sd","10:18:00",26500
57300,-700,600,"sd","10:15:29",23500
57300,-700,100,"sd","10:15:29",22900
57400,-600,200,"sd","10:12:46",22800
57400,-600,2000,"sd","10:12:46",22600
57400,-600,500,"sd","10:12:46",20600
58000,0,300,"bu","10:09:46",20100
57300,-700,800,"sd","10:08:58",19800
57300,-700,100,"sd","10:06:45",19000
57300,-700,100,"sd","10:06:45",18900
57400,-600,400,"sd","10:06:45",18800
58000,0,100,"sd","09:59:57",18400
58000,0,200,"sd","09:56:31",18300
58000,0,700,"sd","09:55:53",18100
58000,0,100,"bu","09:54:40",17400
57300,-700,100,"bu","09:51:55",17300
57300,-700,200,"bu","09:50:58",17200
57300,-700,100,"bu","09:50:39",17000
57300,-700,600,"bu","09:50:32",16900
57300,-700,500,"bu","09:50:21",16300
57300,-700,500,"sd","09:50:08",15800
57300,-700,200,"sd","09:50:08",15300
57300,-700,1100,"sd","09:50:08",15100
57300,-700,100,"sd","09:50:08",14000
57400,-600,100,"bu","09:50:08",13900
57400,-600,1000,"sd","09:49:33",13800
57600,-400,500,"sd","09:49:33",12800
57500,-500,400,"sd","09:47:17",12300
57600,-400,2000,"sd","09:47:17",11900
57500,-500,100,"sd","09:46:51",9900
57500,-500,500,"sd","09:46:51",9800
57900,-100,1000,"sd","09:45:08",9300
57900,-100,100,"sd","09:45:08",8300
57900,-100,600,"sd","09:45:08",8200
57900,-100,700,"sd","09:40:50",7600
58000,0,100,"bu","09:40:40",6900
58000,0,500,"bu","09:40:40",6800
58000,0,400,"bu","09:40:40",6300
58000,0,2000,"bu","09:35:30",5900
58000,0,100,"bu","09:35:15",3900
58000,0,500,"bu","09:35:10",3800
58000,0,2000,"bu","09:33:46",3300
57900,-100,600,"sd","09:29:03",1300
57900,-100,100,"sd","09:20:12",700
58000,0,500,"sd","09:20:12",600
58000,0,100,"sd","09:20:12",100
