"price","change","match_qtty","side","time","total_vol"
4500,-200,236400,"unknown","14:45:01",3762200
4550,-150,300,"bu","14:29:54",3525800
4550,-150,1000,"bu","14:29:50",3525500
4550,-150,500,"bu","14:29:47",3524500
4540,-160,700,"sd","14:29:45",3524000
4550,-150,2000,"bu","14:29:43",3523300
4530,-170,1200,"sd","14:29:42",3521300
4540,-160,100,"sd","14:29:42",3520100
4540,-160,700,"sd","14:29:42",3520000
4540,-160,300,"sd","14:29:34",3519300
4530,-170,6800,"bu","14:29:25",3519000
4530,-170,100,"bu","14:29:24",3512200
4530,-170,100,"bu","14:29:24",3512100
4520,-180,1000,"sd","14:29:22",3512000
4520,-180,500,"sd","14:29:22",3511000
4520,-180,200,"sd","14:29:22",3510500
4520,-180,700,"sd","14:29:22",3510300
4520,-180,1000,"sd","14:29:22",3509600
4520,-180,100,"sd","14:29:22",3508600
4520,-180,5000,"sd","14:29:22",3508500
4520,-180,1000,"sd","14:29:22",3503500
4520,-180,100,"sd","14:29:22",3502500
4520,-180,200,"sd","14:29:22",3502400
4520,-180,200,"sd","14:29:22",3502200
4520,-180,10000,"sd","14:29:22",3502000
4530,-170,2000,"bu","14:29:20",3492000
4530,-170,3000,"bu","14:29:20",3490000
4530,-170,1500,"bu","14:29:17",3487000
4530,-170,600,"bu","14:29:16",3485500
4530,-170,4400,"bu","14:29:16",3484900
4530,-170,600,"bu","14:29:14",3480500
4520,-180,1400,"sd","14:29:11",3479900
4520,-180,100,"sd","14:29:11",3478500
4520,-180,3000,"sd","14:29:11",3478400
4520,-180,500,"sd","14:29:11",3475400
4520,-180,2300,"sd","14:29:07",3474900
4520,-180,2200,"sd","14:29:07",3472600
4520,-180,2800,"sd","14:29:07",3470400
4530,-170,2000,"bu","14:29:06",3467600
4530,-170,500,"bu","14:29:06",3465600
4530,-170,1600,"bu","14:29:05",3465100
4530,-170,300,"bu","14:29:00",3463500
4530,-170,100,"bu","14:29:00",3463200
4530,-170,2000,"bu","14:28:58",3463100
4530,-170,8000,"bu","14:28:57",3461100
4520,-180,100,"sd","14:28:55",3453100
4530,-170,500,"bu","14:28:55",3453000
4520,-180,7100,"sd","14:28:54",3452500
4520,-180,2000,"sd","14:28:54",3445400
4520,-180,200,"sd","14:28:54",3443400
4520,-180,1000,"sd","14:28:54",3443200
4520,-180,300,"sd","14:28:54",3442200
4520,-180,100,"sd","14:28:53",3441900
4520,-180,4000,"sd","14:28:53",3441800
4520,-180,100,"sd","14:28:53",3437800
4520,-180,1000,"sd","14:28:53",3437700
4520,-180,1200,"sd","14:28:53",3436700
4530,-170,7200,"bu","14:28:53",3435500
4530,-170,100,"bu","14:28:53",3428300
4530,-170,3800,"bu","14:28:53",3428200
4530,-170,600,"bu","14:28:51",3424400
4530,-170,100,"bu","14:28:49",3423800
4530,-170,500,"bu","14:28:48",3423700
4530,-170,1000,"bu","14:28:48",3423200
4530,-170,200,"bu","14:28:47",3422200
4530,-170,2000,"bu","14:28:46",3422000
4530,-170,1000,"bu","14:28:46",3420000
4530,-170,500,"bu","14:28:46",3419000
4530,-170,500,"bu","14:28:46",3418500
4530,-170,1000,"bu","14:28:46",3418000
4530,-170,10000,"bu","14:28:46",3417000
4530,-170,5000,"bu","14:28:46",3407000
4530,-170,1000,"bu","14:28:46",3402000
4530,-170,100,"bu","14:28:46",3401000
4530,-170,200,"bu","14:28:46",3400900
4530,-170,800,"bu","14:28:46",3400700
4530,-170,1000,"bu","14:28:46",3399900
4530,-170,100,"bu","14:28:46",3398900
4530,-170,300,"bu","14:28:46",3398800
4530,-170,800,"bu","14:28:46",3398500
4530,-170,2100,"bu","14:28:46",3397700
4530,-170,10000,"bu","14:28:46",3395600
4530,-170,2000,"unknown","14:28:46",3385600
4530,-170,1000,"sd","14:28:46",3383600
4530,-170,1700,"sd","14:28:46",3382600
4530,-170,100,"sd","14:28:46",3380900
4530,-170,1000,"sd","14:28:46",3380800
4530,-170,200,"sd","14:28:46",3379800
4530,-170,100,"sd","14:28:46",3379600
4530,-170,300,"sd","14:28:46",3379500
4530,-170,1000,"sd","14:28:46",3379200
4540,-160,2000,"bu","14:28:42",3378200
4540,-160,200,"bu","14:28:41",3376200
4530,-170,300,"sd","14:28:33",3376000
4530,-170,600,"sd","14:28:29",3375700
4540,-160,100,"bu","14:28:26",3375100
4530,-170,1500,"sd","14:28:21",3375000
4530,-170,300,"sd","14:28:20",3373500
4540,-160,500,"bu","14:28:11",3373200
4540,-160,500,"sd","14:28:00",3372700
4540,-160,23000,"sd","14:28:00",3372200
4540,-160,5200,"sd","14:28:00",3349200
4550,-150,800,"sd","14:27:45",3344000
4550,-150,1000,"sd","14:27:45",3343200
4550,-150,7000,"sd","14:27:45",3342200
4550,-150,6700,"sd","14:27:45",3335200
4550,-150,2800,"sd","14:27:38",3328500
4560,-140,500,"bu","14:27:30",3325700
4560,-140,100,"bu","14:27:29",3325200
4560,-140,7600,"bu","14:27:18",3325100
4550,-150,200,"sd","14:27:15",3317500
4550,-150,300,"sd","14:27:14",3317300
4550,-150,500,"sd","14:27:14",3317000
4550,-150,200,"sd","14:27:14",3316500
4550,-150,200,"sd","14:27:13",3316300
4550,-150,600,"sd","14:27:06",3316100
4560,-140,400,"sd","14:27:01",3315500
4560,-140,500,"sd","14:27:01",3315100
4560,-140,100,"sd","14:27:01",3314600
4560,-140,100,"sd","14:26:54",3314500
4560,-140,100,"sd","14:26:54",3314400
4560,-140,300,"sd","14:26:54",3314300
4570,-130,5000,"bu","14:26:44",3314000
4570,-130,2000,"bu","14:26:44",3309000
4570,-130,100,"bu","14:26:16",3307000
4570,-130,3000,"sd","14:26:14",3306900
4570,-130,2000,"sd","14:26:04",3303900
4580,-120,2000,"bu","14:25:56",3301900
4580,-120,8600,"bu","14:25:24",3299900
4580,-120,3000,"bu","14:25:19",3291300
4580,-120,30400,"bu","14:24:48",3288300
4560,-140,800,"bu","14:24:48",3257900
4550,-150,1000,"bu","14:24:48",3257100
4550,-150,7300,"bu","14:24:48",3256100
4550,-150,200,"bu","14:24:48",3248800
4550,-150,300,"bu","14:24:48",3248600
4540,-160,10000,"sd","14:24:47",3248300
4540,-160,2300,"bu","14:24:47",3238300
4540,-160,2500,"bu","14:24:47",3236000
4540,-160,600,"bu","14:24:45",3233500
4540,-160,2000,"bu","14:24:41",3232900
4540,-160,100,"bu","14:24:33",3230900
4540,-160,500,"bu","14:24:28",3230800
4540,-160,1000,"bu","14:24:23",3230300
4540,-160,1000,"bu","14:24:11",3229300
4540,-160,100,"bu","14:24:11",3228300
4540,-160,1000,"bu","14:24:11",3228200
4540,-160,300,"bu","14:24:11",3227200
4540,-160,1000,"bu","14:24:08",3226900
4540,-160,100,"sd","14:24:08",3225900
4540,-160,500,"sd","14:24:08",3225800
4540,-160,200,"sd","14:23:56",3225300
4530,-170,200,"sd","14:23:43",3225100
4530,-170,500,"sd","14:23:43",3224900
4530,-170,4800,"sd","14:23:43",3224400
4540,-160,300,"sd","14:23:43",3219600
4540,-160,900,"bu","14:23:34",3219300
4530,-170,3000,"sd","14:22:06",3218400
4550,-150,3200,"bu","14:22:03",3215400
4540,-160,200,"bu","14:22:03",3212200
4540,-160,500,"bu","14:22:03",3212000
4540,-160,200,"bu","14:22:03",3211500
4540,-160,900,"bu","14:22:03",3211300
4530,-170,200,"sd","14:21:50",3210400
4530,-170,1100,"sd","14:21:01",3210200
4540,-160,100,"sd","14:21:01",3209100
4540,-160,1000,"sd","14:21:01",3209000
4540,-160,1000,"sd","14:21:01",3208000
4540,-160,1800,"sd","14:21:01",3207000
4540,-160,100,"sd","14:20:30",3205200
4540,-160,100,"sd","14:20:20",3205100
4550,-150,200,"bu","14:20:19",3205000
4550,-150,100,"bu","14:20:19",3204800
4550,-150,100,"bu","14:20:19",3204700
4550,-150,300,"sd","14:20:13",3204600
4550,-150,100,"bu","14:19:57",3204300
4550,-150,100,"bu","14:19:46",3204200
4550,-150,3900,"bu","14:19:46",3204100
4550,-150,100,"bu","14:19:18",3200200
4550,-150,900,"bu","14:19:16",3200100
4540,-160,100,"bu","14:19:16",3199200
4530,-170,300,"sd","14:19:16",3199100
4540,-160,100,"sd","14:19:09",3198800
4550,-150,200,"sd","14:18:58",3198700
4560,-140,100,"bu","14:18:49",3198500
4560,-140,600,"bu","14:18:46",3198400
4560,-140,500,"bu","14:18:27",3197800
4550,-150,200,"unknown","14:18:27",3197300
4530,-170,600,"bu","14:18:19",3197100
4520,-180,300,"sd","14:18:18",3196500
4530,-170,2000,"bu","14:18:16",3196200
4530,-170,300,"bu","14:18:14",3194200
4530,-170,100,"bu","14:18:10",3193900
4530,-170,400,"bu","14:18:10",3193800
4530,-170,100,"sd","14:18:07",3193400
4530,-170,100,"sd","14:18:07",3193300
4530,-170,100,"sd","14:18:07",3193200
4530,-170,300,"sd","14:18:07",3193100
4530,-170,9700,"sd","14:17:45",3192800
4530,-170,100,"sd","14:17:45",3183100
4530,-170,200,"sd","14:17:45",3183000
4530,-170,2000,"sd","14:17:45",3182800
4530,-170,3900,"sd","14:17:36",3180800
4530,-170,100,"sd","14:17:25",3176900
4530,-170,100,"sd","14:17:25",3176800
4530,-170,100,"sd","14:17:24",3176700
4530,-170,200,"sd","14:17:23",3176600
4540,-160,400,"bu","14:17:00",3176400
4540,-160,400,"bu","14:16:57",3176000
4540,-160,400,"sd","14:16:57",3175600
4550,-150,1000,"unknown","14:16:46",3175200
4560,-140,8900,"bu","14:16:41",3174200
4560,-140,100,"bu","14:16:26",3165300
4540,-160,600,"sd","14:16:26",3165200
4530,-170,1800,"sd","14:16:15",3164600
4530,-170,200,"sd","14:16:15",3162800
4530,-170,500,"sd","14:16:15",3162600
4530,-170,3000,"sd","14:16:15",3162100
4540,-160,4500,"sd","14:16:15",3159100
4600,-100,1000,"bu","14:15:56",3154600
4540,-160,5500,"sd","14:15:53",3153600
4540,-160,10000,"sd","14:15:53",3148100
4540,-160,1000,"sd","14:15:53",3138100
4540,-160,1000,"sd","14:15:53",3137100
4540,-160,100,"sd","14:15:53",3136100
4540,-160,300,"sd","14:15:53",3136000
4540,-160,2000,"sd","14:15:53",3135700
4540,-160,1000,"sd","14:15:53",3133700
4550,-150,300,"sd","14:15:53",3132700
4550,-150,200,"sd","14:15:52",3132400
4550,-150,200,"sd","14:15:52",3132200
4550,-150,400,"sd","14:15:52",3132000
4560,-140,1500,"sd","14:15:52",3131600
4560,-140,5500,"sd","14:15:48",3130100
4560,-140,400,"sd","14:15:48",3124600
4560,-140,600,"sd","14:15:33",3124200
4560,-140,5000,"sd","14:15:33",3123600
4560,-140,100,"sd","14:15:33",3118600
4560,-140,500,"sd","14:15:33",3118500
4560,-140,3000,"sd","14:15:33",3118000
4560,-140,2000,"sd","14:15:33",3115000
4560,-140,3800,"sd","14:15:33",3113000
4560,-140,300,"sd","14:15:27",3109200
4600,-100,5000,"unknown","14:15:23",3108900
4600,-100,100,"sd","14:14:50",3103900
4560,-140,5900,"sd","14:14:41",3103800
4560,-140,200,"sd","14:14:41",3097900
4560,-140,1100,"sd","14:14:41",3097700
4560,-140,100,"sd","14:14:41",3096600
4560,-140,100,"sd","14:14:41",3096500
4560,-140,4000,"sd","14:14:41",3096400
4560,-140,300,"sd","14:14:41",3092400
4560,-140,300,"sd","14:14:41",3092100
4560,-140,400,"sd","14:14:41",3091800
4570,-130,400,"sd","14:14:41",3091400
4570,-130,100,"sd","14:14:41",3091000
4580,-120,800,"sd","14:14:41",3090900
4580,-120,700,"sd","14:14:41",3090100
4580,-120,200,"sd","14:14:41",3089400
4580,-120,2000,"sd","14:14:41",3089200
4580,-120,100,"sd","14:14:41",3087200
4580,-120,1000,"sd","14:14:41",3087100
4590,-110,5000,"sd","14:14:41",3086100
4590,-110,300,"sd","14:14:41",3081100
4600,-100,1000,"sd","14:14:41",3080800
4600,-100,500,"sd","14:14:41",3079800
4600,-100,5000,"sd","14:14:41",3079300
4600,-100,50000,"sd","14:14:41",3074300
4600,-100,3100,"sd","14:14:41",3024300
4610,-90,100,"sd","14:14:41",3021200
4610,-90,800,"sd","14:14:41",3021100
4610,-90,2000,"sd","14:14:41",3020300
4610,-90,4500,"sd","14:14:41",3018300
4610,-90,1000,"sd","14:14:31",3013800
4610,-90,4500,"sd","14:14:24",3012800
4620,-80,100,"bu","14:14:22",3008300
4600,-100,1900,"sd","14:13:35",3008200
4600,-100,100,"sd","14:13:35",3006300
4610,-90,3000,"unknown","14:13:23",3006200
4610,-90,1000,"bu","14:13:17",3003200
4600,-100,100,"sd","14:13:11",3002200
4600,-100,500,"sd","14:13:11",3002100
4600,-100,400,"sd","14:13:11",3001600
4600,-100,100,"sd","14:12:59",3001200
4600,-100,200,"sd","14:12:59",3001100
4600,-100,200,"bu","14:12:41",3000900
4600,-100,700,"bu","14:12:41",3000700
4600,-100,100,"bu","14:12:37",3000000
4600,-100,200,"bu","14:12:27",2999900
4600,-100,3000,"bu","14:12:27",2999700
4600,-100,200,"bu","14:12:27",2996700
4600,-100,2000,"bu","14:12:27",2996500
4600,-100,500,"bu","14:12:27",2994500
4580,-120,1000,"sd","14:12:00",2994000
4580,-120,300,"bu","14:11:17",2993000
4580,-120,200,"bu","14:11:09",2992700
4580,-120,200,"bu","14:10:57",2992500
4560,-140,800,"sd","14:09:20",2992300
4560,-140,800,"bu","14:08:51",2991500
4560,-140,1000,"bu","14:08:50",2990700
4560,-140,200,"bu","14:08:36",2989700
4550,-150,200,"sd","14:08:35",2989500
4550,-150,400,"bu","14:08:06",2989300
4550,-150,1000,"bu","14:07:46",2988900
4550,-150,100,"bu","14:07:42",2987900
4530,-170,1000,"bu","14:07:01",2987800
4530,-170,600,"bu","14:07:00",2986800
4520,-180,1000,"sd","14:06:47",2986200
4530,-170,5000,"bu","14:06:44",2985200
4530,-170,1000,"bu","14:06:43",2980200
4530,-170,2000,"bu","14:06:30",2979200
4530,-170,100,"bu","14:06:26",2977200
4530,-170,100,"bu","14:06:20",2977100
4530,-170,100,"bu","14:06:19",2977000
4530,-170,100,"bu","14:06:14",2976900
4530,-170,200,"bu","14:06:01",2976800
4530,-170,1000,"sd","14:05:56",2976600
4530,-170,200,"sd","14:05:56",2975600
4530,-170,400,"sd","14:05:56",2975400
4530,-170,1000,"sd","14:05:56",2975000
4530,-170,300,"sd","14:05:56",2974000
4530,-170,100,"sd","14:05:56",2973700
4530,-170,100,"sd","14:05:56",2973600
4530,-170,2000,"sd","14:05:56",2973500
4530,-170,2000,"sd","14:05:56",2971500
4530,-170,100,"sd","14:05:56",2969500
4530,-170,200,"sd","14:05:56",2969400
4560,-140,100,"bu","14:05:47",2969200
4530,-170,2900,"sd","14:05:38",2969100
4530,-170,1700,"sd","14:05:38",2966200
4530,-170,4300,"sd","14:05:38",2964500
4530,-170,100,"sd","14:05:29",2960200
4530,-170,600,"sd","14:05:29",2960100
4530,-170,15700,"sd","14:05:29",2959500
4530,-170,200,"sd","14:05:29",2943800
4530,-170,400,"sd","14:05:29",2943600
4530,-170,2000,"sd","14:05:29",2943200
4530,-170,100,"sd","14:05:29",2941200
4530,-170,200,"sd","14:05:29",2941100
4530,-170,700,"sd","14:05:29",2940900
4550,-150,100,"sd","14:05:27",2940200
4530,-170,1400,"sd","14:05:24",2940100
4530,-170,2700,"sd","14:05:24",2938700
4560,-140,100,"bu","14:05:23",2936000
4530,-170,6200,"sd","14:05:21",2935900
4540,-160,100,"unknown","14:05:21",2929700
4540,-160,1000,"unknown","14:05:21",2929600
4540,-160,500,"unknown","14:05:21",2928600
4540,-160,500,"unknown","14:05:21",2928100
4540,-160,2000,"unknown","14:05:21",2927600
4540,-160,400,"unknown","14:05:21",2925600
4540,-160,500,"unknown","14:05:21",2925200
4540,-160,1000,"unknown","14:05:21",2924700
4540,-160,500,"unknown","14:05:21",2923700
4550,-150,200,"unknown","14:05:21",2923200
4550,-150,2000,"unknown","14:05:21",2923000
4550,-150,1000,"unknown","14:05:21",2921000
4550,-150,200,"unknown","14:05:21",2920000
4550,-150,2000,"unknown","14:05:21",2919800
4550,-150,100,"unknown","14:05:21",2917800
4550,-150,1000,"unknown","14:05:21",2917700
4550,-150,3200,"unknown","14:05:21",2916700
4550,-150,1600,"sd","14:05:21",2913500
4550,-150,5000,"sd","14:05:21",2911900
4550,-150,500,"sd","14:05:21",2906900
4550,-150,100,"sd","14:05:21",2906400
4550,-150,400,"sd","14:05:21",2906300
4560,-140,2500,"bu","14:04:57",2905900
4560,-140,1700,"sd","14:04:40",2903400
4560,-140,4700,"sd","14:04:40",2901700
4560,-140,300,"sd","14:04:36",2897000
4570,-130,4000,"bu","14:04:30",2896700
4560,-140,1000,"sd","14:04:24",2892700
4570,-130,2100,"sd","14:04:23",2891700
4570,-130,100,"sd","14:04:23",2889600
4570,-130,1800,"sd","14:04:23",2889500
4600,-100,1000,"bu","14:04:16",2887700
4600,-100,1000,"bu","14:03:22",2886700
4600,-100,1000,"bu","14:03:10",2885700
4600,-100,100,"bu","14:03:00",2884700
4600,-100,300,"bu","14:02:41",2884600
4600,-100,600,"bu","14:02:41",2884300
4600,-100,400,"bu","14:02:38",2883700
4600,-100,3600,"bu","14:02:38",2883300
4590,-110,1000,"bu","14:02:38",2879700
4590,-110,200,"sd","14:02:36",2878700
4590,-110,7600,"sd","14:02:36",2878500
4590,-110,800,"sd","14:02:36",2870900
4590,-110,100,"sd","14:02:36",2870100
4600,-100,500,"bu","14:02:16",2870000
4600,-100,900,"bu","14:02:08",2869500
4600,-100,1100,"bu","14:02:08",2868600
4600,-100,8900,"bu","14:01:41",2867500
4600,-100,500,"bu","14:01:41",2858600
4580,-120,900,"bu","13:59:41",2858100
4580,-120,100,"bu","13:59:37",2857200
4580,-120,100,"bu","13:59:37",2857100
4570,-130,200,"sd","13:59:05",2857000
4570,-130,200,"sd","13:59:05",2856800
4580,-120,100,"bu","13:58:53",2856600
4580,-120,300,"bu","13:58:53",2856500
4570,-130,700,"bu","13:58:28",2856200
4570,-130,200,"bu","13:58:20",2855500
4570,-130,100,"sd","13:58:19",2855300
4570,-130,1000,"sd","13:58:19",2855200
4570,-130,500,"sd","13:57:54",2854200
4570,-130,1500,"bu","13:57:53",2853700
4570,-130,2000,"bu","13:57:53",2852200
4570,-130,500,"bu","13:57:53",2850200
4570,-130,6000,"bu","13:57:39",2849700
4560,-140,500,"bu","13:57:34",2843700
4560,-140,500,"bu","13:57:34",2843200
4560,-140,100,"bu","13:57:01",2842700
4560,-140,800,"bu","13:56:58",2842600
4560,-140,200,"bu","13:56:48",2841800
4560,-140,400,"bu","13:56:42",2841600
4560,-140,400,"bu","13:56:42",2841200
4560,-140,100,"bu","13:56:35",2840800
4560,-140,100,"bu","13:56:35",2840700
4560,-140,2800,"bu","13:56:32",2840600
4560,-140,600,"bu","13:56:32",2837800
4560,-140,300,"bu","13:56:32",2837200
4560,-140,300,"bu","13:56:32",2836900
4560,-140,1000,"bu","13:56:26",2836600
4560,-140,500,"bu","13:56:26",2835600
4560,-140,5000,"bu","13:56:09",2835100
4560,-140,1000,"bu","13:56:01",2830100
4560,-140,500,"bu","13:55:14",2829100
4560,-140,200,"bu","13:55:13",2828600
4560,-140,100,"sd","13:54:29",2828400
4560,-140,1400,"sd","13:54:29",2828300
4560,-140,1500,"sd","13:54:25",2826900
4560,-140,2100,"sd","13:54:24",2825400
4570,-130,1700,"unknown","13:53:54",2823300
4580,-120,1200,"bu","13:53:52",2821600
4580,-120,800,"sd","13:53:34",2820400
4580,-120,200,"sd","13:53:34",2819600
4600,-100,200,"bu","13:53:05",2819400
4600,-100,200,"bu","13:52:36",2819200
4600,-100,100,"sd","13:52:30",2819000
4600,-100,300,"sd","13:52:30",2818900
4600,-100,1000,"sd","13:52:30",2818600
4600,-100,2000,"sd","13:52:30",2817600
4600,-100,1500,"sd","13:52:30",2815600
4610,-90,1500,"bu","13:52:24",2814100
4600,-100,1500,"sd","13:52:21",2812600
4610,-90,200,"sd","13:52:21",2811100
4610,-90,100,"sd","13:52:21",2810900
4610,-90,200,"sd","13:52:21",2810800
4610,-90,2000,"sd","13:52:17",2810600
4620,-80,100,"sd","13:52:05",2808600
4620,-80,200,"bu","13:51:41",2808500
4620,-80,2800,"bu","13:51:26",2808300
4620,-80,200,"bu","13:51:26",2805500
4620,-80,200,"bu","13:51:18",2805300
4650,-50,9600,"sd","13:51:06",2805100
4660,-40,300,"bu","13:50:59",2795500
4660,-40,300,"bu","13:50:59",2795200
4660,-40,100,"bu","13:50:59",2794900
4660,-40,300,"bu","13:50:59",2794800
4650,-50,1000,"bu","13:50:45",2794500
4660,-40,200,"bu","13:50:24",2793500
4650,-50,400,"bu","13:50:24",2793300
4650,-50,600,"sd","13:50:22",2792900
4660,-40,5000,"bu","13:50:16",2792300
4660,-40,2000,"bu","13:50:02",2787300
4650,-50,300,"sd","13:50:00",2785300
4650,-50,200,"sd","13:49:54",2785000
4660,-40,2500,"bu","13:49:48",2784800
4660,-40,400,"bu","13:49:48",2782300
4660,-40,100,"bu","13:49:48",2781900
4650,-50,1500,"sd","13:49:29",2781800
4650,-50,1000,"sd","13:49:23",2780300
4650,-50,400,"bu","13:49:19",2779300
4650,-50,300,"sd","13:49:14",2778900
4650,-50,300,"sd","13:49:14",2778600
4650,-50,400,"sd","13:48:51",2778300
4650,-50,2700,"sd","13:48:25",2777900
4650,-50,300,"sd","13:48:25",2775200
4660,-40,300,"bu","13:48:17",2774900
4660,-40,1000,"sd","13:48:11",2774600
4660,-40,3600,"sd","13:48:11",2773600
4660,-40,1200,"bu","13:48:09",2770000
4660,-40,100,"bu","13:48:09",2768800
4660,-40,1100,"bu","13:48:09",2768700
4650,-50,100,"sd","13:48:05",2767600
4650,-50,600,"bu","13:47:54",2767500
4650,-50,6600,"bu","13:47:40",2766900
4650,-50,400,"bu","13:47:40",2760300
4650,-50,600,"bu","13:47:21",2759900
4650,-50,400,"bu","13:47:21",2759300
4600,-100,1700,"sd","13:47:12",2758900
4600,-100,200,"bu","13:46:52",2757200
4600,-100,100,"bu","13:46:52",2757000
4600,-100,500,"bu","13:46:47",2756900
4600,-100,600,"bu","13:46:47",2756400
4600,-100,500,"bu","13:46:47",2755800
4600,-100,300,"bu","13:46:47",2755300
4600,-100,100,"bu","13:46:47",2755000
4600,-100,700,"bu","13:46:46",2754900
4600,-100,500,"bu","13:46:46",2754200
4600,-100,500,"bu","13:46:31",2753700
4600,-100,500,"bu","13:46:31",2753200
4600,-100,1000,"bu","13:46:31",2752700
4590,-110,1000,"bu","13:46:31",2751700
4590,-110,2000,"bu","13:46:31",2750700
4580,-120,1000,"sd","13:46:25",2748700
4580,-120,1000,"bu","13:46:16",2747700
4580,-120,500,"bu","13:46:16",2746700
4580,-120,1000,"bu","13:46:13",2746200
4580,-120,2900,"bu","13:46:11",2745200
4570,-130,300,"sd","13:46:07",2742300
4580,-120,4000,"bu","13:46:01",2742000
4570,-130,200,"bu","13:45:50",2738000
4570,-130,100,"bu","13:45:46",2737800
4570,-130,200,"bu","13:45:44",2737700
4570,-130,500,"bu","13:45:44",2737500
4560,-140,100,"sd","13:45:42",2737000
4560,-140,7000,"bu","13:45:38",2736900
4560,-140,3000,"bu","13:45:37",2729900
4560,-140,4000,"bu","13:45:37",2726900
4560,-140,100,"bu","13:45:34",2722900
4560,-140,5000,"bu","13:45:25",2722800
4560,-140,40000,"bu","13:45:23",2717800
4560,-140,54000,"bu","13:45:13",2677800
4550,-150,5000,"unknown","13:45:13",2623800
4550,-150,1000,"unknown","13:45:13",2618800
4540,-160,500,"sd","13:45:05",2617800
4530,-170,1100,"sd","13:44:57",2617300
4530,-170,100,"sd","13:44:57",2616200
4530,-170,1000,"sd","13:44:57",2616100
4530,-170,1600,"sd","13:44:57",2615100
4540,-160,500,"unknown","13:44:57",2613500
4540,-160,500,"unknown","13:44:57",2613000
4540,-160,1200,"unknown","13:44:57",2612500
4540,-160,700,"sd","13:44:44",2611300
4540,-160,28100,"bu","13:44:27",2610600
4540,-160,500,"bu","13:44:08",2582500
4530,-170,2100,"sd","13:44:05",2582000
4530,-170,1100,"sd","13:44:04",2579900
4540,-160,2800,"bu","13:43:46",2578800
4540,-160,700,"bu","13:43:34",2576000
4540,-160,1000,"bu","13:43:21",2575300
4530,-170,100,"sd","13:43:14",2574300
4530,-170,500,"sd","13:43:06",2574200
4530,-170,100,"sd","13:43:06",2573700
4530,-170,100,"sd","13:43:06",2573600
4530,-170,100,"sd","13:43:06",2573500
4530,-170,100,"sd","13:43:06",2573400
4530,-170,100,"sd","13:43:06",2573300
4530,-170,100,"sd","13:43:06",2573200
4530,-170,1500,"sd","13:43:06",2573100
4530,-170,100,"sd","13:43:06",2571600
4530,-170,100,"sd","13:43:06",2571500
4530,-170,100,"sd","13:43:06",2571400
4530,-170,100,"sd","13:43:06",2571300
4530,-170,5000,"sd","13:43:06",2571200
4530,-170,1100,"sd","13:42:43",2566200
4540,-160,100,"bu","13:42:37",2565100
4530,-170,100,"sd","13:42:31",2565000
4540,-160,100,"bu","13:42:22",2564900
4540,-160,200,"bu","13:42:10",2564800
4540,-160,100,"bu","13:42:10",2564600
4540,-160,1000,"bu","13:42:10",2564500
4540,-160,1000,"bu","13:42:10",2563500
4540,-160,500,"bu","13:42:10",2562500
4540,-160,100,"bu","13:42:10",2562000
4540,-160,2500,"bu","13:42:10",2561900
4540,-160,100,"bu","13:42:10",2559400
4540,-160,2000,"bu","13:42:10",2559300
4540,-160,500,"sd","13:42:10",2557300
4540,-160,500,"sd","13:42:10",2556800
4540,-160,500,"sd","13:42:10",2556300
4540,-160,4400,"sd","13:42:10",2555800
4540,-160,100,"sd","13:42:10",2551400
4540,-160,2500,"sd","13:42:10",2551300
4540,-160,10000,"sd","13:42:10",2548800
4540,-160,100,"sd","13:42:10",2538800
4540,-160,300,"sd","13:42:10",2538700
4540,-160,300,"sd","13:42:10",2538400
4560,-140,100,"bu","13:42:08",2538100
4550,-150,1000,"sd","13:41:38",2538000
4550,-150,300,"sd","13:41:35",2537000
4550,-150,1800,"sd","13:41:35",2536700
4550,-150,200,"bu","13:41:21",2534900
4550,-150,700,"bu","13:41:12",2534700
4550,-150,2300,"bu","13:41:12",2534000
4550,-150,5000,"bu","13:41:12",2531700
4550,-150,3500,"bu","13:41:03",2526700
4550,-150,1500,"sd","13:40:32",2523200
4550,-150,800,"sd","13:40:32",2521700
4550,-150,200,"bu","13:40:30",2520900
4550,-150,200,"bu","13:40:21",2520700
4550,-150,200,"sd","13:39:56",2520500
4550,-150,5000,"sd","13:39:56",2520300
4550,-150,900,"sd","13:39:56",2515300
4550,-150,2800,"sd","13:39:56",2514400
4550,-150,100,"sd","13:39:56",2511600
4550,-150,300,"sd","13:39:56",2511500
4550,-150,2000,"sd","13:39:56",2511200
4550,-150,1000,"sd","13:39:56",2509200
4550,-150,1200,"sd","13:39:56",2508200
4550,-150,500,"sd","13:39:56",2507000
4550,-150,2000,"sd","13:39:54",2506500
4550,-150,500,"sd","13:39:44",2504500
4560,-140,1000,"bu","13:39:30",2504000
4550,-150,3000,"sd","13:39:28",2503000
4550,-150,10000,"sd","13:39:28",2500000
4550,-150,100,"sd","13:39:27",2490000
4550,-150,500,"sd","13:39:27",2489900
4550,-150,800,"sd","13:39:27",2489400
4550,-150,500,"sd","13:39:27",2488600
4550,-150,100,"sd","13:39:27",2488100
4550,-150,100,"sd","13:39:27",2488000
4550,-150,500,"sd","13:39:27",2487900
4550,-150,1000,"sd","13:39:27",2487400
4550,-150,1000,"sd","13:39:13",2486400
4550,-150,2000,"sd","13:39:10",2485400
4560,-140,2000,"bu","13:39:04",2483400
4560,-140,500,"bu","13:39:00",2481400
4560,-140,100,"bu","13:38:52",2480900
4560,-140,15000,"bu","13:38:38",2480800
4560,-140,1000,"sd","13:38:23",2465800
4560,-140,5000,"sd","13:38:23",2464800
4560,-140,1000,"sd","13:38:23",2459800
4560,-140,100,"sd","13:38:23",2458800
4560,-140,700,"sd","13:38:23",2458700
4560,-140,3800,"sd","13:38:23",2458000
4570,-130,100,"sd","13:38:23",2454200
4570,-130,100,"sd","13:38:23",2454100
4570,-130,6400,"sd","13:38:23",2454000
4570,-130,100,"unknown","13:37:58",2447600
4570,-130,10000,"unknown","13:37:58",2447500
4570,-130,10000,"unknown","13:37:58",2437500
4570,-130,3500,"unknown","13:37:58",2427500
4560,-140,2000,"sd","13:37:54",2424000
4560,-140,4200,"sd","13:37:41",2422000
4560,-140,2000,"sd","13:37:41",2417800
4560,-140,3000,"sd","13:37:41",2415800
4560,-140,100,"sd","13:37:41",2412800
4560,-140,1000,"sd","13:37:41",2412700
4560,-140,100,"sd","13:37:41",2411700
4560,-140,100,"sd","13:37:41",2411600
4560,-140,5000,"sd","13:37:41",2411500
4560,-140,100,"sd","13:37:41",2406500
4560,-140,400,"sd","13:37:41",2406400
4570,-130,100,"bu","13:37:31",2406000
4570,-130,100,"bu","13:37:18",2405900
4560,-140,600,"sd","13:37:16",2405800
4560,-140,400,"sd","13:37:16",2405200
4570,-130,400,"bu","13:37:16",2404800
4570,-130,100,"bu","13:37:06",2404400
4570,-130,100,"bu","13:36:57",2404300
4570,-130,100,"bu","13:36:48",2404200
4560,-140,600,"sd","13:36:38",2404100
4560,-140,500,"sd","13:36:38",2403500
4560,-140,400,"sd","13:36:38",2403000
4570,-130,800,"bu","13:36:36",2402600
4570,-130,1000,"bu","13:36:10",2401800
4560,-140,100,"sd","13:35:57",2400800
4560,-140,100,"sd","13:35:27",2400700
4560,-140,400,"sd","13:35:08",2400600
4560,-140,100,"sd","13:35:08",2400200
4560,-140,100,"sd","13:35:08",2400100
4560,-140,400,"sd","13:34:38",2400000
4560,-140,1600,"sd","13:34:32",2399600
4560,-140,100,"sd","13:34:32",2398000
4570,-130,2000,"bu","13:34:23",2397900
4570,-130,100,"bu","13:34:00",2395900
4560,-140,200,"sd","13:33:58",2395800
4560,-140,700,"sd","13:33:48",2395600
4560,-140,300,"sd","13:33:48",2394900
4560,-140,2700,"sd","13:33:45",2394600
4560,-140,1200,"sd","13:33:45",2391900
4570,-130,5000,"bu","13:33:44",2390700
4560,-140,500,"sd","13:33:35",2385700
4560,-140,500,"sd","13:32:59",2385200
4570,-130,400,"bu","13:32:55",2384700
4560,-140,1000,"sd","13:32:44",2384300
4570,-130,500,"bu","13:32:37",2383300
4570,-130,200,"bu","13:32:32",2382800
4560,-140,100,"sd","13:32:30",2382600
4560,-140,100,"sd","13:32:17",2382500
4560,-140,1600,"bu","13:31:59",2382400
4560,-140,2000,"sd","13:31:52",2380800
4560,-140,200,"sd","13:31:52",2378800
4560,-140,1200,"sd","13:31:52",2378600
4560,-140,100,"bu","13:31:38",2377400
4560,-140,1100,"bu","13:31:38",2377300
4560,-140,2600,"bu","13:31:38",2376200
4560,-140,100,"bu","13:31:37",2373600
4560,-140,500,"bu","13:31:35",2373500
4560,-140,6800,"bu","13:31:01",2373000
4560,-140,1200,"bu","13:31:01",2366200
4560,-140,300,"bu","13:30:43",2365000
4560,-140,500,"bu","13:30:39",2364700
4560,-140,1000,"bu","13:30:37",2364200
4550,-150,3000,"sd","13:30:34",2363200
4560,-140,4000,"bu","13:30:33",2360200
4560,-140,1300,"bu","13:30:29",2356200
4560,-140,1700,"bu","13:30:29",2354900
4560,-140,300,"bu","13:30:29",2353200
4560,-140,1000,"bu","13:30:29",2352900
4560,-140,2000,"bu","13:30:29",2351900
4560,-140,500,"bu","13:30:24",2349900
4560,-140,1000,"bu","13:30:16",2349400
4550,-150,1800,"sd","13:29:59",2348400
4560,-140,10000,"bu","13:29:58",2346600
4550,-150,1000,"sd","13:29:55",2336600
4550,-150,1100,"bu","13:29:30",2335600
4550,-150,100,"sd","13:29:23",2334500
4550,-150,1300,"sd","13:29:23",2334400
4550,-150,1700,"sd","13:29:13",2333100
4550,-150,5000,"bu","13:29:12",2331400
4550,-150,1000,"bu","13:29:08",2326400
4550,-150,100,"bu","13:29:07",2325400
4550,-150,1000,"bu","13:29:06",2325300
4550,-150,200,"bu","13:28:57",2324300
4550,-150,1300,"bu","13:28:57",2324100
4550,-150,500,"bu","13:28:57",2322800
4550,-150,1000,"bu","13:28:49",2322300
4540,-160,2500,"bu","13:28:01",2321300
4540,-160,1000,"bu","13:28:01",2318800
4540,-160,2200,"bu","13:28:01",2317800
4540,-160,500,"bu","13:27:58",2315600
4540,-160,1000,"bu","13:27:51",2315100
4540,-160,100,"bu","13:27:47",2314100
4540,-160,200,"bu","13:27:46",2314000
4540,-160,1000,"sd","13:27:34",2313800
4540,-160,2200,"sd","13:27:34",2312800
4540,-160,100,"sd","13:27:34",2310600
4540,-160,500,"sd","13:27:34",2310500
4550,-150,100,"bu","13:27:34",2310000
4540,-160,100,"sd","13:27:34",2309900
4540,-160,100,"sd","13:27:34",2309800
4540,-160,10000,"sd","13:27:34",2309700
4540,-160,2000,"sd","13:27:34",2299700
4550,-150,300,"bu","13:27:28",2297700
4550,-150,300,"bu","13:27:23",2297400
4550,-150,300,"bu","13:27:15",2297100
4550,-150,200,"bu","13:26:50",2296800
4550,-150,500,"sd","13:26:47",2296600
4550,-150,300,"sd","13:26:39",2296100
4550,-150,500,"bu","13:26:35",2295800
4550,-150,1700,"bu","13:26:35",2295300
4550,-150,100,"bu","13:26:33",2293600
4540,-160,800,"sd","13:26:30",2293500
4540,-160,100,"sd","13:26:30",2292700
4540,-160,2000,"sd","13:26:30",2292600
4540,-160,100,"sd","13:26:30",2290600
4540,-160,3000,"sd","13:26:30",2290500
4540,-160,100,"sd","13:26:30",2287500
4540,-160,1000,"sd","13:26:30",2287400
4540,-160,2900,"sd","13:26:30",2286400
4550,-150,2000,"bu","13:26:15",2283500
4550,-150,3200,"bu","13:26:08",2281500
4550,-150,1800,"bu","13:26:08",2278300
4550,-150,1000,"bu","13:26:07",2276500
4550,-150,100,"bu","13:26:00",2275500
4550,-150,100,"bu","13:25:49",2275400
4550,-150,1000,"bu","13:25:48",2275300
4550,-150,500,"bu","13:25:43",2274300
4550,-150,5500,"bu","13:25:43",2273800
4550,-150,4500,"bu","13:25:36",2268300
4550,-150,100,"sd","13:25:29",2263800
4550,-150,300,"sd","13:25:29",2263700
4550,-150,300,"sd","13:25:29",2263400
4550,-150,900,"sd","13:25:29",2263100
4550,-150,300,"sd","13:25:29",2262200
4550,-150,400,"sd","13:25:29",2261900
4550,-150,2200,"sd","13:25:29",2261500
4550,-150,200,"sd","13:25:29",2259300
4550,-150,100,"sd","13:25:29",2259100
4550,-150,1000,"sd","13:25:29",2259000
4550,-150,500,"sd","13:25:29",2258000
4550,-150,200,"sd","13:25:29",2257500
4550,-150,1000,"sd","13:25:29",2257300
4550,-150,6000,"sd","13:25:29",2256300
4550,-150,1200,"sd","13:25:29",2250300
4550,-150,200,"sd","13:25:29",2249100
4550,-150,200,"sd","13:25:29",2248900
4550,-150,400,"sd","13:25:29",2248700
4550,-150,9600,"sd","13:25:27",2248300
4550,-150,400,"sd","13:25:27",2238700
4560,-140,2000,"bu","13:25:26",2238300
4560,-140,2000,"bu","13:25:21",2236300
4550,-150,600,"sd","13:25:20",2234300
4550,-150,7600,"sd","13:25:20",2233700
4550,-150,1800,"sd","13:25:20",2226100
4550,-150,4000,"sd","13:25:15",2224300
4550,-150,200,"sd","13:25:15",2220300
4550,-150,1000,"sd","13:25:15",2220100
4550,-150,4800,"sd","13:25:15",2219100
4560,-140,1000,"bu","13:25:11",2214300
4550,-150,4200,"sd","13:25:07",2213300
4550,-150,2000,"sd","13:25:07",2209100
4550,-150,500,"sd","13:25:07",2207100
4550,-150,500,"sd","13:25:07",2206600
4550,-150,500,"sd","13:25:07",2206100
4550,-150,2300,"sd","13:25:07",2205600
4560,-140,1500,"bu","13:25:02",2203300
4560,-140,500,"bu","13:25:02",2201800
4560,-140,500,"bu","13:24:50",2201300
4560,-140,200,"bu","13:24:49",2200800
4560,-140,500,"bu","13:24:46",2200600
4560,-140,3000,"bu","13:24:41",2200100
4560,-140,600,"bu","13:24:24",2197100
4560,-140,400,"bu","13:24:24",2196500
4560,-140,500,"bu","13:24:22",2196100
4560,-140,2000,"bu","13:24:17",2195600
4560,-140,1000,"bu","13:24:12",2193600
4560,-140,5000,"bu","13:23:43",2192600
4560,-140,1100,"bu","13:23:41",2187600
4560,-140,900,"bu","13:23:41",2186500
4560,-140,5000,"bu","13:23:35",2185600
4550,-150,1000,"sd","13:23:28",2180600
4560,-140,500,"bu","13:23:27",2179600
4560,-140,500,"bu","13:23:22",2179100
4560,-140,3000,"bu","13:23:13",2178600
4560,-140,100,"bu","13:23:11",2175600
4550,-150,1900,"sd","13:22:52",2175500
4550,-150,4000,"sd","13:22:34",2173600
4560,-140,500,"sd","13:22:26",2169600
4560,-140,5000,"sd","13:22:26",2169100
4560,-140,200,"sd","13:22:26",2164100
4570,-130,200,"bu","13:22:03",2163900
4560,-140,1000,"sd","13:22:01",2163700
4560,-140,1200,"sd","13:22:01",2162700
4560,-140,100,"sd","13:22:01",2161500
4560,-140,700,"sd","13:22:01",2161400
4560,-140,4000,"sd","13:22:01",2160700
4570,-130,500,"bu","13:21:52",2156700
4560,-140,500,"sd","13:21:49",2156200
4560,-140,500,"sd","13:21:49",2155700
4560,-140,100,"sd","13:21:49",2155200
4560,-140,500,"sd","13:21:49",2155100
4560,-140,500,"sd","13:21:49",2154600
4560,-140,100,"sd","13:21:49",2154100
4560,-140,1000,"sd","13:21:49",2154000
4560,-140,500,"sd","13:21:49",2153000
4560,-140,100,"sd","13:21:49",2152500
4560,-140,500,"sd","13:21:49",2152400
4560,-140,200,"sd","13:21:49",2151900
4560,-140,500,"sd","13:21:49",2151700
4570,-130,10000,"bu","13:21:39",2151200
4570,-130,300,"bu","13:21:35",2141200
4570,-130,100,"sd","13:21:30",2140900
4570,-130,4000,"sd","13:21:30",2140800
4570,-130,500,"sd","13:21:30",2136800
4570,-130,300,"bu","13:21:21",2136300
4570,-130,100,"bu","13:21:20",2136000
4570,-130,500,"bu","13:21:15",2135900
4570,-130,2000,"sd","13:21:13",2135400
4570,-130,100,"sd","13:21:13",2133400
4570,-130,2000,"sd","13:21:13",2133300
4580,-120,1600,"bu","13:21:10",2131300
4580,-120,1400,"bu","13:21:10",2129700
4580,-120,2300,"bu","13:21:02",2128300
4570,-130,2700,"bu","13:21:02",2126000
4570,-130,2300,"sd","13:20:59",2123300
4580,-120,200,"bu","13:20:56",2121000
4570,-130,5000,"bu","13:20:52",2120800
4570,-130,600,"bu","13:20:52",2115800
4570,-130,2100,"bu","13:20:52",2115200
4570,-130,400,"sd","13:20:43",2113100
4570,-130,1000,"sd","13:20:43",2112700
4570,-130,500,"sd","13:20:43",2111700
4570,-130,2500,"sd","13:20:43",2111200
4580,-120,5000,"bu","13:20:42",2108700
4570,-130,500,"bu","13:20:32",2103700
4570,-130,300,"bu","13:20:21",2103200
4570,-130,100,"bu","13:20:20",2102900
4580,-120,500,"bu","13:20:18",2102800
4580,-120,100,"bu","13:20:16",2102300
4580,-120,100,"bu","13:20:00",2102200
4580,-120,400,"bu","13:19:57",2102100
4580,-120,500,"bu","13:19:57",2101700
4580,-120,3400,"bu","13:19:57",2101200
4570,-130,2700,"bu","13:19:57",2097800
4570,-130,100,"sd","13:19:54",2095100
4570,-130,1000,"sd","13:19:54",2095000
4570,-130,500,"sd","13:19:54",2094000
4570,-130,100,"sd","13:19:54",2093500
4570,-130,600,"sd","13:19:54",2093400
4580,-120,500,"bu","13:19:53",2092800
4570,-130,400,"bu","13:19:23",2092300
4570,-130,500,"sd","13:19:15",2091900
4570,-130,200,"sd","13:19:15",2091400
4570,-130,100,"sd","13:19:15",2091200
4570,-130,1000,"sd","13:19:15",2091100
4570,-130,200,"sd","13:19:15",2090100
4570,-130,200,"sd","13:19:15",2089900
4570,-130,200,"sd","13:19:15",2089700
4570,-130,400,"sd","13:19:15",2089500
4570,-130,1800,"sd","13:19:15",2089100
4570,-130,1500,"sd","13:18:56",2087300
4570,-130,100,"sd","13:18:38",2085800
4570,-130,100,"sd","13:18:38",2085700
4570,-130,100,"sd","13:18:31",2085600
4570,-130,100,"sd","13:18:31",2085500
4570,-130,300,"sd","13:18:15",2085400
4580,-120,1000,"bu","13:18:12",2085100
4570,-130,100,"sd","13:18:06",2084100
4580,-120,5000,"bu","13:17:58",2084000
4570,-130,100,"sd","13:17:53",2079000
4570,-130,100,"sd","13:17:53",2078900
4570,-130,5000,"sd","13:17:53",2078800
4570,-130,100,"sd","13:17:53",2073800
4570,-130,100,"sd","13:17:53",2073700
4580,-120,100,"bu","13:17:51",2073600
4590,-110,100,"bu","13:17:47",2073500
4580,-120,200,"unknown","13:17:39",2073400
4590,-110,100,"bu","13:17:19",2073200
4570,-130,500,"sd","13:16:54",2073100
4560,-140,1500,"bu","13:15:45",2072600
4560,-140,300,"bu","13:15:37",2071100
4560,-140,200,"bu","13:15:35",2070800
4560,-140,800,"bu","13:15:35",2070600
4560,-140,1000,"bu","13:15:35",2069800
4550,-150,200,"sd","13:15:33",2068800
4560,-140,100,"bu","13:15:25",2068600
4550,-150,200,"sd","13:15:24",2068500
4550,-150,200,"sd","13:15:11",2068300
4560,-140,100,"bu","13:15:10",2068100
4550,-150,1000,"bu","13:14:43",2068000
4550,-150,4200,"bu","13:14:43",2067000
4550,-150,500,"bu","13:14:40",2062800
4550,-150,100,"bu","13:14:38",2062300
4550,-150,100,"bu","13:14:37",2062200
4550,-150,400,"bu","13:14:37",2062100
4550,-150,5000,"bu","13:14:35",2061700
4550,-150,1000,"bu","13:14:35",2056700
4550,-150,500,"bu","13:14:33",2055700
4540,-160,2100,"sd","13:14:33",2055200
4540,-160,1000,"sd","13:14:33",2053100
4540,-160,500,"sd","13:14:33",2052100
4540,-160,1000,"sd","13:14:33",2051600
4540,-160,5000,"sd","13:14:33",2050600
4540,-160,100,"sd","13:14:33",2045600
4540,-160,300,"sd","13:14:33",2045500
4550,-150,1000,"bu","13:14:21",2045200
4550,-150,1000,"bu","13:13:59",2044200
4540,-160,400,"sd","13:13:56",2043200
4550,-150,100,"bu","13:13:34",2042800
4540,-160,300,"sd","13:13:31",2042700
4540,-160,700,"sd","13:13:31",2042400
4540,-160,300,"bu","13:13:15",2041700
4540,-160,100,"sd","13:13:01",2041400
4540,-160,1000,"sd","13:13:00",2041300
4540,-160,100,"sd","13:13:00",2040300
4540,-160,100,"bu","13:12:31",2040200
4540,-160,900,"sd","13:12:28",2040100
4540,-160,2100,"sd","13:12:28",2039200
4540,-160,400,"sd","13:12:28",2037100
4540,-160,100,"sd","13:12:27",2036700
4540,-160,500,"sd","13:12:17",2036600
4540,-160,500,"sd","13:12:17",2036100
4540,-160,1000,"sd","13:12:17",2035600
4540,-160,1000,"sd","13:12:17",2034600
4540,-160,1000,"sd","13:12:17",2033600
4550,-150,500,"bu","13:12:10",2032600
4550,-150,1000,"bu","13:12:09",2032100
4550,-150,2000,"sd","13:12:09",2031100
4550,-150,1000,"sd","13:12:09",2029100
4550,-150,1600,"sd","13:12:09",2028100
4550,-150,800,"sd","13:11:52",2026500
4550,-150,100,"sd","13:11:52",2025700
4540,-160,2300,"sd","13:11:34",2025600
4550,-150,2700,"sd","13:11:34",2023300
4560,-140,2000,"bu","13:11:34",2020600
4550,-150,500,"bu","13:11:33",2018600
4550,-150,1500,"bu","13:11:33",2018100
4550,-150,300,"bu","13:11:33",2016600
4550,-150,1100,"bu","13:11:31",2016300
4550,-150,1900,"bu","13:11:31",2015200
4540,-160,1200,"sd","13:11:15",2013300
4540,-160,600,"sd","13:11:15",2012100
4550,-150,100,"bu","13:11:13",2011500
4540,-160,400,"bu","13:11:09",2011400
4540,-160,200,"bu","13:11:08",2011000
4540,-160,400,"bu","13:11:05",2010800
4540,-160,100,"bu","13:11:05",2010400
4540,-160,100,"sd","13:10:59",2010300
4540,-160,400,"sd","13:10:53",2010200
4540,-160,500,"sd","13:10:51",2009800
4540,-160,500,"sd","13:10:51",2009300
4540,-160,1000,"sd","13:10:51",2008800
4540,-160,1000,"sd","13:10:37",2007800
4550,-150,500,"bu","13:10:33",2006800
4550,-150,1000,"bu","13:10:29",2006300
4550,-150,1400,"bu","13:10:26",2005300
4550,-150,100,"bu","13:10:17",2003900
4550,-150,500,"bu","13:10:17",2003800
4550,-150,100,"bu","13:10:17",2003300
4550,-150,100,"bu","13:10:17",2003200
4550,-150,200,"bu","13:10:17",2003100
4530,-170,1400,"sd","13:10:16",2002900
4540,-160,200,"sd","13:10:16",2001500
4550,-150,100,"bu","13:09:56",2001300
4550,-150,100,"bu","13:09:52",2001200
4550,-150,500,"bu","13:09:50",2001100
4550,-150,100,"bu","13:09:42",2000600
4550,-150,100,"bu","13:09:42",2000500
4530,-170,5900,"sd","13:09:39",2000400
4540,-160,100,"sd","13:09:39",1994500
4540,-160,200,"sd","13:09:39",1994400
4540,-160,100,"sd","13:09:39",1994200
4540,-160,100,"sd","13:09:39",1994100
4540,-160,500,"sd","13:09:39",1994000
4540,-160,1000,"sd","13:09:39",1993500
4540,-160,500,"sd","13:09:39",1992500
4540,-160,600,"sd","13:09:39",1992000
4540,-160,600,"sd","13:09:39",1991400
4540,-160,400,"sd","13:09:39",1990800
4540,-160,600,"sd","13:09:38",1990400
4550,-150,100,"bu","13:09:22",1989800
4550,-150,100,"bu","13:09:04",1989700
4550,-150,300,"bu","13:08:59",1989600
4550,-150,1000,"bu","13:08:59",1989300
4550,-150,1000,"bu","13:08:51",1988300
4550,-150,100,"sd","13:08:37",1987300
4550,-150,7300,"sd","13:08:37",1987200
4550,-150,2700,"sd","13:08:36",1979900
4550,-150,1000,"sd","13:08:36",1977200
4550,-150,500,"sd","13:08:36",1976200
4550,-150,3000,"sd","13:08:36",1975700
4550,-150,1000,"sd","13:08:36",1972700
4550,-150,100,"sd","13:08:36",1971700
4550,-150,1000,"sd","13:08:36",1971600
4550,-150,200,"sd","13:08:36",1970600
4550,-150,100,"sd","13:08:36",1970400
4550,-150,400,"sd","13:08:36",1970300
4550,-150,100,"sd","13:08:29",1969900
4570,-130,200,"bu","13:08:26",1969800
4570,-130,800,"bu","13:08:26",1969600
4560,-140,300,"sd","13:08:19",1968800
4560,-140,2000,"sd","13:08:19",1968500
4560,-140,100,"sd","13:08:19",1966500
4560,-140,1100,"sd","13:08:19",1966400
4570,-130,400,"sd","13:08:02",1965300
4570,-130,100,"sd","13:08:02",1964900
4570,-130,100,"sd","13:08:02",1964800
4570,-130,100,"sd","13:08:02",1964700
4570,-130,4900,"sd","13:07:49",1964600
4570,-130,100,"sd","13:07:49",1959700
4570,-130,2800,"sd","13:07:49",1959600
4570,-130,100,"sd","13:07:34",1956800
4570,-130,200,"sd","13:07:34",1956700
4570,-130,100,"sd","13:07:34",1956500
4570,-130,600,"sd","13:07:34",1956400
4580,-120,300,"sd","13:07:26",1955800
4580,-120,100,"sd","13:07:26",1955500
4570,-130,100,"sd","13:07:14",1955400
4580,-120,500,"sd","13:06:59",1955300
4580,-120,100,"sd","13:06:59",1954800
4580,-120,400,"sd","13:06:59",1954700
4580,-120,200,"sd","13:06:59",1954300
4580,-120,100,"sd","13:06:59",1954100
4580,-120,300,"sd","13:06:59",1954000
4590,-110,500,"bu","13:06:56",1953700
4590,-110,200,"bu","13:06:56",1953200
4590,-110,100,"bu","13:06:56",1953000
4590,-110,1400,"bu","13:06:56",1952900
4590,-110,100,"sd","13:06:54",1951500
4590,-110,2000,"sd","13:06:48",1951400
4590,-110,500,"sd","13:06:35",1949400
4590,-110,500,"sd","13:06:35",1948900
4590,-110,1000,"sd","13:06:35",1948400
4590,-110,1000,"sd","13:06:35",1947400
4590,-110,200,"sd","13:06:20",1946400
4600,-100,100,"bu","13:06:16",1946200
4600,-100,100,"bu","13:06:12",1946100
4600,-100,1400,"bu","13:06:09",1946000
4600,-100,4800,"sd","13:05:57",1944600
4600,-100,800,"sd","13:05:57",1939800
4600,-100,400,"sd","13:05:57",1939000
4600,-100,2000,"sd","13:05:57",1938600
4600,-100,100,"sd","13:05:57",1936600
4600,-100,100,"sd","13:05:57",1936500
4600,-100,300,"sd","13:05:47",1936400
4610,-90,500,"bu","13:05:45",1936100
4600,-100,200,"sd","13:05:36",1935600
4600,-100,100,"sd","13:05:32",1935400
4600,-100,500,"bu","13:05:19",1935300
4600,-100,100,"bu","13:05:19",1934800
4600,-100,100,"bu","13:05:19",1934700
4600,-100,400,"bu","13:05:03",1934600
4600,-100,100,"bu","13:05:03",1934200
4590,-110,100,"sd","13:05:02",1934100
4590,-110,500,"sd","13:04:37",1934000
4600,-100,900,"bu","13:04:32",1933500
4600,-100,100,"bu","13:04:32",1932600
4590,-110,200,"bu","13:04:21",1932500
4590,-110,100,"bu","13:04:19",1932300
4590,-110,500,"bu","13:04:18",1932200
4590,-110,100,"sd","13:03:53",1931700
4590,-110,600,"sd","13:03:53",1931600
4590,-110,200,"sd","13:03:33",1931000
4600,-100,500,"bu","13:03:31",1930800
4590,-110,1000,"sd","13:03:30",1930300
4600,-100,100,"bu","13:03:16",1929300
4600,-100,100,"bu","13:02:55",1929200
4600,-100,700,"sd","13:02:54",1929100
4600,-100,300,"sd","13:02:50",1928400
4600,-100,500,"sd","13:02:50",1928100
4600,-100,200,"sd","13:02:50",1927600
4600,-100,300,"sd","13:02:46",1927400
4600,-100,700,"sd","13:02:45",1927100
4600,-100,1500,"sd","13:02:44",1926400
4600,-100,800,"sd","13:02:42",1924900
4600,-100,100,"sd","13:02:42",1924100
4600,-100,5000,"sd","13:02:41",1924000
4600,-100,3000,"sd","13:02:41",1919000
4600,-100,1000,"sd","13:02:41",1916000
4600,-100,400,"sd","13:02:41",1915000
4600,-100,4000,"sd","13:02:36",1914600
4600,-100,3000,"sd","13:02:34",1910600
4600,-100,2100,"sd","13:02:34",1907600
4600,-100,2400,"sd","13:02:34",1905500
4600,-100,10000,"sd","13:02:34",1903100
4600,-100,10000,"sd","13:02:34",1893100
4600,-100,5000,"sd","13:02:34",1883100
4600,-100,500,"sd","13:02:34",1878100
4600,-100,1000,"sd","13:02:34",1877600
4600,-100,1800,"sd","13:02:34",1876600
4600,-100,5000,"sd","13:02:34",1874800
4600,-100,1100,"sd","13:02:34",1869800
4600,-100,11800,"sd","13:02:34",1868700
4600,-100,5600,"sd","13:02:34",1856900
4600,-100,500,"sd","13:02:34",1851300
4600,-100,200,"sd","13:02:34",1850800
4600,-100,7000,"sd","13:02:30",1850600
4600,-100,1000,"sd","13:02:29",1843600
4600,-100,100,"sd","13:02:28",1842600
4600,-100,100,"sd","13:02:27",1842500
4600,-100,1800,"sd","13:02:27",1842400
4600,-100,100,"sd","13:02:27",1840600
4600,-100,200,"sd","13:02:18",1840500
4600,-100,800,"sd","13:02:18",1840300
4610,-90,100,"bu","13:02:14",1839500
4600,-100,200,"sd","13:01:59",1839400
4600,-100,200,"sd","13:01:59",1839200
4600,-100,1000,"sd","13:01:50",1839000
4610,-90,1000,"bu","13:01:36",1838000
4660,-40,900,"bu","13:01:33",1837000
4650,-50,9000,"bu","13:01:33",1836100
4610,-90,100,"bu","13:01:33",1827100
4610,-90,100,"sd","13:01:29",1827000
4600,-100,5800,"sd","13:01:21",1826900
4600,-100,2000,"sd","13:01:21",1821100
4600,-100,100,"sd","13:01:21",1819100
4600,-100,500,"sd","13:01:21",1819000
4600,-100,100,"sd","13:01:21",1818500
4600,-100,200,"sd","13:01:21",1818400
4610,-90,1000,"sd","13:01:21",1817900
4610,-90,300,"sd","13:01:21",1818200
4650,-50,2000,"bu","13:01:06",1816900
4630,-70,100,"bu","13:01:06",1814900
4630,-70,6900,"bu","13:01:06",1814800
4620,-80,1000,"bu","13:01:06",1807900
4620,-80,1800,"sd","13:01:05",1806900
4620,-80,1000,"sd","13:01:03",1805100
4620,-80,7200,"sd","13:00:47",1804100
4620,-80,200,"sd","13:00:47",1796900
4620,-80,100,"sd","13:00:47",1796700
4630,-70,100,"sd","13:00:40",1796600
4630,-70,100,"sd","13:00:40",1796500
4630,-70,500,"sd","13:00:40",1796400
4630,-70,1000,"sd","13:00:40",1795900
4630,-70,200,"sd","13:00:40",1794900
4630,-70,200,"sd","13:00:40",1794700
4630,-70,300,"sd","13:00:40",1794500
4630,-70,700,"sd","13:00:40",1794200
4630,-70,300,"sd","13:00:31",1793500
4630,-70,1900,"sd","13:00:31",1793200
4630,-70,600,"sd","13:00:26",1791300
4630,-70,400,"sd","13:00:26",1790700
4660,-40,500,"bu","13:00:23",1790300
4650,-50,500,"sd","13:00:23",1789800
4650,-50,10000,"sd","13:00:22",1789300
4650,-50,200,"sd","13:00:22",1779300
4650,-50,5000,"sd","13:00:22",1779100
4660,-40,500,"bu","13:00:20",1774100
4630,-70,9600,"sd","13:00:20",1773600
4630,-70,200,"sd","13:00:19",1764000
4630,-70,400,"sd","13:00:19",1763800
4630,-70,400,"sd","13:00:18",1763400
4650,-50,900,"sd","13:00:18",1763000
4650,-50,100,"sd","13:00:18",1762100
4650,-50,5000,"sd","13:00:17",1762000
4660,-40,400,"bu","13:00:17",1757000
4640,-60,100,"sd","13:00:16",1756600
4650,-50,100,"sd","13:00:15",1756500
4640,-60,200,"sd","13:00:14",1756400
4640,-60,300,"sd","13:00:13",1756200
4640,-60,100,"sd","13:00:13",1755900
4640,-60,10000,"sd","13:00:13",1755800
4640,-60,2000,"sd","13:00:13",1745800
4640,-60,200,"sd","13:00:13",1743800
4650,-50,200,"sd","13:00:13",1743600
4650,-50,500,"sd","13:00:13",1743400
4650,-50,300,"sd","13:00:12",1742900
4650,-50,100,"sd","13:00:12",1742600
4650,-50,5000,"sd","13:00:11",1742500
4650,-50,200,"sd","13:00:10",1737500
4650,-50,300,"sd","13:00:09",1737300
4650,-50,500,"sd","13:00:08",1737000
4650,-50,100,"sd","13:00:08",1736500
4650,-50,7000,"sd","13:00:08",1736400
4660,-40,3000,"bu","13:00:05",1729400
4660,-40,100,"bu","13:00:05",1726400
4660,-40,200,"bu","13:00:04",1726300
4660,-40,100,"bu","13:00:03",1726100
4660,-40,5000,"sd","13:00:02",1726000
4650,-50,2900,"sd","13:00:02",1721000
4650,-50,500,"sd","13:00:01",1718100
4660,-40,200,"sd","13:00:01",1717600
4660,-40,200,"sd","11:29:40",1717400
4660,-40,500,"sd","11:29:34",1717200
4660,-40,1500,"sd","11:29:34",1716700
4660,-40,3500,"sd","11:28:06",1715200
4660,-40,500,"sd","11:27:23",1711700
4660,-40,500,"sd","11:27:23",1711200
4660,-40,200,"sd","11:27:13",1710700
4670,-30,600,"bu","11:27:06",1710500
4680,-20,3600,"sd","11:26:57",1709900
4670,-30,200,"sd","11:26:57",1706300
4670,-30,800,"sd","11:26:57",1706100
4680,-20,500,"sd","11:26:38",1705300
4670,-30,200,"bu","11:24:15",1704800
4670,-30,100,"bu","11:23:59",1704600
4670,-30,500,"bu","11:23:54",1704500
4670,-30,200,"bu","11:23:54",1704000
4670,-30,100,"bu","11:23:54",1703800
4670,-30,1800,"bu","11:23:54",1703700
4670,-30,100,"bu","11:23:54",1701900
4670,-30,2000,"bu","11:23:54",1701800
4670,-30,3000,"sd","11:22:14",1699800
4670,-30,1000,"sd","11:22:14",1696800
4670,-30,100,"sd","11:22:14",1695800
4670,-30,100,"sd","11:22:14",1695700
4670,-30,100,"sd","11:22:14",1695600
4670,-30,300,"sd","11:22:14",1695500
4670,-30,400,"sd","11:22:14",1695200
4680,-20,100,"sd","11:21:47",1694800
4680,-20,1400,"sd","11:21:47",1694700
4680,-20,3400,"sd","11:21:47",1693300
4700,0,1300,"bu","11:21:29",1689900
4700,0,1000,"bu","11:21:29",1688600
4700,0,400,"bu","11:21:29",1687600
4700,0,100,"bu","11:21:29",1687200
4700,0,200,"bu","11:21:29",1687100
4680,-20,200,"sd","11:21:25",1686900
4680,-20,1000,"sd","11:21:25",1686700
4680,-20,100,"sd","11:21:25",1685700
4680,-20,300,"sd","11:21:25",1685600
4680,-20,200,"sd","11:21:25",1685300
4680,-20,100,"sd","11:21:25",1685100
4680,-20,1000,"sd","11:21:25",1685000
4680,-20,2000,"sd","11:21:25",1684000
4680,-20,100,"sd","11:21:25",1682000
4680,-20,900,"sd","11:21:22",1681900
4680,-20,1000,"sd","11:20:50",1681000
4690,-10,400,"bu","11:20:46",1680000
4700,0,100,"bu","11:20:06",1679600
4690,-10,500,"sd","11:20:00",1679500
4690,-10,500,"sd","11:20:00",1679000
4690,-10,1000,"sd","11:20:00",1678500
4690,-10,200,"sd","11:19:27",1677500
4690,-10,300,"sd","11:19:27",1677300
4690,-10,200,"sd","11:18:29",1677000
4690,-10,1000,"sd","11:16:42",1676800
4690,-10,2000,"sd","11:16:42",1675800
4690,-10,1000,"sd","11:16:42",1673800
4690,-10,1000,"sd","11:16:42",1672800
4690,-10,100,"sd","11:16:42",1671800
4690,-10,500,"sd","11:16:42",1671700
4690,-10,300,"sd","11:16:42",1671200
4690,-10,300,"sd","11:16:42",1670900
4690,-10,300,"sd","11:16:42",1670600
4690,-10,400,"sd","11:16:42",1670300
4690,-10,100,"sd","11:16:42",1669900
4690,-10,500,"sd","11:16:42",1669800
4690,-10,3000,"sd","11:16:42",1669300
4690,-10,500,"sd","11:16:42",1666300
4690,-10,200,"sd","11:16:42",1665800
4690,-10,900,"sd","11:16:42",1665600
4700,0,200,"bu","11:16:37",1664700
4700,0,800,"sd","11:15:45",1664500
4700,0,200,"bu","11:15:10",1663700
4700,0,500,"bu","11:14:52",1663500
4700,0,200,"sd","11:13:23",1663000
4700,0,200,"sd","11:13:23",1662800
4700,0,200,"sd","11:13:10",1662600
4700,0,100,"sd","11:12:16",1662400
4700,0,200,"sd","11:12:16",1662300
4700,0,200,"sd","11:12:16",1662100
4700,0,100,"sd","11:12:08",1661900
4700,0,300,"sd","11:11:55",1661800
4710,10,100,"bu","11:11:16",1661500
4700,0,200,"sd","11:10:43",1661400
4700,0,200,"sd","11:08:43",1661200
4700,0,3500,"sd","11:08:00",1661000
4700,0,2000,"sd","11:08:00",1657500
4700,0,100,"sd","11:08:00",1655500
4700,0,1300,"sd","11:08:00",1655400
4700,0,1600,"sd","11:06:48",1654100
4700,0,200,"sd","11:06:48",1652500
4700,0,200,"sd","11:06:48",1652300
4700,0,100,"sd","11:05:46",1652100
4700,0,6400,"sd","11:05:46",1652000
4700,0,200,"sd","11:05:46",1645600
4700,0,200,"sd","11:05:46",1645400
4700,0,600,"sd","11:05:46",1645200
4700,0,100,"sd","11:05:46",1644600
4700,0,2500,"sd","11:05:46",1644500
4700,0,1000,"sd","11:05:46",1642000
4700,0,100,"sd","11:05:46",1641000
4710,10,100,"sd","11:05:22",1640900
4720,20,100,"bu","11:05:22",1640800
4710,10,200,"sd","11:04:47",1640700
4710,10,28200,"sd","11:04:47",1640500
4720,20,100,"sd","11:04:20",1612300
4720,20,1300,"sd","11:04:20",1612200
4720,20,700,"sd","11:04:08",1610900
4720,20,100,"sd","11:04:08",1610200
4720,20,7200,"sd","11:04:08",1610100
4720,20,200,"sd","11:03:49",1602900
4720,20,1000,"sd","11:03:27",1602700
4730,30,5000,"bu","11:03:16",1601700
4730,30,500,"bu","11:03:10",1596700
4730,30,1500,"bu","11:03:04",1596200
4730,30,2900,"sd","11:02:54",1594700
4740,40,5000,"bu","11:02:53",1591800
4730,30,100,"bu","11:02:49",1586800
4720,20,100,"sd","11:02:38",1586700
4730,30,700,"bu","11:02:18",1586600
4730,30,1000,"bu","11:02:18",1585900
4730,30,3200,"bu","11:02:18",1584900
4730,30,100,"bu","11:02:18",1581700
4730,30,8000,"bu","11:02:18",1581600
4720,20,1000,"sd","11:02:18",1573600
4720,20,100,"bu","11:01:50",1572600
4720,20,200,"bu","11:01:50",1572500
4720,20,200,"bu","11:01:50",1572300
4720,20,800,"bu","11:01:30",1572100
4720,20,100,"bu","11:01:30",1571300
4710,10,500,"sd","11:01:09",1571200
4710,10,1300,"sd","11:01:09",1570700
4710,10,400,"bu","11:01:02",1569400
4710,10,200,"bu","10:59:48",1569000
4710,10,3100,"sd","10:59:46",1568800
4710,10,1900,"sd","10:59:01",1565700
4710,10,100,"sd","10:59:01",1563800
4710,10,200,"sd","10:58:53",1563700
4710,10,700,"bu","10:57:08",1563500
4710,10,100,"bu","10:56:31",1562800
4710,10,500,"bu","10:56:10",1562700
4710,10,400,"bu","10:54:57",1562200
4700,0,5500,"sd","10:54:55",1561800
4700,0,2500,"sd","10:54:55",1556300
4710,10,1000,"sd","10:54:34",1553800
4710,10,2000,"sd","10:53:07",1552800
4710,10,900,"sd","10:53:07",1550800
4710,10,4100,"bu","10:52:13",1549900
4710,10,200,"bu","10:52:05",1545800
4710,10,5000,"sd","10:51:56",1545600
4710,10,2400,"sd","10:51:56",1540600
4710,10,600,"sd","10:51:52",1538200
4710,10,500,"sd","10:51:52",1537600
4710,10,3300,"sd","10:51:52",1537100
4720,20,1100,"sd","10:51:52",1533800
4720,20,900,"bu","10:51:48",1532700
4720,20,100,"bu","10:51:38",1531800
4720,20,100,"bu","10:51:38",1531700
4720,20,900,"bu","10:51:38",1531600
4720,20,100,"bu","10:51:25",1530700
4710,10,300,"sd","10:50:58",1530600
4710,10,500,"sd","10:50:42",1530300
4710,10,500,"sd","10:50:27",1529800
4710,10,500,"bu","10:50:07",1529300
4710,10,400,"sd","10:49:42",1528800
4710,10,400,"sd","10:49:42",1528400
4710,10,300,"sd","10:49:42",1528000
4710,10,100,"sd","10:49:42",1527700
4710,10,1000,"sd","10:49:42",1527600
4710,10,300,"sd","10:49:42",1526600
4710,10,300,"sd","10:49:09",1526300
4710,10,200,"sd","10:47:24",1526000
4710,10,1000,"sd","10:46:53",1525800
4710,10,1200,"sd","10:46:48",1524800
4710,10,800,"sd","10:46:48",1523600
4700,0,500,"sd","10:46:05",1522800
4700,0,5000,"bu","10:45:23",1522300
4700,0,5000,"bu","10:45:23",1517300
4700,0,1000,"bu","10:45:21",1512300
4700,0,200,"bu","10:45:19",1511300
4700,0,4000,"bu","10:45:11",1511100
4700,0,200,"bu","10:45:02",1507100
4700,0,4800,"bu","10:44:49",1506900
4700,0,600,"bu","10:44:35",1502100
4690,-10,100,"sd","10:44:17",1501500
4690,-10,200,"sd","10:44:17",1501400
4700,0,300,"bu","10:44:12",1501200
4700,0,100,"bu","10:43:52",1500900
4700,0,400,"bu","10:43:21",1500800
4690,-10,2000,"sd","10:43:13",1500400
4700,0,200,"bu","10:43:05",1498400
4700,0,400,"bu","10:43:02",1498200
4700,0,500,"bu","10:42:23",1497800
4700,0,100,"bu","10:42:16",1497300
4700,0,300,"bu","10:41:37",1497200
4690,-10,800,"sd","10:40:14",1496900
4690,-10,100,"sd","10:40:14",1496100
4690,-10,300,"sd","10:40:14",1496000
4690,-10,1800,"sd","10:40:14",1495700
4700,0,65000,"bu","10:39:53",1493900
4690,-10,200,"sd","10:36:58",1428900
4690,-10,500,"sd","10:36:58",1428700
4690,-10,100,"sd","10:36:52",1428200
4690,-10,400,"sd","10:36:45",1428100
4690,-10,300,"sd","10:36:45",1427700
4700,0,600,"bu","10:36:29",1427400
4700,0,1000,"bu","10:36:20",1426800
4700,0,2000,"sd","10:36:09",1425800
4700,0,300,"sd","10:36:09",1423800
4700,0,500,"sd","10:36:09",1423500
4700,0,1000,"sd","10:36:09",1423000
4700,0,300,"sd","10:36:09",1422000
4700,0,4500,"sd","10:36:09",1421700
4700,0,800,"sd","10:36:09",1417200
4700,0,200,"sd","10:36:09",1416400
4700,0,400,"sd","10:36:09",1416200
4700,0,10000,"sd","10:36:09",1415800
4700,0,5000,"sd","10:36:09",1405800
4700,0,1000,"sd","10:36:09",1400800
4700,0,5000,"sd","10:36:09",1399800
4700,0,100,"sd","10:36:09",1394800
4710,10,100,"sd","10:36:09",1394700
4710,10,200,"sd","10:36:09",1394600
4710,10,500,"bu","10:35:59",1394400
4710,10,200,"bu","10:35:36",1393900
4710,10,300,"sd","10:35:34",1393700
4710,10,2000,"sd","10:35:34",1393400
4710,10,900,"sd","10:35:34",1391400
4710,10,1100,"sd","10:35:34",1390500
4710,10,900,"sd","10:35:33",1389400
4710,10,200,"sd","10:35:33",1388500
4710,10,100,"sd","10:35:33",1388300
4710,10,500,"sd","10:35:33",1388200
4710,10,100,"sd","10:35:33",1387700
4710,10,300,"sd","10:35:33",1387600
4730,30,2000,"bu","10:34:53",1387300
4730,30,200,"bu","10:34:12",1385300
4730,30,500,"sd","10:33:39",1385100
4730,30,2000,"sd","10:33:39",1384600
4730,30,1000,"sd","10:33:39",1382600
4730,30,200,"sd","10:33:39",1381600
4730,30,2300,"sd","10:33:39",1381400
4730,30,6000,"sd","10:33:20",1379100
4730,30,1700,"sd","10:32:09",1373100
4730,30,2000,"sd","10:31:54",1371400
4730,30,1200,"bu","10:31:39",1369400
4700,0,500,"sd","10:31:36",1368200
4700,0,5000,"sd","10:31:36",1367700
4700,0,100,"sd","10:31:36",1362700
4700,0,100,"sd","10:31:36",1362600
4700,0,20000,"sd","10:31:36",1362500
4700,0,1000,"sd","10:31:36",1342500
4720,20,1000,"unknown","10:31:36",1341500
4720,20,1000,"unknown","10:31:36",1340500
4700,0,1000,"sd","10:31:36",1339500
4700,0,1000,"sd","10:31:36",1338500
4700,0,1000,"sd","10:31:36",1337500
4700,0,200,"sd","10:31:36",1336500
4700,0,100,"sd","10:31:36",1336300
4700,0,2000,"sd","10:31:36",1336200
4730,30,800,"bu","10:30:54",1334200
4730,30,1000,"bu","10:30:54",1333400
4730,30,2000,"bu","10:30:54",1332400
4740,40,100,"bu","10:30:20",1330400
4740,40,3000,"sd","10:30:13",1330300
4740,40,1000,"sd","10:30:13",1327300
4740,40,400,"sd","10:30:13",1326300
4740,40,57000,"sd","10:30:13",1325900
4740,40,1000,"sd","10:30:13",1268900
4740,40,1000,"sd","10:30:13",1267900
4740,40,1000,"sd","10:30:13",1266900
4740,40,1500,"sd","10:30:13",1265900
4750,50,200,"bu","10:28:46",1264400
4750,50,300,"bu","10:28:44",1264200
4750,50,700,"sd","10:28:43",1263900
4750,50,1000,"sd","10:28:43",1263200
4750,50,5000,"sd","10:28:43",1262200
4750,50,1500,"sd","10:28:43",1257200
4750,50,400,"sd","10:28:38",1255700
4770,70,1100,"bu","10:27:45",1255300
4770,70,600,"bu","10:27:45",1254200
4760,60,300,"bu","10:27:45",1253600
4760,60,200,"bu","10:27:45",1253300
4760,60,1300,"bu","10:27:45",1253100
4760,60,1000,"sd","10:27:31",1251800
4760,60,2700,"sd","10:27:31",1250800
4760,60,3000,"sd","10:27:30",1248100
4770,70,100,"bu","10:26:54",1245100
4760,60,1000,"bu","10:26:35",1245000
4760,60,3000,"bu","10:26:35",1244000
4760,60,2000,"bu","10:26:22",1241000
4750,50,1100,"sd","10:26:20",1239000
4750,50,3000,"sd","10:26:20",1237900
4750,50,1000,"sd","10:26:20",1234900
4750,50,2900,"sd","10:26:20",1233900
4770,70,2000,"bu","10:25:35",1231000
4770,70,5000,"bu","10:24:44",1229000
4770,70,1000,"bu","10:24:40",1224000
4750,50,100,"sd","10:24:38",1223000
4770,70,1200,"bu","10:24:37",1222900
4770,70,100,"sd","10:24:36",1221700
4770,70,200,"sd","10:24:29",1221600
4770,70,300,"bu","10:24:19",1221400
4770,70,400,"bu","10:24:19",1221100
4770,70,100,"bu","10:23:56",1220700
4770,70,900,"bu","10:23:56",1220600
4770,70,100,"bu","10:23:41",1219700
4770,70,200,"bu","10:23:41",1219600
4770,70,200,"bu","10:23:27",1219400
4770,70,300,"bu","10:23:27",1219200
4770,70,500,"bu","10:23:27",1218900
4770,70,400,"bu","10:23:03",1218400
4770,70,2000,"bu","10:23:03",1218000
4770,70,800,"bu","10:23:03",1216000
4770,70,100,"bu","10:23:03",1215200
4770,70,500,"bu","10:23:03",1215100
4770,70,1000,"bu","10:23:03",1214600
4770,70,300,"bu","10:23:03",1213600
4770,70,2000,"bu","10:23:03",1213300
4770,70,500,"bu","10:23:03",1211300
4770,70,2400,"bu","10:23:03",1210800
4770,70,300,"bu","10:22:19",1208400
4760,60,1700,"bu","10:22:18",1208100
4760,60,1000,"bu","10:22:06",1206400
4760,60,700,"sd","10:22:04",1205400
4760,60,1000,"sd","10:22:04",1204700
4760,60,2000,"sd","10:22:04",1203700
4760,60,700,"sd","10:22:04",1201700
4760,60,1000,"sd","10:22:04",1201000
4760,60,900,"sd","10:22:04",1200000
4770,70,500,"bu","10:20:53",1199100
4770,70,1400,"bu","10:20:37",1198600
4770,70,400,"bu","10:20:36",1197200
4770,70,600,"bu","10:20:36",1196800
4770,70,1000,"bu","10:20:31",1196200
4770,70,1000,"bu","10:20:20",1195200
4770,70,400,"bu","10:20:20",1194200
4780,80,800,"bu","10:20:10",1193800
4780,80,3200,"bu","10:20:10",1193000
4770,70,100,"sd","10:20:05",1189800
4770,70,500,"sd","10:20:04",1189700
4770,70,1000,"sd","10:19:42",1189200
4770,70,900,"sd","10:19:42",1188200
4770,70,100,"sd","10:19:27",1187300
4780,80,1800,"bu","10:19:02",1187200
4780,80,100,"bu","10:19:02",1185400
4780,80,2600,"bu","10:19:02",1185300
4780,80,100,"bu","10:18:54",1182700
4780,80,100,"bu","10:18:54",1182600
4770,70,2000,"sd","10:18:36",1182500
4780,80,4900,"bu","10:18:34",1180500
4780,80,100,"bu","10:18:34",1175600
4780,80,400,"bu","10:18:26",1175500
4780,80,5000,"bu","10:18:26",1175100
4780,80,1600,"bu","10:18:26",1170100
4770,70,500,"bu","10:18:09",1168500
4770,70,1000,"bu","10:18:09",1168000
4770,70,1500,"bu","10:18:09",1167000
4770,70,8500,"bu","10:18:05",1165500
4770,70,5000,"bu","10:18:05",1157000
4760,60,100,"sd","10:17:59",1152000
4760,60,400,"sd","10:17:59",1151900
4760,60,400,"bu","10:16:48",1151500
4760,60,200,"bu","10:16:48",1151100
4750,50,2000,"bu","10:16:24",1150900
4750,50,300,"bu","10:16:03",1148900
4750,50,200,"sd","10:15:38",1148600
4750,50,800,"bu","10:15:32",1148400
4740,40,600,"bu","10:15:12",1147600
4740,40,1000,"bu","10:15:05",1147000
4740,40,3400,"bu","10:14:36",1146000
4740,40,1600,"bu","10:14:36",1142600
4700,0,500,"sd","10:14:02",1141000
4700,0,100,"bu","10:13:13",1140500
4700,0,200,"bu","10:13:09",1140400
4700,0,700,"bu","10:12:57",1140200
4700,0,1300,"bu","10:12:57",1139500
4700,0,10000,"bu","10:12:29",1138200
4700,0,1000,"bu","10:12:29",1128200
4700,0,300,"bu","10:12:29",1127200
4700,0,1000,"bu","10:12:29",1126900
4700,0,1000,"bu","10:12:29",1125900
4700,0,2000,"bu","10:12:29",1124900
4700,0,500,"bu","10:12:29",1122900
4700,0,1000,"bu","10:12:29",1122400
4700,0,200,"bu","10:12:29",1121400
4700,0,1000,"bu","10:12:29",1121200
4700,0,5000,"bu","10:12:29",1120200
4700,0,500,"bu","10:12:29",1115200
4700,0,1100,"bu","10:12:29",1114700
4700,0,1000,"bu","10:12:29",1113600
4700,0,100,"bu","10:12:29",1112600
4700,0,1000,"bu","10:12:29",1112500
4700,0,4000,"bu","10:12:29",1111500
4700,0,500,"bu","10:12:29",1107500
4700,0,1300,"bu","10:12:29",1107000
4700,0,2000,"unknown","10:12:29",1105700
4700,0,100,"sd","10:12:29",1103700
4700,0,2000,"sd","10:12:29",1103600
4700,0,100,"sd","10:12:29",1101600
4700,0,20000,"sd","10:12:29",1101500
4700,0,100,"sd","10:12:29",1081500
4700,0,10000,"sd","10:12:29",1081400
4700,0,200,"sd","10:12:29",1071400
4700,0,4000,"sd","10:12:29",1071200
4700,0,1000,"sd","10:12:24",1067200
4700,0,400,"sd","10:12:08",1066200
4700,0,500,"sd","10:11:40",1065800
4730,30,500,"sd","10:11:40",1065300
4700,0,4100,"sd","10:11:28",1064800
4720,20,10000,"sd","10:11:28",1060700
4720,20,1500,"sd","10:11:28",1050700
4720,20,200,"sd","10:11:28",1049200
4720,20,500,"sd","10:11:28",1049000
4720,20,300,"sd","10:11:28",1048500
4720,20,1600,"sd","10:11:28",1048200
4720,20,300,"sd","10:11:28",1046600
4730,30,100,"sd","10:11:28",1046300
4730,30,500,"sd","10:11:28",1046200
4730,30,200,"sd","10:11:28",1045700
4730,30,700,"sd","10:11:28",1045500
4730,30,100,"sd","10:10:46",1044800
4730,30,200,"sd","10:10:45",1044700
4730,30,300,"sd","10:10:45",1044500
4730,30,500,"sd","10:10:04",1044200
4730,30,4600,"sd","10:09:59",1043700
4730,30,2000,"sd","10:09:59",1039100
4730,30,1000,"sd","10:09:59",1037100
4740,40,5000,"sd","10:09:26",1036100
4740,40,5000,"sd","10:09:26",1031100
4740,40,2000,"sd","10:09:26",1026100
4740,40,1000,"sd","10:09:26",1024100
4740,40,400,"sd","10:09:26",1023100
4750,50,200,"bu","10:09:25",1022700
4750,50,400,"bu","10:09:21",1022500
4750,50,5000,"bu","10:09:04",1022100
4750,50,600,"bu","10:08:46",1017100
4750,50,7300,"sd","10:08:38",1016500
4750,50,700,"sd","10:08:36",1009200
4750,50,5000,"bu","10:08:34",1008500
4750,50,100,"bu","10:08:33",1003500
4750,50,1000,"bu","10:08:29",1003400
4740,40,200,"sd","10:08:29",1002400
4750,50,900,"bu","10:08:25",1002200
4750,50,100,"bu","10:08:19",1001300
4750,50,100,"bu","10:08:11",1001200
4750,50,1000,"sd","10:08:08",1001100
4750,50,2000,"sd","10:08:08",1000100
4750,50,1100,"sd","10:08:08",998100
4750,50,1900,"bu","10:07:28",997000
4750,50,500,"bu","10:07:25",995100
4750,50,100,"sd","10:07:25",994600
4750,50,100,"sd","10:07:25",994500
4750,50,300,"sd","10:07:25",994400
4750,50,1500,"sd","10:07:25",994100
4750,50,600,"sd","10:07:25",992600
4760,60,2000,"bu","10:07:08",992000
4750,50,100,"sd","10:07:00",990000
4750,50,100,"sd","10:06:55",989900
4750,50,200,"sd","10:06:45",989800
4750,50,2000,"sd","10:06:45",989600
4750,50,100,"sd","10:06:45",987600
4750,50,100,"sd","10:06:45",987500
4750,50,300,"sd","10:06:45",987400
4750,50,1000,"sd","10:06:45",987100
4750,50,100,"sd","10:06:45",986100
4750,50,1200,"sd","10:06:45",986000
4760,60,700,"bu","10:06:17",984800
4750,50,800,"sd","10:05:47",984100
4750,50,6600,"sd","10:05:47",983300
4760,60,2600,"sd","10:05:47",976700
4760,60,1000,"bu","10:05:45",974100
4760,60,12400,"bu","10:05:45",973100
4760,60,1000,"bu","10:05:25",960700
4760,60,300,"bu","10:05:00",959700
4750,50,100,"sd","10:04:35",959400
4760,60,2000,"bu","10:03:58",959300
4750,50,10000,"sd","10:03:52",957300
4750,50,100,"sd","10:03:47",947300
4760,60,200,"sd","10:03:20",947200
4760,60,200,"sd","10:03:20",947000
4760,60,1000,"sd","10:03:20",946800
4760,60,2000,"sd","10:03:20",945800
4760,60,10000,"sd","10:03:20",943800
4760,60,200,"sd","10:03:20",933800
4760,60,700,"sd","10:03:20",933600
4760,60,500,"sd","10:02:57",932900
4760,60,1000,"sd","10:02:39",932400
4760,60,2100,"sd","10:02:34",931400
4760,60,1300,"sd","10:02:22",929300
4760,60,100,"bu","10:02:01",928000
4760,60,400,"bu","10:02:01",927900
4760,60,13900,"bu","10:02:01",927500
4760,60,1100,"bu","10:01:59",913600
4760,60,1900,"bu","10:01:59",912500
4760,60,100,"bu","10:01:35",910600
4750,50,100,"sd","10:01:22",910500
4750,50,3100,"sd","10:01:12",910400
4750,50,1000,"sd","10:01:12",907300
4750,50,300,"sd","10:01:12",906300
4750,50,20000,"sd","10:01:12",906000
4750,50,300,"sd","10:01:12",886000
4750,50,1000,"sd","10:01:12",885700
4750,50,1000,"sd","10:01:12",884700
4750,50,100,"sd","10:01:12",883700
4750,50,200,"sd","10:01:12",883600
4760,60,4000,"sd","10:01:12",883400
4760,60,3000,"sd","10:01:10",879400
4760,60,200,"sd","10:01:09",876400
4760,60,2800,"sd","10:00:38",876200
4760,60,200,"sd","10:00:38",873400
4760,60,2000,"sd","10:00:38",873200
4760,60,1300,"sd","10:00:26",871200
4770,70,700,"sd","10:00:26",869900
4780,80,3400,"bu","10:00:26",869200
4770,70,5000,"sd","10:00:24",865800
4770,70,2000,"bu","10:00:15",860800
4770,70,10000,"bu","10:00:15",858800
4770,70,1000,"bu","10:00:15",848800
4770,70,1200,"bu","10:00:15",847800
4770,70,100,"bu","10:00:15",846600
4760,60,6700,"sd","10:00:04",846500
4760,60,3000,"sd","10:00:02",839800
4760,60,5000,"sd","10:00:02",836800
4760,60,300,"sd","10:00:02",831800
4770,70,100,"bu","10:00:02",831500
4760,60,100,"sd","09:59:48",831400
4760,60,1200,"sd","09:59:12",831300
4770,70,300,"bu","09:59:08",830100
4770,70,300,"bu","09:59:03",829800
4770,70,1000,"bu","09:58:51",829500
4770,70,2000,"bu","09:58:15",828500
4770,70,1200,"bu","09:58:01",826500
4770,70,800,"bu","09:58:01",825300
4760,60,100,"sd","09:57:21",824500
4770,70,200,"sd","09:56:51",824400
4770,70,1000,"sd","09:56:51",824200
4770,70,500,"bu","09:56:36",823200
4770,70,500,"bu","09:56:28",822700
4770,70,1000,"sd","09:55:59",822200
4760,60,200,"sd","09:55:59",821200
4760,60,400,"sd","09:55:46",821000
4760,60,200,"bu","09:55:28",820600
4750,50,1000,"sd","09:55:00",820400
4760,60,2000,"unknown","09:55:00",819400
4760,60,1000,"unknown","09:55:00",817400
4760,60,1000,"sd","09:54:55",816400
4750,50,1000,"sd","09:54:47",815400
4750,50,1000,"sd","09:54:43",814400
4760,60,500,"sd","09:54:26",813400
4780,80,800,"bu","09:54:05",812900
4780,80,7200,"bu","09:54:05",812100
4780,80,1000,"bu","09:53:45",804900
4780,80,200,"sd","09:53:36",803900
4780,80,800,"sd","09:53:30",803700
4780,80,200,"sd","09:53:30",802900
4790,90,700,"sd","09:53:04",802700
4790,90,100,"sd","09:53:04",802000
4800,100,500,"bu","09:51:51",801900
4800,100,400,"bu","09:51:42",801400
4790,90,100,"sd","09:51:40",801000
4790,90,100,"sd","09:51:40",800900
4790,90,9800,"sd","09:51:40",800800
4800,100,10000,"bu","09:51:37",791000
4800,100,500,"bu","09:51:25",781000
4800,100,900,"bu","09:50:51",780500
4800,100,600,"bu","09:50:46",779600
4800,100,1000,"bu","09:50:35",779000
4800,100,1000,"sd","09:50:34",778000
4800,100,500,"sd","09:50:34",777000
4800,100,1000,"sd","09:50:34",776500
4800,100,1500,"sd","09:50:34",775500
4800,100,600,"sd","09:50:34",774000
4810,110,1800,"bu","09:50:32",773400
4810,110,2200,"bu","09:50:32",771600
4810,110,100,"bu","09:50:26",769400
4800,100,400,"sd","09:50:21",769300
4800,100,600,"sd","09:50:21",768900
4800,100,100,"sd","09:50:14",768300
4800,100,1000,"sd","09:50:05",768200
4800,100,1800,"sd","09:50:05",767200
4800,100,1500,"sd","09:50:05",765400
4800,100,500,"bu","09:50:04",763900
4800,100,200,"bu","09:50:04",763400
4800,100,300,"bu","09:50:04",763200
4800,100,800,"bu","09:50:01",762900
4800,100,200,"bu","09:50:01",762100
4790,90,1500,"sd","09:49:59",761900
4800,100,1000,"bu","09:49:59",760400
4800,100,5000,"bu","09:49:56",759400
4800,100,1000,"bu","09:49:55",754400
4790,90,2700,"sd","09:49:54",753400
4790,90,800,"sd","09:49:54",750700
4790,90,100,"sd","09:49:54",749900
4790,90,1400,"sd","09:49:54",749800
4800,100,900,"bu","09:49:45",748400
4790,90,3000,"sd","09:49:39",747500
4790,90,1200,"sd","09:49:37",744500
4790,90,100,"sd","09:49:34",743300
4790,90,300,"sd","09:49:27",743200
4790,90,100,"sd","09:49:16",742900
4790,90,3900,"sd","09:49:12",742800
4790,90,100,"sd","09:49:12",738900
4790,90,300,"sd","09:49:11",738800
4800,100,100,"bu","09:49:09",738500
4790,90,500,"sd","09:49:08",738400
4800,100,1100,"bu","09:49:07",737900
4790,90,200,"sd","09:49:06",736800
4800,100,100,"bu","09:49:03",736600
4800,100,700,"bu","09:48:59",736500
4800,100,1000,"bu","09:48:48",735800
4800,100,8900,"bu","09:48:48",734800
4800,100,1100,"sd","09:48:44",725900
4800,100,900,"sd","09:48:44",724800
4800,100,9100,"sd","09:48:41",723900
4800,100,100,"sd","09:48:41",714800
4800,100,10000,"sd","09:48:41",714700
4800,100,1000,"sd","09:48:41",704700
4800,100,300,"sd","09:48:41",703700
4810,110,400,"sd","09:48:35",703400
4810,110,300,"sd","09:48:35",703000
4810,110,100,"sd","09:48:24",702700
4820,120,1000,"bu","09:48:24",702600
4810,110,2000,"sd","09:48:18",701600
4810,110,3000,"sd","09:48:18",699600
4810,110,2800,"sd","09:48:10",696600
4820,120,1000,"bu","09:48:00",693800
4820,120,2000,"sd","09:47:48",692800
4820,120,3500,"sd","09:47:48",690800
4820,120,18900,"sd","09:47:48",687300
4830,130,1000,"sd","09:47:48",668400
4830,130,300,"sd","09:47:48",667400
4830,130,1800,"sd","09:47:48",667100
4830,130,1200,"bu","09:47:43",665300
4830,130,8800,"bu","09:47:34",664100
4830,130,1000,"bu","09:47:34",655300
4830,130,200,"bu","09:47:34",654300
4830,130,500,"bu","09:47:33",654100
4820,120,600,"sd","09:47:27",653600
4820,120,5000,"sd","09:47:21",653000
4820,120,200,"sd","09:47:09",648000
4820,120,10000,"bu","09:47:07",647800
4820,120,200,"bu","09:47:07",637800
4820,120,1000,"bu","09:47:07",637600
4820,120,500,"bu","09:47:07",636600
4820,120,600,"bu","09:47:07",636100
4820,120,400,"bu","09:46:59",635500
4820,120,1600,"bu","09:46:59",635100
4810,110,100,"sd","09:46:57",633500
4820,120,1100,"bu","09:46:56",633400
4810,110,4100,"sd","09:46:44",632300
4810,110,900,"sd","09:46:44",628200
4810,110,1000,"sd","09:46:42",627300
4810,110,100,"sd","09:46:33",626300
4810,110,1000,"bu","09:46:19",626200
4800,100,1000,"sd","09:46:04",625200
4800,100,1300,"bu","09:45:53",624200
4800,100,700,"sd","09:45:48",622900
4800,100,2300,"sd","09:45:34",622200
4800,100,500,"sd","09:45:34",619900
4800,100,1400,"sd","09:45:34",619400
4800,100,8200,"sd","09:45:26",618000
4800,100,300,"sd","09:45:26",609800
4800,100,1000,"sd","09:45:26",609500
4800,100,500,"sd","09:45:26",608500
4800,100,300,"sd","09:45:26",608000
4800,100,10000,"sd","09:45:26",607700
4800,100,100,"sd","09:45:26",597700
4800,100,2000,"sd","09:45:26",597600
4800,100,2000,"sd","09:45:26",595600
4800,100,600,"sd","09:45:26",593600
4820,120,100,"sd","09:45:23",593000
4820,120,200,"sd","09:45:23",592900
4820,120,200,"sd","09:45:10",592700
4820,120,100,"sd","09:45:09",592500
4820,120,4000,"sd","09:45:09",592400
4820,120,5900,"sd","09:45:09",588400
4840,140,9300,"bu","09:45:07",582500
4840,140,100,"bu","09:45:07",573200
4840,140,500,"bu","09:45:07",573100
4840,140,100,"bu","09:45:07",572600
4820,120,1200,"sd","09:45:05",572500
4820,120,100,"sd","09:44:55",571300
4820,120,200,"sd","09:44:46",571200
4820,120,600,"bu","09:44:44",571000
4820,120,500,"bu","09:44:44",570400
4820,120,500,"sd","09:44:37",569900
4800,100,2400,"sd","09:44:30",569400
4830,130,17600,"sd","09:44:30",567000
4830,130,10000,"bu","09:44:30",549400
4830,130,8600,"bu","09:44:30",539400
4820,120,100,"bu","09:44:30",530800
4820,120,4000,"bu","09:44:30",530700
4820,120,900,"bu","09:44:23",526700
4800,100,2000,"sd","09:44:21",525800
4810,110,1000,"sd","09:44:21",523800
4820,120,1000,"bu","09:44:20",522800
4820,120,3600,"sd","09:44:17",521800
4820,120,500,"sd","09:44:17",518200
4830,130,1000,"bu","09:44:15",517700
4830,130,400,"bu","09:44:13",516700
4830,130,100,"bu","09:44:13",516300
4830,130,100,"bu","09:44:06",516200
4820,120,1700,"bu","09:43:59",516100
4820,120,300,"bu","09:43:59",514400
4820,120,200,"bu","09:43:53",514100
4800,100,300,"sd","09:43:49",513900
4800,100,300,"bu","09:43:24",513600
4800,100,400,"bu","09:43:24",513300
4800,100,4000,"bu","09:43:24",512900
4800,100,3000,"bu","09:43:21",508900
4800,100,3000,"bu","09:43:18",505900
4800,100,600,"bu","09:43:18",502900
4800,100,4000,"bu","09:43:18",502300
4800,100,100,"bu","09:43:18",498300
4800,100,9000,"bu","09:43:18",498200
4800,100,500,"bu","09:43:18",489200
4800,100,2000,"bu","09:43:18",488700
4800,100,200,"bu","09:43:18",486700
4800,100,600,"bu","09:43:18",486500
4800,100,2900,"bu","09:43:16",485900
4800,100,1500,"bu","09:43:16",483000
4800,100,2000,"bu","09:43:16",481500
4800,100,1500,"bu","09:43:16",479500
4800,100,500,"bu","09:43:12",478000
4800,100,500,"bu","09:43:12",477500
4800,100,500,"bu","09:42:56",477000
4800,100,500,"bu","09:42:56",476500
4800,100,200,"bu","09:42:55",476000
4800,100,800,"bu","09:42:55",475800
4800,100,400,"bu","09:42:43",475000
4800,100,100,"bu","09:42:43",474600
4790,90,1100,"sd","09:42:38",474500
4800,100,500,"bu","09:42:38",473400
4800,100,400,"bu","09:42:22",472900
4800,100,100,"bu","09:42:22",472500
4800,100,1000,"bu","09:42:22",472400
4800,100,500,"bu","09:42:22",471400
4800,100,100,"bu","09:42:21",470900
4790,90,400,"sd","09:42:21",470800
4800,100,400,"bu","09:42:18",470400
4800,100,13000,"bu","09:42:18",470000
4800,100,500,"bu","09:42:18",457000
4800,100,1000,"bu","09:42:18",456500
4800,100,100,"bu","09:42:18",455500
4790,90,1000,"sd","09:42:11",455400
4790,90,600,"sd","09:42:11",454400
4790,90,500,"sd","09:42:11",453800
4790,90,300,"sd","09:42:11",453300
4780,80,400,"sd","09:42:02",453000
4790,90,9700,"bu","09:42:01",452600
4790,90,300,"bu","09:42:01",442900
4780,80,400,"bu","09:41:40",442600
4780,80,100,"bu","09:41:40",442200
4780,80,300,"bu","09:41:40",442100
4780,80,200,"bu","09:41:38",441800
4780,80,100,"bu","09:41:37",441600
4780,80,4200,"bu","09:41:25",441500
4780,80,15000,"bu","09:41:21",437300
4750,50,3200,"sd","09:41:21",422300
4750,50,1800,"sd","09:41:21",419100
4760,60,1000,"sd","09:41:17",417300
4780,80,800,"bu","09:41:11",416300
4780,80,200,"bu","09:41:11",415500
4780,80,300,"bu","09:41:01",415300
4780,80,200,"bu","09:41:01",415000
4760,60,700,"unknown","09:40:55",414800
4750,50,200,"sd","09:40:50",414100
4750,50,1000,"sd","09:40:50",413900
4750,50,1000,"sd","09:40:50",412900
4750,50,1000,"sd","09:40:50",411900
4750,50,3800,"sd","09:40:50",410900
4760,60,300,"sd","09:40:42",407100
4790,90,13000,"bu","09:40:29",406800
4790,90,500,"bu","09:40:29",393800
4790,90,300,"bu","09:40:29",393300
4790,90,100,"bu","09:40:29",393000
4790,90,4900,"bu","09:40:29",392900
4780,80,300,"bu","09:40:29",388000
4790,90,100,"bu","09:40:06",387700
4760,60,1000,"sd","09:40:03",387600
4750,50,100,"sd","09:39:46",386600
4750,50,4800,"bu","09:39:41",386500
4750,50,200,"bu","09:39:40",381700
4750,50,1400,"bu","09:39:40",381500
4750,50,200,"bu","09:39:33",380100
4750,50,100,"sd","09:39:31",379900
4750,50,500,"sd","09:39:31",379800
4750,50,1000,"sd","09:39:31",379300
4750,50,4200,"sd","09:39:31",378300
4750,50,8900,"sd","09:39:31",374100
4760,60,500,"sd","09:39:31",365200
4780,80,8200,"sd","09:39:31",364700
4760,60,2800,"bu","09:39:30",356500
4760,60,2000,"bu","09:39:27",353700
4760,60,200,"bu","09:39:16",351700
4750,50,300,"sd","09:38:58",351500
4750,50,800,"sd","09:38:58",351200
4740,40,100,"sd","09:38:58",350400
4750,50,1000,"bu","09:38:55",350300
4750,50,200,"bu","09:38:52",349300
4750,50,200,"bu","09:38:52",349100
4750,50,1800,"bu","09:38:52",348900
4750,50,200,"bu","09:38:52",347100
4750,50,800,"bu","09:38:47",346900
4750,50,4300,"bu","09:38:43",346100
4750,50,4700,"bu","09:38:41",341800
4750,50,300,"bu","09:38:41",337100
4730,30,500,"bu","09:38:31",336800
4720,20,1700,"bu","09:38:09",336300
4720,20,5000,"bu","09:38:07",334600
4720,20,800,"bu","09:38:06",329600
4710,10,1200,"sd","09:38:01",328800
4700,0,12000,"bu","09:37:57",327600
4700,0,200,"bu","09:37:57",315600
4700,0,2000,"bu","09:37:57",315400
4700,0,1000,"bu","09:37:57",313400
4700,0,400,"bu","09:37:57",312400
4700,0,100,"bu","09:37:57",312000
4700,0,5000,"bu","09:37:57",311900
4700,0,10000,"bu","09:37:57",306900
4700,0,700,"bu","09:37:57",296900
4700,0,3000,"bu","09:37:57",296200
4700,0,2200,"bu","09:37:57",293200
4700,0,300,"bu","09:37:57",291000
4700,0,2000,"bu","09:37:54",290700
4700,0,1000,"bu","09:37:51",288700
4700,0,14500,"bu","09:37:49",287700
4700,0,10000,"bu","09:37:49",273200
4700,0,10100,"bu","09:37:49",263200
4700,0,800,"bu","09:37:44",253100
4700,0,19100,"bu","09:37:42",252300
4700,0,100,"bu","09:37:42",233200
4700,0,100,"bu","09:37:42",233100
4700,0,100,"bu","09:37:42",232400
4700,0,600,"bu","09:37:42",233000
4690,-10,1900,"sd","09:37:38",232300
4690,-10,4400,"bu","09:37:33",230400
4690,-10,25600,"bu","09:37:33",226000
4690,-10,100,"bu","09:37:33",200400
4680,-20,1000,"bu","09:37:15",200300
4680,-20,100,"bu","09:37:15",199300
4680,-20,200,"bu","09:37:15",199200
4680,-20,200,"bu","09:37:10",199000
4670,-30,600,"sd","09:37:00",198800
4670,-30,1200,"unknown","09:36:53",198200
4670,-30,10800,"unknown","09:36:53",197000
4670,-30,200,"bu","09:36:53",186200
4670,-30,1000,"bu","09:36:45",186000
4660,-40,3000,"bu","09:35:54",185000
4660,-40,900,"bu","09:35:49",182000
4660,-40,500,"bu","09:35:49",181100
4660,-40,500,"bu","09:35:49",180600
4660,-40,100,"bu","09:35:49",180100
4650,-50,2000,"unknown","09:35:33",180000
4650,-50,100,"unknown","09:35:33",178000
4650,-50,900,"bu","09:35:31",177900
4650,-50,10000,"bu","09:35:29",177000
4650,-50,2000,"bu","09:35:29",167000
4650,-50,1200,"bu","09:35:20",165000
4650,-50,1000,"bu","09:35:20",163800
4650,-50,2800,"bu","09:35:20",162800
4650,-50,500,"bu","09:35:15",160000
4650,-50,300,"bu","09:35:10",159500
4650,-50,100,"bu","09:35:04",159200
4650,-50,1500,"bu","09:34:52",159100
4640,-60,200,"sd","09:34:50",157600
4650,-50,1800,"bu","09:34:22",157400
4650,-50,500,"bu","09:34:22",155600
4650,-50,500,"bu","09:34:15",155100
4650,-50,200,"bu","09:34:15",154600
4650,-50,300,"bu","09:34:15",154400
4650,-50,500,"bu","09:33:45",154100
4630,-70,600,"sd","09:32:37",153600
4640,-60,800,"sd","09:32:37",153000
4640,-60,100,"sd","09:32:37",152200
4640,-60,500,"sd","09:32:37",152100
4650,-50,200,"sd","09:31:20",151600
4650,-50,1000,"bu","09:31:07",151400
4650,-50,4300,"bu","09:31:07",150400
4650,-50,3500,"bu","09:30:52",146100
4650,-50,400,"bu","09:30:52",142600
4640,-60,500,"sd","09:30:45",142200
4650,-50,100,"bu","09:30:34",141700
4650,-50,300,"bu","09:29:46",141600
4650,-50,200,"sd","09:29:40",141300
4650,-50,700,"bu","09:29:31",141100
4650,-50,100,"sd","09:29:03",140400
4650,-50,100,"sd","09:29:03",140300
4650,-50,100,"sd","09:28:40",140200
4650,-50,900,"sd","09:28:40",140100
4650,-50,100,"sd","09:28:35",139200
4650,-50,700,"sd","09:27:46",139100
4650,-50,300,"sd","09:27:46",138400
4650,-50,200,"sd","09:27:24",138100
4650,-50,4500,"sd","09:27:02",137900
4650,-50,400,"sd","09:27:02",133400
4650,-50,100,"sd","09:27:02",133000
4650,-50,1100,"sd","09:25:56",132900
4640,-60,100,"sd","09:25:56",131800
4650,-50,100,"bu","09:25:52",131700
4650,-50,400,"bu","09:25:33",131600
4650,-50,300,"sd","09:25:22",131200
4650,-50,100,"sd","09:25:22",130900
4650,-50,2900,"sd","09:23:54",130800
4650,-50,400,"sd","09:23:54",127900
4650,-50,1000,"sd","09:23:54",127500
4650,-50,700,"sd","09:23:54",126500
4670,-30,2300,"bu","09:22:55",125800
4670,-30,5700,"bu","09:22:27",123500
4670,-30,500,"bu","09:22:27",117800
4670,-30,3800,"bu","09:22:27",117300
4670,-30,1000,"bu","09:21:56",113500
4670,-30,200,"bu","09:21:56",112500
4670,-30,5000,"sd","09:21:55",112300
4670,-30,500,"sd","09:21:35",107300
4670,-30,2000,"sd","09:21:25",106800
4670,-30,400,"sd","09:21:16",104800
4670,-30,500,"sd","09:21:09",104400
4670,-30,10000,"sd","09:21:09",103900
4670,-30,1400,"sd","09:21:05",93900
4680,-20,1000,"bu","09:21:04",92500
4680,-20,100,"bu","09:20:59",91500
4680,-20,200,"bu","09:20:54",91400
4680,-20,100,"sd","09:20:30",91200
4680,-20,200,"sd","09:20:22",91100
4680,-20,100,"sd","09:20:00",90900
4680,-20,1000,"sd","09:19:57",90800
4690,-10,200,"bu","09:19:16",89800
4680,-20,1000,"sd","09:19:12",89600
4690,-10,100,"bu","09:19:06",88600
4680,-20,2000,"sd","09:18:57",88500
4680,-20,500,"sd","09:18:52",86500
4680,-20,500,"sd","09:18:40",86000
4690,-10,100,"sd","09:18:17",85500
4690,-10,200,"sd","09:18:17",85400
4690,-10,3700,"sd","09:18:17",85200
4690,-10,100,"bu","09:17:59",81500
4690,-10,100,"bu","09:17:59",81400
4690,-10,1000,"bu","09:17:57",81300
4690,-10,200,"bu","09:17:51",80300
4690,-10,300,"bu","09:17:48",80100
4690,-10,3400,"bu","09:17:18",79800
4690,-10,1600,"bu","09:17:18",76400
4690,-10,1000,"bu","09:17:10",74800
4690,-10,200,"bu","09:16:32",73800
4650,-50,1100,"bu","09:16:27",73600
4650,-50,2900,"bu","09:16:15",72500
4650,-50,2100,"bu","09:16:15",69600
4650,-50,67500,"bu","09:15:01",67500
