"price","change","match_qtty","side","time","total_vol"
5700,0,500,"bu","14:52:18",85100
5700,0,500,"bu","14:51:00",84600
5700,0,700,"bu","14:49:23",84100
5700,0,800,"bu","14:46:48",83400
5700,0,5000,"bu","14:45:52",82600
5700,0,100,"bu","14:41:49",77600
5700,0,100,"bu","14:29:07",77500
5700,0,500,"bu","14:25:18",77400
5700,0,100,"bu","14:25:01",76900
5700,0,100,"bu","14:22:04",76800
5600,-100,9000,"sd","14:16:04",76700
5700,0,1300,"bu","14:15:05",67700
5700,0,1000,"bu","14:14:14",66400
5600,-100,800,"sd","14:12:22",65400
5600,-100,1000,"sd","14:04:49",64600
5600,-100,300,"sd","13:53:47",63600
5600,-100,100,"sd","13:51:46",63300
5600,-100,100,"sd","13:44:30",63200
5700,0,200,"bu","13:44:14",63100
5700,0,1400,"sd","13:42:50",62900
5700,0,100,"sd","13:39:07",61500
5700,0,3300,"bu","13:32:52",61400
5700,0,500,"bu","13:31:54",58100
5700,0,300,"unknown","13:26:45",57600
5700,0,500,"bu","13:22:18",57300
5700,0,200,"bu","13:21:35",56800
5700,0,500,"bu","13:21:30",56600
5700,0,500,"bu","13:20:45",56100
5700,0,100,"unknown","13:19:09",55600
5700,0,100,"bu","13:18:39",55500
5700,0,600,"bu","13:18:22",55400
5700,0,2000,"unknown","13:18:00",54800
5800,100,100,"bu","13:09:41",52800
5700,0,1700,"unknown","13:09:22",52700
5700,0,300,"sd","13:08:20",51000
5700,0,4800,"sd","13:06:47",50700
5700,0,1000,"bu","13:05:26",45900
5700,0,11200,"sd","13:04:13",44900
5700,0,2000,"sd","13:04:06",33700
5700,0,300,"sd","13:01:27",31700
5700,0,100,"sd","11:16:26",31400
5700,0,5300,"sd","11:02:51",31300
5700,0,14700,"sd","10:54:45",26000
5800,100,200,"bu","10:44:51",11300
5800,100,300,"unknown","10:18:27",11100
5800,100,700,"sd","10:14:57",10800
5800,100,100,"sd","09:44:10",10100
5800,100,100,"sd","09:43:54",10000
5800,100,300,"sd","09:42:52",9900
5800,100,500,"sd","09:42:36",9600
5800,100,1000,"sd","09:42:02",9100
5800,100,500,"unknown","09:38:32",8100
5900,200,2500,"bu","09:36:51",7600
5800,100,100,"bu","09:32:04",5100
5700,0,500,"sd","09:26:21",5000
5700,0,1500,"sd","09:21:33",4500
5700,0,1000,"sd","09:16:13",3000
5700,0,200,"sd","09:13:30",2000
5800,100,400,"bu","09:12:59",1800
5800,100,400,"sd","09:12:29",1400
5800,100,1000,"bu","09:09:57",1000
