"price","change","match_qtty","side","time","total_vol"
70000,0,25900,"sd","14:45:04",244900
70000,0,5000,"bu","14:28:37",219000
70000,0,100,"bu","14:28:37",214000
70000,0,100,"bu","14:28:37",213900
70000,0,100,"bu","14:28:37",213800
70000,0,2400,"bu","14:28:37",213700
70000,0,700,"bu","14:28:37",211300
70000,0,100,"bu","14:28:37",210600
70000,0,100,"bu","14:28:37",210500
70000,0,700,"bu","14:28:16",210400
69900,-100,1300,"bu","14:28:16",209700
69800,-200,100,"bu","14:28:16",208400
69800,-200,900,"bu","14:28:16",208300
69800,-200,100,"bu","14:27:21",207400
69800,-200,500,"bu","14:27:21",207300
69800,-200,100,"bu","14:26:00",206800
69900,-100,100,"bu","14:24:22",206700
69900,-100,200,"bu","14:24:22",206600
69700,-300,500,"unknown","14:23:11",206400
69700,-300,400,"unknown","14:23:11",205900
69700,-300,100,"sd","14:21:42",205500
69700,-300,100,"sd","14:21:42",205400
69700,-300,100,"sd","14:21:42",205300
69800,-200,200,"sd","14:21:42",205200
69600,-400,1000,"sd","14:16:48",205000
69600,-400,100,"sd","14:16:48",204000
69600,-400,100,"sd","14:16:48",203900
69600,-400,500,"sd","14:16:48",203800
69600,-400,1000,"sd","14:16:48",203300
69600,-400,700,"sd","14:16:48",202300
69600,-400,500,"sd","14:16:48",201600
69600,-400,100,"sd","14:16:48",201100
69600,-400,1000,"sd","14:16:48",201000
69700,-300,500,"bu","14:16:10",200000
69700,-300,100,"sd","14:16:07",199500
69700,-300,100,"sd","14:16:07",199400
69900,-100,300,"sd","14:15:53",199300
69900,-100,200,"bu","14:15:31",199000
69900,-100,100,"sd","14:15:23",198800
69900,-100,2400,"sd","14:14:55",198700
70000,0,200,"bu","14:13:26",196300
69900,-100,100,"sd","14:11:47",196100
69700,-300,100,"sd","14:09:11",196000
69600,-400,100,"sd","14:04:38",195900
69600,-400,200,"sd","14:02:45",195800
69600,-400,1000,"sd","14:00:00",195600
69600,-400,1000,"sd","14:00:00",194600
69600,-400,1000,"sd","14:00:00",193600
69600,-400,600,"sd","14:00:00",192600
69600,-400,3000,"sd","14:00:00",192000
69600,-400,1000,"sd","14:00:00",189000
69600,-400,200,"sd","14:00:00",188000
69600,-400,100,"sd","14:00:00",187800
69600,-400,500,"sd","14:00:00",187700
69700,-300,100,"sd","14:00:00",187200
69700,-300,1000,"sd","14:00:00",187100
69700,-300,500,"sd","14:00:00",186100
69900,-100,100,"bu","13:59:29",185600
69900,-100,100,"bu","13:59:29",185500
69900,-100,100,"bu","13:57:21",185400
69900,-100,300,"bu","13:55:59",185300
69900,-100,200,"bu","13:55:59",185000
69900,-100,100,"sd","13:54:07",184800
69900,-100,1000,"sd","13:54:07",184700
69900,-100,2200,"sd","13:54:07",183700
69900,-100,100,"sd","13:53:33",181500
70000,0,100,"bu","13:51:59",181400
70000,0,100,"bu","13:51:59",181300
70000,0,300,"bu","13:51:59",181200
70000,0,100,"bu","13:49:39",180900
69900,-100,500,"sd","13:48:24",180800
69900,-100,500,"sd","13:48:14",180300
69900,-100,100,"bu","13:47:09",179800
69900,-100,200,"bu","13:47:09",179700
69900,-100,400,"bu","13:47:09",179500
69800,-200,3000,"bu","13:47:09",179100
69700,-300,100,"bu","13:46:30",176100
69500,-500,4700,"sd","13:45:29",176000
69500,-500,1000,"sd","13:45:29",171300
69500,-500,100,"sd","13:45:29",170300
69500,-500,100,"sd","13:45:29",170200
69500,-500,100,"sd","13:45:29",170100
69500,-500,200,"sd","13:45:29",170000
69500,-500,500,"sd","13:45:29",169800
69500,-500,200,"sd","13:45:29",169300
69500,-500,100,"sd","13:45:29",169100
69500,-500,100,"sd","13:45:29",169000
69500,-500,100,"sd","13:45:29",168900
69500,-500,1000,"sd","13:45:29",168800
69500,-500,100,"sd","13:45:29",167800
69500,-500,100,"sd","13:45:29",167700
69500,-500,100,"sd","13:45:29",167600
69500,-500,200,"sd","13:45:29",167500
69500,-500,100,"sd","13:45:29",167300
69500,-500,1000,"sd","13:45:29",167200
69500,-500,1000,"sd","13:45:29",166200
69500,-500,100,"sd","13:45:29",165200
69500,-500,1000,"sd","13:45:29",165100
69500,-500,1000,"sd","13:45:29",164100
69500,-500,200,"sd","13:45:29",163100
69500,-500,100,"sd","13:45:29",162900
69500,-500,300,"sd","13:45:29",162800
69500,-500,3000,"sd","13:45:29",162500
69500,-500,200,"sd","13:45:29",159500
69500,-500,100,"sd","13:45:29",159300
69500,-500,100,"sd","13:45:29",159200
69500,-500,100,"sd","13:45:29",159100
69500,-500,1200,"sd","13:45:29",159000
69500,-500,100,"sd","13:45:29",157800
69500,-500,100,"sd","13:45:29",157700
69500,-500,300,"sd","13:45:29",157600
69500,-500,100,"sd","13:45:29",157300
69500,-500,700,"sd","13:45:29",157200
69600,-400,900,"sd","13:45:29",156500
69500,-500,1000,"sd","13:45:29",155600
69600,-400,1200,"bu","13:45:28",154600
69600,-400,500,"bu","13:45:10",153400
69600,-400,300,"bu","13:45:01",152900
69600,-400,1500,"sd","13:44:30",152600
69700,-300,500,"bu","13:43:55",151100
69600,-400,500,"sd","13:43:52",150600
69600,-400,300,"bu","13:43:40",150100
69600,-400,500,"bu","13:43:35",149800
69600,-400,500,"bu","13:43:34",149300
69600,-400,300,"sd","13:43:17",148800
69600,-400,100,"sd","13:43:17",148500
69600,-400,1000,"sd","13:43:17",148400
69600,-400,300,"sd","13:43:17",147400
69600,-400,300,"sd","13:43:17",147100
69600,-400,2000,"sd","13:43:17",146800
69600,-400,500,"sd","13:43:17",144800
69600,-400,300,"sd","13:43:17",144300
69600,-400,300,"sd","13:43:17",144000
69600,-400,500,"sd","13:43:17",143700
69600,-400,100,"sd","13:43:17",143200
69600,-400,500,"sd","13:43:17",143100
69600,-400,100,"sd","13:43:17",142600
69600,-400,200,"sd","13:43:17",142500
69600,-400,200,"sd","13:43:17",142300
69700,-300,100,"sd","13:42:52",142100
69700,-300,6900,"sd","13:42:52",142000
69700,-300,5000,"sd","13:42:50",135100
69700,-300,100,"sd","13:42:03",130100
69700,-300,500,"sd","13:42:03",130000
69700,-300,100,"sd","13:42:03",129500
69800,-200,4000,"bu","13:38:02",129400
69700,-300,500,"sd","13:37:28",125400
69700,-300,500,"sd","13:37:28",124900
69800,-200,100,"bu","13:36:13",124400
69800,-200,1900,"bu","13:33:06",124300
69800,-200,200,"bu","13:32:40",122400
69700,-300,500,"bu","13:30:09",122200
69700,-300,100,"bu","13:28:18",121700
69700,-300,1000,"bu","13:28:18",121600
69600,-400,200,"bu","13:27:54",120600
69600,-400,200,"bu","13:27:53",120400
69500,-500,200,"sd","13:27:49",120200
69500,-500,100,"sd","13:27:49",120000
69600,-400,1000,"bu","13:27:37",119900
69600,-400,500,"bu","13:27:32",118900
69600,-400,500,"bu","13:27:30",118400
69600,-400,100,"bu","13:27:29",117900
69600,-400,100,"bu","13:26:54",117800
69600,-400,100,"sd","13:26:33",117700
69600,-400,200,"sd","13:26:33",117600
69600,-400,100,"sd","13:26:33",117400
69600,-400,100,"sd","13:26:33",117300
69600,-400,200,"sd","13:26:33",117200
69600,-400,500,"sd","13:26:33",117000
69600,-400,800,"sd","13:26:33",116500
69600,-400,100,"sd","13:26:33",115700
69600,-400,500,"sd","13:26:33",115600
69600,-400,2000,"sd","13:26:33",115100
69600,-400,500,"sd","13:26:33",113100
69600,-400,400,"sd","13:26:33",112600
69600,-400,800,"sd","13:26:33",112200
69600,-400,500,"sd","13:26:33",111400
69600,-400,200,"sd","13:26:33",110900
69600,-400,100,"sd","13:26:33",110700
69600,-400,300,"sd","13:26:33",110600
69600,-400,500,"sd","13:26:33",110300
69600,-400,200,"sd","13:26:33",109800
69600,-400,1000,"sd","13:26:33",109600
69600,-400,300,"sd","13:26:33",108600
69700,-300,200,"bu","13:25:37",108300
69700,-300,100,"bu","13:25:03",108100
69700,-300,100,"bu","13:25:03",108000
69700,-300,500,"bu","13:25:03",107900
69700,-300,300,"bu","13:25:03",107400
69700,-300,100,"bu","13:25:03",107100
69700,-300,100,"bu","13:25:03",107000
69700,-300,600,"bu","13:25:03",106900
69700,-300,3000,"bu","13:25:03",106300
69800,-200,300,"bu","13:24:30",103300
69800,-200,100,"bu","13:24:07",103000
69800,-200,300,"bu","13:23:42",102900
69800,-200,100,"bu","13:23:23",102600
69700,-300,200,"sd","13:21:32",102500
69700,-300,200,"unknown","13:19:18",102300
69700,-300,100,"unknown","13:19:18",102100
69900,-100,100,"bu","13:17:10",102000
69900,-100,100,"bu","13:14:47",101900
69900,-100,200,"bu","13:14:47",101800
69900,-100,100,"bu","13:10:48",101600
69600,-400,200,"sd","13:10:30",101500
69600,-400,800,"sd","13:10:30",101300
69600,-400,200,"sd","13:10:00",100500
69600,-400,200,"sd","13:10:00",100300
69600,-400,3000,"sd","13:10:00",100100
69700,-300,100,"bu","13:09:22",97100
69700,-300,100,"bu","13:09:13",97000
69700,-300,100,"sd","13:08:30",96900
69700,-300,100,"sd","13:08:30",96800
69700,-300,100,"sd","13:08:30",96700
69700,-300,2000,"sd","13:08:30",96600
69700,-300,100,"sd","13:08:15",94600
69700,-300,200,"sd","13:08:15",94500
69700,-300,100,"sd","13:08:15",94300
69800,-200,100,"bu","13:07:52",94200
69800,-200,100,"sd","13:07:52",94100
69800,-200,100,"bu","13:03:35",94000
69800,-200,800,"bu","13:03:35",93900
69800,-200,100,"sd","13:03:15",93100
69800,-200,100,"sd","13:03:15",93000
69800,-200,300,"sd","13:03:15",92900
69800,-200,100,"sd","13:03:15",92600
69800,-200,100,"sd","13:03:15",92500
69800,-200,100,"sd","13:03:15",92400
69800,-200,200,"sd","13:03:15",92300
69800,-200,100,"sd","13:03:15",92100
69800,-200,500,"sd","13:03:15",92000
69800,-200,100,"sd","13:03:15",91500
69800,-200,200,"sd","13:03:15",91400
69800,-200,200,"sd","13:03:15",91200
69800,-200,100,"sd","13:03:15",91000
69800,-200,2000,"sd","13:03:15",90900
69800,-200,100,"sd","13:03:15",88900
69800,-200,100,"sd","13:03:15",88800
69800,-200,300,"sd","13:03:15",88700
69800,-200,100,"sd","13:03:15",88400
69800,-200,200,"sd","13:03:15",88300
69800,-200,200,"sd","13:03:15",88100
69800,-200,100,"sd","13:01:58",87900
69800,-200,500,"sd","13:01:58",87800
69800,-200,400,"sd","13:01:58",87300
69800,-200,100,"sd","13:00:54",86900
69900,-100,200,"bu","13:00:22",86800
69900,-100,100,"bu","13:00:18",86600
69900,-100,300,"bu","13:00:08",86500
69900,-100,700,"bu","13:00:06",86200
69900,-100,200,"bu","13:00:05",85500
69900,-100,100,"bu","13:00:02",85300
69900,-100,500,"bu","11:27:14",85200
69900,-100,900,"bu","11:26:02",84700
69900,-100,500,"bu","11:25:25",83800
69900,-100,100,"bu","11:23:23",83300
69900,-100,100,"sd","11:20:08",83200
69900,-100,100,"sd","11:19:52",83100
69900,-100,100,"sd","11:19:52",83000
69900,-100,100,"sd","11:19:52",82900
69900,-100,1000,"sd","11:16:31",82800
69900,-100,200,"sd","11:15:53",81800
69900,-100,900,"sd","11:15:53",81600
69900,-100,100,"sd","11:15:16",80700
69900,-100,100,"sd","11:13:40",80600
69900,-100,200,"sd","11:10:36",80500
70000,0,500,"bu","11:08:36",80300
70000,0,200,"bu","11:04:19",79800
69900,-100,500,"sd","11:03:53",79600
69900,-100,300,"bu","11:00:24",79100
69900,-100,2000,"bu","11:00:04",78800
69900,-100,1000,"bu","10:59:12",76800
69900,-100,1000,"bu","10:58:51",75800
69900,-100,500,"bu","10:58:39",74800
69900,-100,200,"bu","10:58:05",74300
69900,-100,600,"bu","10:57:39",74100
69900,-100,100,"bu","10:57:18",73500
69900,-100,500,"bu","10:56:40",73400
69900,-100,200,"bu","10:55:10",72900
69900,-100,100,"sd","10:55:08",72700
69900,-100,4000,"sd","10:54:22",72600
69900,-100,2000,"sd","10:54:22",68600
69900,-100,500,"sd","10:54:22",66600
69900,-100,100,"sd","10:54:22",66100
69900,-100,1000,"sd","10:54:22",66000
69900,-100,100,"sd","10:54:22",65000
69900,-100,2000,"sd","10:54:22",64900
69900,-100,500,"sd","10:54:22",62900
69900,-100,100,"sd","10:54:22",62400
69900,-100,200,"sd","10:54:22",62300
70000,0,100,"bu","10:52:30",62100
70000,0,300,"bu","10:49:56",62000
69900,-100,300,"bu","10:42:09",61700
69900,-100,200,"bu","10:41:42",61400
69900,-100,800,"bu","10:41:41",61200
69900,-100,500,"bu","10:41:41",60400
69900,-100,500,"bu","10:41:22",59900
69900,-100,1400,"bu","10:40:51",59400
69900,-100,100,"bu","10:39:05",58000
69900,-100,1000,"bu","10:38:15",57900
69900,-100,100,"bu","10:37:25",56900
69900,-100,300,"bu","10:37:04",56800
69900,-100,100,"bu","10:34:55",56500
69900,-100,3000,"bu","10:34:50",56400
69900,-100,200,"bu","10:34:20",53400
69800,-200,500,"sd","10:33:49",53200
69900,-100,200,"bu","10:33:48",52700
69800,-200,200,"sd","10:33:47",52500
69900,-100,100,"bu","10:33:08",52300
69900,-100,5000,"bu","10:32:56",52200
69900,-100,1000,"bu","10:30:32",47200
69900,-100,100,"bu","10:30:32",46200
70000,0,100,"bu","10:29:51",46100
70000,0,200,"bu","10:27:25",46000
70000,0,500,"bu","10:26:47",45800
70000,0,100,"bu","10:26:06",45300
70000,0,500,"bu","10:25:33",45200
70000,0,500,"bu","10:25:33",44700
70000,0,600,"bu","10:25:22",44200
70000,0,200,"bu","10:25:06",43600
70000,0,100,"bu","10:24:46",43400
70000,0,100,"bu","10:24:43",43300
70000,0,100,"bu","10:21:43",43200
70000,0,100,"bu","10:20:54",43100
70000,0,1000,"bu","10:20:06",43000
70000,0,500,"bu","10:19:48",42000
70000,0,1000,"bu","10:18:26",41500
70000,0,200,"bu","10:17:50",40500
70000,0,100,"bu","10:17:06",40300
70000,0,100,"bu","10:16:15",40200
70000,0,100,"bu","10:12:51",40100
70000,0,200,"bu","10:11:21",40000
70000,0,100,"bu","10:11:21",39800
70000,0,500,"bu","10:11:21",39700
70000,0,1000,"bu","10:11:21",39200
70000,0,100,"bu","10:11:21",38200
70000,0,100,"sd","10:11:21",38100
70000,0,900,"sd","10:11:21",38000
70000,0,100,"sd","10:11:21",37100
70000,0,100,"sd","10:11:21",37000
70000,0,200,"sd","10:11:21",36900
70000,0,1000,"sd","10:11:21",36700
70000,0,100,"sd","10:11:21",35700
70100,100,1000,"sd","10:09:10",35600
70000,0,100,"sd","10:06:03",34600
70000,0,300,"sd","09:59:18",34500
70000,0,100,"sd","09:59:18",34200
70000,0,100,"sd","09:59:18",34100
70200,200,100,"bu","09:58:46",34000
70200,200,100,"bu","09:57:17",33900
70000,0,200,"sd","09:55:36",33800
70000,0,100,"sd","09:55:36",33600
70000,0,200,"sd","09:55:36",33500
70000,0,800,"bu","09:53:52",33300
70000,0,500,"bu","09:53:52",32500
70000,0,200,"bu","09:53:46",32000
70000,0,300,"bu","09:53:27",31800
70000,0,100,"bu","09:52:25",31500
70000,0,500,"bu","09:52:12",31400
70000,0,500,"bu","09:51:57",30900
70000,0,100,"bu","09:51:57",30400
70000,0,1600,"bu","09:51:57",30300
70000,0,100,"bu","09:51:57",28700
70000,0,100,"bu","09:51:57",28600
70000,0,300,"bu","09:51:57",28500
70000,0,1500,"bu","09:51:57",28200
70000,0,900,"bu","09:51:57",26700
70000,0,300,"bu","09:51:57",25800
70100,100,400,"bu","09:51:57",25500
70000,0,100,"bu","09:51:57",25100
70100,100,500,"bu","09:51:57",25000
70000,0,100,"bu","09:51:57",24500
70100,100,100,"bu","09:51:57",24400
70000,0,500,"bu","09:51:57",24300
70100,100,800,"bu","09:51:57",23800
70000,0,100,"bu","09:51:57",23000
70200,200,200,"bu","09:51:57",22900
70000,0,200,"bu","09:51:57",22700
70200,200,100,"bu","09:51:57",22500
70200,200,100,"bu","09:51:57",22400
70200,200,600,"bu","09:51:57",22300
70000,0,5000,"bu","09:51:57",21700
70200,200,400,"bu","09:51:57",16700
70200,200,100,"bu","09:51:57",16300
70000,0,100,"bu","09:51:57",16200
70200,200,200,"bu","09:51:57",16100
70000,0,300,"unknown","09:51:57",15900
70200,200,800,"sd","09:51:57",15600
70000,0,100,"sd","09:51:57",14800
70000,0,100,"sd","09:51:57",14700
70000,0,200,"sd","09:51:57",14600
70000,0,1000,"sd","09:51:57",14400
70100,100,100,"sd","09:51:57",13400
70300,300,100,"sd","09:51:22",13300
70300,300,100,"sd","09:51:22",13200
70300,300,800,"sd","09:51:22",13100
70300,300,200,"sd","09:51:22",12300
70300,300,1000,"sd","09:51:22",12100
70300,300,100,"sd","09:51:22",11100
70300,300,400,"sd","09:51:22",11000
70400,400,1200,"sd","09:51:17",10600
70400,400,200,"sd","09:51:17",9400
70400,400,100,"sd","09:51:17",9200
70500,500,500,"sd","09:51:17",9100
70500,500,100,"bu","09:48:29",8600
70500,500,500,"sd","09:47:08",8500
70400,400,700,"sd","09:46:12",8000
70400,400,300,"sd","09:46:12",7300
70400,400,200,"sd","09:46:12",7000
70400,400,300,"sd","09:46:12",6800
70400,400,2000,"sd","09:41:32",6500
70400,400,200,"sd","09:40:43",4500
70600,600,100,"bu","09:35:42",4300
70400,400,100,"sd","09:35:12",4200
70400,400,100,"sd","09:35:12",4100
70600,600,100,"bu","09:32:25",4000
70400,400,100,"bu","09:30:53",3900
70400,400,100,"bu","09:29:38",3800
70300,300,100,"sd","09:29:34",3700
70300,300,200,"sd","09:29:26",3600
70300,300,500,"sd","09:29:26",3400
70400,400,500,"sd","09:26:13",2900
70400,400,200,"sd","09:23:20",2400
70400,400,100,"sd","09:22:10",2200
70400,400,100,"sd","09:22:10",2100
70400,400,400,"sd","09:22:10",2000
70500,500,500,"sd","09:20:08",1600
70500,500,500,"sd","09:20:08",1100
70500,500,100,"bu","09:17:08",600
70200,200,500,"sd","09:15:01",500
