"price","change","match_qtty","side","time","total_vol"
18.15,0.1,439700,"unknown","14:45:01",2439400
18.1,0.05,1200,"sd","14:29:56",1999700
18.1,0.05,1400,"sd","14:29:37",1998500
18.1,0.05,7400,"sd","14:29:37",1997100
18.05,0,400,"sd","14:29:16",1989700
18.05,0,500,"sd","14:29:16",1989300
18.05,0,100,"sd","14:29:16",1988800
18.05,0,900,"sd","14:28:48",1988700
18.05,0,500,"sd","14:28:48",1987800
18.05,0,500,"sd","14:28:48",1987300
18.05,0,100,"sd","14:28:48",1986800
18.05,0,1300,"sd","14:28:48",1986700
18.05,0,500,"sd","14:28:48",1985400
18.05,0,1500,"sd","14:28:48",1984900
18.05,0,200,"sd","14:28:48",1983400
18.05,0,500,"sd","14:28:48",1983200
18.05,0,300,"sd","14:28:48",1982700
18.05,0,300,"sd","14:28:48",1982400
18.05,0,400,"sd","14:28:48",1982100
18.05,0,400,"sd","14:28:37",1981700
18.1,0.05,100,"sd","14:28:03",1981300
18.1,0.05,100,"sd","14:28:02",1981200
18.1,0.05,1000,"sd","14:27:58",1981100
18.1,0.05,500,"sd","14:27:32",1980100
18.1,0.05,2000,"sd","14:27:30",1979600
18.1,0.05,700,"sd","14:27:27",1977600
18.1,0.05,800,"sd","14:27:04",1976900
18.1,0.05,7500,"sd","14:26:19",1976100
18.1,0.05,100,"sd","14:26:19",1968600
18.1,0.05,900,"sd","14:26:19",1968500
18.1,0.05,7500,"bu","14:26:19",1967600
18.05,0,200,"sd","14:26:02",1960100
18.05,0,200,"sd","14:26:02",1959900
18.05,0,100,"sd","14:26:02",1959700
18.05,0,1000,"sd","14:25:34",1959600
18.05,0,2000,"sd","14:25:11",1958600
18.05,0,1000,"sd","14:25:11",1956600
18.05,0,200,"sd","14:25:11",1955600
18.05,0,300,"sd","14:25:11",1955400
18.05,0,100,"sd","14:25:11",1955100
18.05,0,200,"sd","14:25:11",1955000
18.05,0,200,"sd","14:25:11",1954800
18.1,0.05,100,"sd","14:24:57",1954600
18.1,0.05,400,"sd","14:24:16",1954500
18.1,0.05,500,"sd","14:24:05",1954100
18.15,0.1,4800,"bu","14:23:57",1953600
18.15,0.1,5200,"bu","14:23:57",1948800
18.15,0.1,7000,"bu","14:23:31",1943600
18.1,0.05,800,"bu","14:23:31",1936600
18.1,0.05,900,"bu","14:23:31",1935800
18.1,0.05,1300,"bu","14:23:31",1934900
18.1,0.05,300,"bu","14:23:24",1933600
18.1,0.05,1000,"sd","14:23:12",1933300
18.1,0.05,100,"sd","14:23:12",1932300
18.1,0.05,1000,"sd","14:23:12",1932200
18.1,0.05,500,"sd","14:23:12",1931200
18.1,0.05,1000,"sd","14:23:12",1930700
18.1,0.05,500,"sd","14:23:12",1929700
18.1,0.05,200,"sd","14:23:12",1929200
18.1,0.05,300,"sd","14:23:12",1929000
18.1,0.05,100,"sd","14:23:12",1928700
18.1,0.05,2000,"sd","14:23:12",1928600
18.1,0.05,100,"sd","14:23:12",1926600
18.1,0.05,500,"sd","14:23:12",1926500
18.1,0.05,3000,"sd","14:23:12",1926000
18.1,0.05,800,"sd","14:23:12",1923000
18.1,0.05,2000,"sd","14:23:12",1922200
18.1,0.05,100,"sd","14:23:12",1920200
18.1,0.05,2000,"sd","14:23:12",1920100
18.1,0.05,2000,"sd","14:23:12",1918100
18.1,0.05,500,"sd","14:23:12",1916100
18.1,0.05,200,"sd","14:23:12",1915600
18.1,0.05,100,"sd","14:23:12",1915400
18.1,0.05,100,"sd","14:23:12",1915000
18.1,0.05,300,"sd","14:23:12",1915300
18.15,0.1,100,"sd","14:23:05",1914900
18.15,0.1,500,"sd","14:23:05",1914800
18.15,0.1,500,"sd","14:23:05",1914300
18.15,0.1,5000,"sd","14:23:05",1913800
18.15,0.1,500,"sd","14:23:05",1908800
18.15,0.1,1200,"sd","14:23:05",1908300
18.25,0.2,300,"sd","14:22:52",1907100
18.25,0.2,200,"bu","14:22:48",1906800
18.25,0.2,1000,"bu","14:22:48",1906600
18.25,0.2,500,"bu","14:22:48",1905600
18.25,0.2,1000,"bu","14:22:09",1905100
18.25,0.2,2000,"bu","14:22:09",1904100
18.15,0.1,1000,"sd","14:21:42",1902100
18.15,0.1,3900,"sd","14:21:18",1901100
18.15,0.1,1000,"sd","14:21:18",1897200
18.15,0.1,200,"sd","14:21:18",1896200
18.15,0.1,300,"sd","14:21:18",1896000
18.15,0.1,700,"sd","14:21:18",1895700
18.2,0.15,200,"sd","14:21:18",1895000
18.2,0.15,100,"sd","14:21:18",1894800
18.2,0.15,500,"sd","14:21:18",1894700
18.2,0.15,100,"sd","14:21:18",1894200
18.2,0.15,100,"sd","14:21:18",1894100
18.2,0.15,2900,"sd","14:21:18",1894000
18.2,0.15,1800,"sd","14:19:24",1891100
18.2,0.15,2300,"sd","14:18:47",1889300
18.2,0.15,200,"sd","14:18:47",1887000
18.2,0.15,100,"sd","14:18:47",1886800
18.2,0.15,2300,"sd","14:18:47",1886700
18.25,0.2,100,"sd","14:18:47",1884400
18.3,0.25,4300,"bu","14:17:35",1884300
18.3,0.25,500,"bu","14:17:35",1880000
18.25,0.2,200,"bu","14:17:35",1879500
18.25,0.2,500,"bu","14:17:14",1879300
18.25,0.2,3000,"sd","14:17:02",1878800
18.25,0.2,2400,"sd","14:17:02",1875800
18.25,0.2,200,"sd","14:16:26",1873400
18.25,0.2,400,"sd","14:16:26",1873200
18.3,0.25,400,"sd","14:16:26",1872800
18.3,0.25,2100,"bu","14:16:07",1872400
18.3,0.25,300,"bu","14:14:49",1870300
18.3,0.25,500,"bu","14:14:49",1870000
18.3,0.25,600,"bu","14:14:49",1869500
18.3,0.25,900,"bu","14:14:49",1868900
18.3,0.25,400,"bu","14:14:30",1868000
18.3,0.25,300,"bu","14:14:30",1867600
18.3,0.25,800,"bu","14:14:30",1867300
18.25,0.2,4600,"sd","14:14:18",1866500
18.25,0.2,400,"sd","14:14:18",1861900
18.25,0.2,1000,"sd","14:13:11",1861500
18.3,0.25,3200,"bu","14:13:04",1860500
18.3,0.25,10000,"bu","14:13:04",1857300
18.3,0.25,1000,"bu","14:13:04",1847300
18.3,0.25,300,"bu","14:13:04",1846300
18.3,0.25,200,"bu","14:13:04",1846000
18.3,0.25,300,"bu","14:13:04",1845800
18.3,0.25,700,"sd","14:11:13",1845500
18.3,0.25,1000,"sd","14:11:13",1844800
18.3,0.25,100,"sd","14:10:43",1843800
18.35,0.3,1000,"bu","14:10:07",1843700
18.3,0.25,500,"sd","14:10:03",1842700
18.3,0.25,1900,"bu","14:09:52",1842200
18.3,0.25,1000,"bu","14:09:52",1840300
18.3,0.25,500,"bu","14:09:52",1839300
18.3,0.25,20000,"bu","14:09:52",1838800
18.3,0.25,200,"bu","14:09:52",1818800
18.3,0.25,2000,"bu","14:09:52",1818600
18.3,0.25,500,"bu","14:09:52",1816600
18.3,0.25,300,"bu","14:09:52",1816100
18.3,0.25,300,"bu","14:09:52",1815800
18.3,0.25,400,"bu","14:09:52",1815500
18.3,0.25,600,"bu","14:09:52",1815100
18.25,0.2,100,"bu","14:09:27",1814500
18.25,0.2,900,"bu","14:08:56",1814400
18.25,0.2,2000,"bu","14:08:56",1813500
18.25,0.2,300,"bu","14:08:56",1811500
18.25,0.2,2000,"bu","14:08:56",1811200
18.25,0.2,2000,"bu","14:08:56",1809200
18.25,0.2,2000,"bu","14:08:56",1807200
18.25,0.2,800,"bu","14:08:56",1805200
18.25,0.2,1200,"sd","14:06:44",1804400
18.25,0.2,300,"sd","14:06:35",1803200
18.25,0.2,1000,"sd","14:05:07",1802900
18.25,0.2,500,"sd","14:05:07",1801900
18.25,0.2,500,"bu","14:04:36",1801400
18.25,0.2,1000,"bu","14:04:36",1800900
18.2,0.15,100,"sd","14:03:51",1799900
18.2,0.15,3200,"sd","14:02:37",1799800
18.25,0.2,100,"bu","14:01:56",1796600
18.25,0.2,2000,"bu","14:01:22",1796500
18.25,0.2,500,"bu","14:01:15",1794500
18.25,0.2,1500,"bu","14:01:01",1794000
18.25,0.2,18500,"bu","14:01:01",1792500
18.2,0.15,1000,"sd","14:00:20",1774000
18.2,0.15,500,"sd","14:00:16",1773000
18.2,0.15,2900,"bu","14:00:14",1772500
18.2,0.15,1000,"sd","13:59:49",1769600
18.2,0.15,200,"sd","13:59:44",1768600
18.2,0.15,200,"sd","13:59:44",1768400
18.2,0.15,100,"sd","13:59:23",1768200
18.2,0.15,1900,"sd","13:59:23",1768100
18.2,0.15,300,"sd","13:59:19",1766200
18.2,0.15,6300,"sd","13:59:07",1765900
18.2,0.15,500,"sd","13:57:43",1759600
18.2,0.15,300,"sd","13:57:43",1759100
18.2,0.15,700,"sd","13:57:43",1758800
18.2,0.15,2300,"bu","13:57:19",1758100
18.2,0.15,1500,"sd","13:57:15",1755800
18.2,0.15,2000,"sd","13:57:15",1754300
18.2,0.15,4200,"sd","13:57:15",1752300
18.15,0.1,1100,"sd","13:57:12",1748100
18.15,0.1,200,"sd","13:57:12",1747000
18.15,0.1,500,"sd","13:57:12",1746800
18.15,0.1,500,"sd","13:57:12",1746300
18.15,0.1,100,"sd","13:57:12",1745800
18.2,0.15,100,"bu","13:56:56",1745700
18.15,0.1,100,"sd","13:55:25",1745600
18.2,0.15,1500,"bu","13:54:56",1745500
18.15,0.1,3000,"sd","13:54:45",1744000
18.15,0.1,100,"sd","13:54:45",1741000
18.15,0.1,100,"sd","13:54:45",1740900
18.15,0.1,100,"sd","13:54:45",1740800
18.15,0.1,2000,"sd","13:54:45",1740700
18.15,0.1,100,"sd","13:54:45",1738700
18.15,0.1,2000,"sd","13:54:45",1738600
18.15,0.1,1200,"sd","13:54:45",1736600
18.15,0.1,100,"sd","13:54:36",1735400
18.15,0.1,200,"sd","13:53:49",1735300
18.15,0.1,500,"sd","13:53:49",1735100
18.15,0.1,100,"sd","13:53:49",1734600
18.15,0.1,200,"sd","13:53:49",1734500
18.2,0.15,200,"bu","13:53:18",1734300
18.2,0.15,100,"sd","13:52:43",1734100
18.2,0.15,400,"bu","13:52:39",1734000
18.2,0.15,100,"sd","13:52:15",1733600
18.2,0.15,400,"unknown","13:52:15",1733500
18.15,0.1,100,"sd","13:52:02",1733100
18.2,0.15,600,"sd","13:51:54",1733000
18.2,0.15,2400,"sd","13:51:35",1732400
18.2,0.15,600,"sd","13:51:33",1730000
18.2,0.15,800,"sd","13:51:25",1729400
18.2,0.15,800,"sd","13:51:25",1728600
18.2,0.15,400,"sd","13:51:25",1727800
18.2,0.15,1000,"sd","13:51:25",1727400
18.2,0.15,1500,"sd","13:51:25",1726400
18.2,0.15,500,"sd","13:51:25",1724900
18.2,0.15,9200,"sd","13:51:20",1724400
18.2,0.15,300,"sd","13:51:20",1715200
18.2,0.15,500,"sd","13:51:20",1714900
18.25,0.2,1000,"bu","13:51:03",1714400
18.25,0.2,200,"bu","13:49:50",1713400
18.2,0.15,500,"sd","13:49:23",1713200
18.2,0.15,400,"bu","13:46:19",1712700
18.2,0.15,1000,"bu","13:46:19",1712300
18.2,0.15,600,"bu","13:46:19",1711300
18.2,0.15,200,"bu","13:45:53",1710700
18.2,0.15,500,"bu","13:45:53",1710500
18.2,0.15,100,"bu","13:45:53",1710000
18.2,0.15,600,"bu","13:45:53",1709900
18.2,0.15,9400,"sd","13:45:47",1709300
18.2,0.15,2000,"sd","13:45:47",1699900
18.2,0.15,1000,"sd","13:45:47",1697900
18.2,0.15,3000,"sd","13:45:47",1696900
18.2,0.15,100,"sd","13:45:47",1693900
18.2,0.15,100,"sd","13:45:47",1693800
18.2,0.15,100,"sd","13:45:47",1693700
18.2,0.15,100,"sd","13:45:47",1693600
18.2,0.15,500,"sd","13:45:47",1693500
18.2,0.15,3400,"sd","13:45:47",1693000
18.2,0.15,200,"sd","13:45:46",1689600
18.2,0.15,3000,"sd","13:45:46",1689400
18.2,0.15,1000,"sd","13:45:46",1686400
18.2,0.15,2000,"sd","13:45:46",1685400
18.2,0.15,400,"sd","13:45:46",1683400
18.2,0.15,100,"sd","13:45:46",1683000
18.2,0.15,100,"sd","13:45:46",1682900
18.2,0.15,100,"sd","13:45:46",1682800
18.2,0.15,5000,"sd","13:45:46",1682700
18.2,0.15,200,"sd","13:45:46",1677700
18.2,0.15,1000,"sd","13:45:46",1677500
18.2,0.15,6600,"sd","13:45:46",1676500
18.25,0.2,100,"sd","13:44:26",1669900
18.25,0.2,900,"sd","13:44:26",1669800
18.25,0.2,4000,"sd","13:44:17",1668900
18.25,0.2,100,"bu","13:43:54",1664900
18.25,0.2,200,"sd","13:43:38",1664800
18.25,0.2,200,"sd","13:43:38",1664600
18.25,0.2,300,"sd","13:43:02",1664400
18.25,0.2,100,"sd","13:43:02",1664100
18.25,0.2,800,"sd","13:43:02",1664000
18.25,0.2,200,"sd","13:43:02",1663200
18.25,0.2,300,"bu","13:41:50",1663000
18.25,0.2,100,"bu","13:41:39",1662700
18.25,0.2,200,"bu","13:41:25",1662600
18.2,0.15,1000,"sd","13:40:54",1662400
18.25,0.2,1000,"bu","13:40:11",1661400
18.25,0.2,2000,"sd","13:39:39",1660400
18.25,0.2,200,"sd","13:39:39",1658400
18.25,0.2,2800,"sd","13:39:17",1658200
18.25,0.2,2200,"sd","13:39:17",1655400
18.25,0.2,3100,"sd","13:38:40",1653200
18.25,0.2,500,"sd","13:38:40",1650100
18.25,0.2,400,"sd","13:38:40",1649600
18.3,0.25,3500,"bu","13:38:36",1649200
18.3,0.25,5000,"bu","13:37:17",1645700
18.25,0.2,1000,"sd","13:37:10",1640700
18.3,0.25,1000,"bu","13:34:21",1639700
18.3,0.25,2500,"bu","13:33:49",1638700
18.3,0.25,400,"bu","13:31:17",1636200
18.3,0.25,1000,"bu","13:30:57",1635800
18.25,0.2,200,"bu","13:30:03",1634800
18.25,0.2,100,"bu","13:30:03",1634600
18.25,0.2,1300,"bu","13:30:03",1634500
18.25,0.2,1000,"bu","13:30:00",1633200
18.25,0.2,700,"bu","13:29:31",1632200
18.25,0.2,300,"bu","13:29:31",1631500
18.25,0.2,500,"bu","13:28:29",1631200
18.25,0.2,100,"bu","13:28:05",1630700
18.25,0.2,500,"bu","13:27:56",1630600
18.25,0.2,600,"bu","13:27:01",1630100
18.25,0.2,400,"sd","13:27:00",1629500
18.25,0.2,100,"sd","13:27:00",1629100
18.25,0.2,500,"sd","13:27:00",1629000
18.25,0.2,200,"sd","13:26:59",1628500
18.25,0.2,300,"sd","13:26:24",1628300
18.25,0.2,800,"bu","13:26:19",1628000
18.25,0.2,200,"bu","13:26:15",1627200
18.25,0.2,500,"bu","13:25:48",1627000
18.25,0.2,200,"bu","13:25:48",1626500
18.25,0.2,100,"sd","13:25:41",1626300
18.25,0.2,400,"sd","13:25:41",1626200
18.25,0.2,300,"bu","13:25:08",1625800
18.25,0.2,300,"bu","13:25:08",1625500
18.25,0.2,3100,"bu","13:24:59",1625200
18.2,0.15,400,"sd","13:24:41",1622100
18.2,0.15,300,"sd","13:24:41",1621700
18.2,0.15,300,"sd","13:24:41",1621400
18.2,0.15,200,"sd","13:23:11",1621100
18.25,0.2,200,"bu","13:22:21",1620900
18.25,0.2,100,"bu","13:22:09",1620700
18.25,0.2,600,"bu","13:22:03",1620600
18.25,0.2,700,"sd","13:21:34",1620000
18.25,0.2,3300,"sd","13:21:18",1619300
18.25,0.2,100,"sd","13:21:18",1616000
18.25,0.2,1000,"sd","13:21:18",1615900
18.25,0.2,5000,"sd","13:21:18",1614900
18.25,0.2,100,"sd","13:21:18",1609900
18.25,0.2,800,"sd","13:21:18",1609800
18.25,0.2,1700,"sd","13:21:18",1609000
18.3,0.25,2000,"sd","13:19:22",1607300
18.3,0.25,3700,"sd","13:19:22",1605300
18.3,0.25,300,"sd","13:19:16",1601600
18.3,0.25,500,"sd","13:17:16",1601300
18.3,0.25,500,"sd","13:17:10",1600800
18.3,0.25,500,"bu","13:17:01",1600300
18.3,0.25,500,"bu","13:16:31",1599800
18.3,0.25,100,"sd","13:16:13",1599300
18.3,0.25,900,"sd","13:16:12",1599200
18.3,0.25,100,"sd","13:16:12",1598300
18.3,0.25,1000,"sd","13:16:08",1598200
18.3,0.25,500,"bu","13:15:51",1597200
18.3,0.25,500,"bu","13:15:51",1596700
18.3,0.25,3000,"bu","13:15:47",1596200
18.3,0.25,500,"bu","13:15:43",1593200
18.3,0.25,3000,"bu","13:15:33",1592700
18.25,0.2,5000,"sd","13:13:08",1589700
18.25,0.2,3300,"sd","13:12:41",1584700
18.25,0.2,1200,"sd","13:12:41",1581400
18.25,0.2,400,"sd","13:12:41",1580200
18.3,0.25,2000,"bu","13:12:11",1579800
18.25,0.2,600,"sd","13:11:47",1577800
18.25,0.2,2000,"bu","13:09:58",1577200
18.25,0.2,700,"bu","13:09:58",1575200
18.25,0.2,600,"bu","13:09:58",1574500
18.25,0.2,1000,"bu","13:09:55",1573900
18.25,0.2,1000,"bu","13:09:44",1572900
18.25,0.2,2400,"bu","13:09:30",1571900
18.25,0.2,100,"bu","13:09:30",1569500
18.2,0.15,200,"sd","13:07:56",1569400
18.2,0.15,200,"sd","13:07:56",1569200
18.2,0.15,600,"sd","13:07:56",1569000
18.2,0.15,900,"sd","13:07:26",1568400
18.2,0.15,100,"sd","13:07:26",1567500
18.25,0.2,100,"bu","13:07:20",1567400
18.25,0.2,500,"bu","13:07:19",1567300
18.2,0.15,1000,"bu","13:07:04",1566800
18.2,0.15,1000,"bu","13:06:56",1565800
18.15,0.1,300,"sd","13:06:28",1564800
18.15,0.1,500,"sd","13:06:20",1564500
18.2,0.15,2500,"bu","13:05:55",1564000
18.2,0.15,100,"sd","13:05:47",1561500
18.2,0.15,5000,"sd","13:05:47",1561400
18.2,0.15,200,"sd","13:05:47",1556400
18.2,0.15,100,"sd","13:05:47",1556200
18.2,0.15,200,"sd","13:05:47",1556100
18.2,0.15,1000,"sd","13:05:47",1555900
18.2,0.15,5000,"sd","13:05:47",1554900
18.2,0.15,700,"sd","13:05:47",1549900
18.2,0.15,300,"sd","13:05:47",1549200
18.2,0.15,1600,"sd","13:05:47",1548900
18.2,0.15,25000,"sd","13:05:47",1547300
18.2,0.15,500,"sd","13:05:47",1522300
18.2,0.15,9400,"sd","13:05:47",1521800
18.25,0.2,600,"sd","13:05:35",1512400
18.25,0.2,5000,"sd","13:05:35",1511800
18.25,0.2,200,"sd","13:05:35",1506800
18.25,0.2,2000,"sd","13:05:35",1506600
18.25,0.2,100,"sd","13:05:35",1504600
18.25,0.2,500,"sd","13:05:35",1504500
18.25,0.2,25400,"sd","13:05:35",1504000
18.3,0.25,200,"sd","13:05:28",1478600
18.3,0.25,800,"sd","13:05:28",1478400
18.3,0.25,200,"sd","13:05:27",1477600
18.3,0.25,500,"sd","13:05:27",1477400
18.3,0.25,500,"sd","13:05:27",1476900
18.3,0.25,100,"sd","13:05:27",1476400
18.3,0.25,400,"sd","13:05:27",1476300
18.3,0.25,100,"sd","13:05:27",1475900
18.3,0.25,500,"sd","13:05:27",1475800
18.3,0.25,400,"sd","13:05:27",1475300
18.3,0.25,100,"sd","13:05:27",1474900
18.3,0.25,2000,"sd","13:05:27",1474800
18.3,0.25,200,"sd","13:05:27",1472800
18.3,0.25,100,"sd","13:05:26",1472600
18.3,0.25,100,"sd","13:05:26",1472500
18.3,0.25,1000,"sd","13:05:26",1472400
18.3,0.25,500,"sd","13:05:26",1471400
18.3,0.25,1000,"sd","13:05:26",1470900
18.3,0.25,200,"sd","13:05:26",1469900
18.3,0.25,100,"sd","13:05:26",1467700
18.3,0.25,2000,"sd","13:05:26",1469700
18.35,0.3,1100,"sd","13:05:23",1467600
18.35,0.3,14600,"sd","13:05:06",1466500
18.35,0.3,4300,"bu","13:05:02",1451900
18.35,0.3,300,"bu","13:04:20",1447600
18.35,0.3,2000,"sd","13:04:07",1447300
18.35,0.3,500,"sd","13:04:07",1445300
18.35,0.3,300,"sd","13:04:07",1444800
18.35,0.3,1000,"sd","13:03:58",1444500
18.35,0.3,3000,"sd","13:03:43",1443500
18.35,0.3,200,"sd","13:03:25",1440500
18.35,0.3,2000,"sd","13:03:05",1440300
18.35,0.3,100,"sd","13:02:45",1438300
18.4,0.35,500,"bu","13:02:22",1438200
18.4,0.35,3000,"bu","13:02:17",1437700
18.4,0.35,500,"bu","13:01:41",1434700
18.4,0.35,1000,"bu","13:00:19",1434200
18.35,0.3,4200,"sd","13:00:17",1433200
18.35,0.3,400,"sd","13:00:17",1429000
18.35,0.3,500,"sd","13:00:16",1428600
18.35,0.3,800,"sd","13:00:16",1428100
18.4,0.35,100,"bu","13:00:13",1427300
18.35,0.3,1000,"sd","13:00:12",1427200
18.4,0.35,25000,"bu","13:00:09",1426200
18.35,0.3,400,"sd","13:00:05",1401200
18.35,0.3,1000,"sd","13:00:01",1400800
18.35,0.3,600,"sd","11:29:51",1399800
18.4,0.35,3000,"bu","11:29:49",1399200
18.4,0.35,800,"bu","11:27:47",1396200
18.4,0.35,2000,"bu","11:23:01",1395400
18.4,0.35,1400,"bu","11:21:38",1393400
18.4,0.35,2500,"bu","11:19:56",1392000
18.35,0.3,13000,"sd","11:19:40",1389500
18.35,0.3,400,"sd","11:19:26",1376500
18.35,0.3,1800,"sd","11:19:24",1376100
18.35,0.3,200,"sd","11:19:24",1374300
18.4,0.35,7900,"bu","11:19:13",1374100
18.4,0.35,2100,"bu","11:19:13",1366200
18.35,0.3,300,"unknown","11:18:14",1364100
18.35,0.3,1000,"unknown","11:18:14",1363800
18.35,0.3,700,"bu","11:18:14",1362800
18.35,0.3,100,"bu","11:18:14",1362100
18.35,0.3,500,"bu","11:17:52",1362000
18.35,0.3,1000,"bu","11:16:53",1361500
18.35,0.3,500,"bu","11:16:00",1360500
18.35,0.3,500,"bu","11:15:58",1360000
18.35,0.3,1800,"bu","11:15:32",1359500
18.35,0.3,2000,"bu","11:15:12",1357700
18.35,0.3,100,"bu","11:13:54",1355700
18.35,0.3,2600,"sd","11:09:47",1355600
18.35,0.3,200,"unknown","11:08:45",1353000
18.35,0.3,200,"bu","11:08:05",1352800
18.35,0.3,1600,"bu","11:07:39",1352600
18.35,0.3,100,"bu","11:07:39",1351000
18.35,0.3,300,"bu","11:07:39",1350900
18.35,0.3,300,"bu","11:07:27",1350600
18.35,0.3,3000,"bu","11:07:15",1350300
18.35,0.3,4000,"bu","11:07:00",1347300
18.35,0.3,1500,"bu","11:06:45",1343300
18.35,0.3,100,"bu","11:06:31",1341800
18.35,0.3,1000,"bu","11:05:27",1341700
18.35,0.3,1100,"bu","11:05:24",1340700
18.3,0.25,100,"sd","11:03:40",1339600
18.3,0.25,200,"sd","11:03:20",1339500
18.3,0.25,100,"sd","11:02:41",1339300
18.35,0.3,500,"bu","11:02:25",1339200
18.35,0.3,900,"bu","11:02:07",1338700
18.35,0.3,100,"bu","11:00:52",1337800
18.3,0.25,200,"sd","10:59:41",1337700
18.35,0.3,300,"bu","10:59:33",1337500
18.3,0.25,200,"sd","10:59:25",1337200
18.35,0.3,1800,"bu","10:59:01",1337000
18.35,0.3,100,"bu","10:58:44",1335200
18.35,0.3,500,"bu","10:57:49",1335100
18.35,0.3,2000,"bu","10:57:42",1334600
18.3,0.25,9300,"sd","10:56:33",1332600
18.3,0.25,500,"sd","10:56:33",1323300
18.3,0.25,200,"sd","10:56:33",1322800
18.3,0.25,100,"sd","10:56:07",1322600
18.3,0.25,100,"bu","10:55:46",1322500
18.3,0.25,1600,"bu","10:55:46",1322400
18.3,0.25,500,"bu","10:55:45",1320800
18.3,0.25,100,"bu","10:55:45",1320300
18.3,0.25,2600,"bu","10:55:43",1320200
18.3,0.25,100,"bu","10:55:39",1317600
18.3,0.25,500,"bu","10:55:36",1317500
18.3,0.25,500,"bu","10:55:36",1317000
18.3,0.25,100,"bu","10:55:35",1316500
18.3,0.25,100,"bu","10:55:32",1316400
18.3,0.25,2000,"bu","10:55:29",1316300
18.3,0.25,200,"bu","10:55:29",1314300
18.3,0.25,100,"bu","10:55:28",1314100
18.3,0.25,300,"bu","10:55:14",1314000
18.3,0.25,500,"bu","10:55:14",1313700
18.25,0.2,100,"sd","10:55:08",1313200
18.3,0.25,200,"bu","10:55:01",1313100
18.3,0.25,100,"bu","10:54:58",1312900
18.3,0.25,500,"sd","10:54:48",1312800
18.3,0.25,500,"sd","10:54:44",1312300
18.3,0.25,2500,"sd","10:54:44",1311800
18.3,0.25,100,"sd","10:54:44",1309300
18.3,0.25,300,"sd","10:54:44",1309200
18.3,0.25,10000,"sd","10:54:44",1308900
18.3,0.25,10000,"sd","10:54:44",1298900
18.3,0.25,6600,"sd","10:54:44",1288900
18.3,0.25,7500,"sd","10:54:40",1282300
18.35,0.3,100,"bu","10:54:38",1274800
18.3,0.25,1500,"sd","10:54:38",1274700
18.35,0.3,2500,"bu","10:54:29",1273200
18.35,0.3,500,"bu","10:54:27",1270700
18.35,0.3,900,"bu","10:54:03",1270200
18.35,0.3,10000,"sd","10:53:53",1269300
18.35,0.3,3000,"sd","10:53:53",1259300
18.35,0.3,500,"sd","10:53:53",1256300
18.35,0.3,300,"sd","10:53:53",1255800
18.35,0.3,100,"sd","10:53:53",1255500
18.35,0.3,4600,"sd","10:53:53",1255400
18.35,0.3,7500,"sd","10:53:49",1250800
18.35,0.3,100,"sd","10:53:47",1243300
18.4,0.35,26000,"bu","10:52:55",1243200
18.4,0.35,1200,"bu","10:52:47",1217200
18.35,0.3,5000,"sd","10:52:43",1216000
18.4,0.35,3000,"bu","10:52:43",1211000
18.4,0.35,200,"bu","10:52:43",1208000
18.4,0.35,10000,"bu","10:51:43",1207800
18.4,0.35,1000,"bu","10:50:43",1197800
18.4,0.35,1000,"sd","10:50:41",1196800
18.4,0.35,1000,"sd","10:50:41",1195800
18.4,0.35,4500,"sd","10:50:41",1194800
18.4,0.35,1500,"bu","10:50:20",1190300
18.4,0.35,7300,"bu","10:50:03",1188800
18.4,0.35,2400,"bu","10:50:03",1181500
18.4,0.35,300,"bu","10:50:03",1179100
18.4,0.35,2600,"bu","10:49:53",1178800
18.4,0.35,1700,"bu","10:49:44",1176200
18.4,0.35,200,"bu","10:49:30",1174500
18.4,0.35,400,"bu","10:49:21",1174300
18.4,0.35,100,"bu","10:49:15",1173900
18.4,0.35,100,"bu","10:49:13",1173800
18.4,0.35,500,"bu","10:49:12",1173700
18.4,0.35,500,"bu","10:49:02",1173200
18.4,0.35,2400,"sd","10:48:48",1172700
18.4,0.35,8500,"sd","10:48:47",1170300
18.4,0.35,300,"sd","10:48:47",1161800
18.4,0.35,200,"sd","10:48:21",1161500
18.4,0.35,900,"bu","10:47:37",1161300
18.4,0.35,9100,"bu","10:47:35",1160400
18.4,0.35,1000,"bu","10:47:35",1151300
18.4,0.35,2000,"bu","10:47:34",1150300
18.4,0.35,4500,"bu","10:47:14",1148300
18.4,0.35,2000,"sd","10:46:58",1143800
18.4,0.35,300,"sd","10:46:58",1141800
18.4,0.35,200,"sd","10:46:57",1141500
18.4,0.35,800,"sd","10:46:55",1141300
18.4,0.35,2800,"sd","10:46:55",1140500
18.4,0.35,300,"sd","10:46:55",1137700
18.4,0.35,6100,"sd","10:46:55",1137400
18.45,0.4,300,"bu","10:46:55",1131300
18.4,0.35,8900,"sd","10:45:51",1131000
18.4,0.35,500,"sd","10:45:51",1122100
18.4,0.35,600,"sd","10:45:51",1121600
18.4,0.35,4400,"sd","10:45:46",1121000
18.4,0.35,3400,"sd","10:45:46",1116600
18.4,0.35,600,"sd","10:45:38",1113200
18.45,0.4,5000,"sd","10:45:17",1112600
18.45,0.4,1200,"sd","10:45:17",1107600
18.45,0.4,2000,"sd","10:45:17",1106400
18.45,0.4,900,"sd","10:45:17",1104400
18.45,0.4,9900,"sd","10:45:17",1103500
18.45,0.4,1000,"sd","10:45:12",1093600
18.45,0.4,200,"sd","10:45:12",1092600
18.45,0.4,800,"sd","10:45:12",1092400
18.5,0.45,1200,"bu","10:45:12",1091600
18.45,0.4,200,"sd","10:45:09",1090400
18.45,0.4,400,"sd","10:44:01",1090200
18.5,0.45,300,"bu","10:43:53",1089800
18.5,0.45,1500,"bu","10:43:49",1089500
18.5,0.45,500,"bu","10:43:46",1088000
18.5,0.45,400,"bu","10:43:45",1087500
18.5,0.45,3000,"bu","10:43:22",1087100
18.5,0.45,100,"bu","10:43:06",1084100
18.5,0.45,1900,"bu","10:43:06",1084000
18.5,0.45,100,"bu","10:42:53",1082100
18.45,0.4,5000,"sd","10:42:51",1082000
18.5,0.45,500,"bu","10:42:50",1077000
18.5,0.45,3000,"sd","10:42:33",1076500
18.5,0.45,1400,"sd","10:42:33",1073500
18.5,0.45,200,"sd","10:42:33",1072100
18.5,0.45,400,"sd","10:42:33",1071900
18.5,0.45,300,"sd","10:42:31",1071500
18.5,0.45,500,"sd","10:42:29",1071200
18.5,0.45,100,"sd","10:42:29",1070700
18.5,0.45,5000,"sd","10:42:22",1070600
18.5,0.45,500,"sd","10:42:13",1065600
18.5,0.45,4000,"sd","10:42:07",1065100
18.5,0.45,500,"sd","10:42:03",1061100
18.5,0.45,200,"sd","10:42:03",1060600
18.5,0.45,6100,"sd","10:42:03",1060400
18.5,0.45,1500,"sd","10:41:54",1054300
18.5,0.45,2500,"bu","10:41:46",1052800
18.5,0.45,500,"bu","10:41:36",1050300
18.5,0.45,2800,"sd","10:41:35",1049800
18.5,0.45,200,"sd","10:41:35",1047000
18.5,0.45,2000,"bu","10:41:27",1046800
18.5,0.45,4800,"bu","10:41:27",1044800
18.5,0.45,500,"bu","10:41:21",1040000
18.5,0.45,500,"bu","10:40:59",1039500
18.5,0.45,300,"bu","10:40:43",1039000
18.5,0.45,200,"bu","10:40:39",1038700
18.45,0.4,15000,"sd","10:40:33",1038500
18.5,0.45,4900,"sd","10:40:27",1023500
18.5,0.45,8800,"sd","10:40:27",1018600
18.5,0.45,7800,"sd","10:40:23",1009800
18.55,0.5,700,"sd","10:40:13",1002000
18.55,0.5,700,"sd","10:40:13",1001300
18.55,0.5,6500,"sd","10:40:13",1000600
18.6,0.55,25000,"bu","10:40:01",994100
18.6,0.55,600,"sd","10:39:52",969100
18.6,0.55,14400,"sd","10:39:52",968500
18.6,0.55,5600,"sd","10:39:44",954100
18.6,0.55,700,"sd","10:39:44",948500
18.65,0.6,3700,"sd","10:39:44",947800
18.75,0.7,13200,"bu","10:39:23",944100
18.75,0.7,4600,"bu","10:39:23",930900
18.7,0.65,10000,"unknown","10:39:23",926300
18.65,0.6,500,"unknown","10:39:23",916300
18.65,0.6,4600,"unknown","10:39:23",915800
18.65,0.6,2100,"unknown","10:39:23",911200
18.65,0.6,100,"sd","10:39:16",909100
18.65,0.6,2400,"sd","10:39:16",909000
18.7,0.65,200,"bu","10:39:16",906600
18.65,0.6,600,"sd","10:39:15",906400
18.65,0.6,100,"sd","10:39:15",905800
18.65,0.6,3900,"sd","10:39:15",905700
18.75,0.7,27400,"bu","10:39:00",901800
18.75,0.7,5400,"bu","10:39:00",874400
18.7,0.65,200,"bu","10:39:00",869000
18.7,0.65,2000,"bu","10:39:00",868800
18.75,0.7,14600,"sd","10:38:40",866800
18.75,0.7,1200,"sd","10:38:35",852200
18.75,0.7,2800,"sd","10:38:31",851000
18.75,0.7,100,"bu","10:38:31",848200
18.75,0.7,46100,"bu","10:38:31",848100
18.7,0.65,200,"bu","10:38:31",802000
18.65,0.6,500,"sd","10:38:28",801800
18.7,0.65,1000,"unknown","10:38:28",801300
18.7,0.65,3500,"unknown","10:38:28",800300
18.7,0.65,1000,"sd","10:38:26",796800
18.7,0.65,2000,"sd","10:38:23",795800
18.75,0.7,3900,"bu","10:38:23",793800
18.75,0.7,5000,"bu","10:38:23",789900
18.75,0.7,100,"bu","10:38:23",784900
18.7,0.65,20000,"sd","10:38:15",784800
18.7,0.65,1000,"bu","10:38:08",764800
18.7,0.65,500,"bu","10:38:08",763800
18.7,0.65,1000,"bu","10:38:08",763300
18.7,0.65,1000,"bu","10:38:08",762300
18.65,0.6,1000,"sd","10:38:08",761300
18.65,0.6,1000,"sd","10:38:00",760300
18.65,0.6,9000,"sd","10:38:00",759300
18.65,0.6,1000,"bu","10:37:51",750300
18.65,0.6,100,"bu","10:37:51",749300
18.65,0.6,4000,"bu","10:37:51",749200
18.65,0.6,900,"bu","10:37:51",745200
18.6,0.55,700,"sd","10:37:47",744300
18.6,0.55,2000,"sd","10:37:39",743600
18.6,0.55,100,"sd","10:37:33",741600
18.65,0.6,100,"bu","10:37:32",741500
18.6,0.55,2300,"bu","10:37:23",741400
18.6,0.55,100,"bu","10:37:23",739100
18.6,0.55,100,"bu","10:37:23",739000
18.6,0.55,100,"bu","10:37:23",738900
18.6,0.55,500,"bu","10:37:23",738800
18.6,0.55,5000,"bu","10:37:23",738300
18.6,0.55,1000,"bu","10:37:23",733300
18.6,0.55,100,"bu","10:37:23",732300
18.6,0.55,1000,"bu","10:37:23",732200
18.6,0.55,6000,"bu","10:37:23",731200
18.6,0.55,600,"bu","10:37:23",725200
18.6,0.55,500,"bu","10:37:23",724600
18.6,0.55,1000,"bu","10:37:23",724100
18.6,0.55,500,"bu","10:37:23",723100
18.6,0.55,1000,"bu","10:37:23",722600
18.6,0.55,200,"bu","10:37:23",721600
18.6,0.55,100,"bu","10:37:23",721400
18.6,0.55,100,"bu","10:37:23",721300
18.6,0.55,1300,"bu","10:37:23",721200
18.6,0.55,700,"bu","10:37:15",719900
18.6,0.55,500,"bu","10:37:15",719200
18.5,0.45,6400,"sd","10:37:08",718700
18.5,0.45,500,"sd","10:37:08",712300
18.55,0.5,100,"sd","10:37:08",711800
18.55,0.5,500,"sd","10:37:08",711700
18.55,0.5,1100,"sd","10:37:08",711200
18.55,0.5,1400,"sd","10:37:08",710100
18.55,0.5,3000,"sd","10:37:06",708700
18.55,0.5,100,"sd","10:37:04",705700
18.55,0.5,1000,"sd","10:36:35",705600
18.55,0.5,100,"sd","10:36:35",704600
18.55,0.5,14400,"sd","10:36:35",704500
18.5,0.45,6000,"sd","10:36:35",690100
18.5,0.45,2000,"sd","10:36:29",684100
18.5,0.45,500,"sd","10:36:29",682100
18.5,0.45,6500,"sd","10:36:29",681600
18.5,0.45,12000,"sd","10:36:29",675100
18.5,0.45,500,"sd","10:36:09",663100
18.5,0.45,100,"bu","10:36:03",662600
18.5,0.45,1000,"sd","10:35:56",662500
18.5,0.45,18900,"sd","10:35:56",661500
18.55,0.5,500,"bu","10:35:55",642600
18.5,0.45,4100,"bu","10:35:49",642100
18.5,0.45,5900,"sd","10:35:45",638000
18.55,0.5,100,"bu","10:35:42",632100
18.55,0.5,1500,"bu","10:35:41",632000
18.55,0.5,500,"bu","10:35:41",630500
18.5,0.45,200,"bu","10:35:35",630000
18.5,0.45,700,"bu","10:35:35",629800
18.5,0.45,5000,"bu","10:35:35",629100
18.5,0.45,200,"bu","10:35:35",624100
18.5,0.45,1000,"bu","10:35:35",623900
18.5,0.45,2500,"bu","10:35:35",622900
18.5,0.45,500,"bu","10:35:35",620400
18.5,0.45,2000,"bu","10:35:35",619900
18.5,0.45,100,"bu","10:35:35",617900
18.5,0.45,500,"bu","10:35:35",617800
18.5,0.45,500,"bu","10:35:35",617300
18.5,0.45,700,"bu","10:35:35",616800
18.5,0.45,100,"bu","10:35:35",616100
18.5,0.45,100,"bu","10:35:35",616000
18.45,0.4,4600,"sd","10:35:23",615900
18.5,0.45,300,"bu","10:35:21",611300
18.5,0.45,1000,"bu","10:35:21",611000
18.5,0.45,200,"bu","10:35:21",610000
18.5,0.45,300,"bu","10:35:21",609800
18.5,0.45,100,"bu","10:35:21",609500
18.5,0.45,600,"bu","10:35:21",609400
18.5,0.45,400,"bu","10:35:13",608800
18.5,0.45,1600,"bu","10:35:13",608400
18.5,0.45,3400,"bu","10:34:54",606800
18.45,0.4,1000,"unknown","10:34:54",603400
18.45,0.4,200,"unknown","10:34:54",602400
18.45,0.4,500,"unknown","10:34:54",602200
18.45,0.4,1000,"unknown","10:34:54",601700
18.45,0.4,7500,"unknown","10:34:54",600700
18.45,0.4,300,"bu","10:34:54",593200
18.45,0.4,200,"bu","10:34:54",592900
18.45,0.4,900,"bu","10:34:54",592700
18.45,0.4,100,"bu","10:34:28",591800
18.45,0.4,100,"bu","10:34:28",591700
18.45,0.4,100,"bu","10:34:28",591600
18.45,0.4,700,"bu","10:34:28",591500
18.4,0.35,100,"sd","10:34:01",590800
18.4,0.35,100,"bu","10:33:34",590700
18.4,0.35,800,"bu","10:33:34",590600
18.4,0.35,4000,"bu","10:33:27",589800
18.4,0.35,15200,"bu","10:33:12",585800
18.4,0.35,100,"bu","10:33:12",570600
18.4,0.35,500,"bu","10:33:12",570500
18.4,0.35,100,"bu","10:33:12",570000
18.4,0.35,1000,"bu","10:33:12",569900
18.4,0.35,1000,"bu","10:33:12",568900
18.4,0.35,100,"bu","10:33:12",567900
18.4,0.35,2000,"bu","10:33:12",567800
18.4,0.35,1000,"bu","10:33:04",565800
18.4,0.35,100,"bu","10:33:04",564800
18.4,0.35,900,"bu","10:33:04",564700
18.4,0.35,1000,"bu","10:33:04",563800
18.4,0.35,500,"bu","10:33:04",562800
18.4,0.35,5300,"bu","10:33:04",562300
18.4,0.35,1200,"bu","10:33:04",557000
18.4,0.35,3400,"bu","10:32:54",555800
18.4,0.35,4400,"bu","10:32:54",552400
18.4,0.35,900,"bu","10:32:43",548000
18.4,0.35,100,"bu","10:32:43",547100
18.35,0.3,200,"sd","10:32:40",547000
18.35,0.3,1800,"sd","10:32:38",546800
18.4,0.35,100,"bu","10:32:32",545000
18.4,0.35,1000,"bu","10:32:32",544900
18.4,0.35,100,"bu","10:32:32",543900
18.35,0.3,800,"bu","10:32:14",543800
18.35,0.3,2200,"bu","10:32:09",543000
18.35,0.3,2800,"bu","10:32:09",540800
18.35,0.3,10000,"bu","10:32:02",538000
18.35,0.3,7200,"bu","10:31:55",528000
18.35,0.3,1000,"bu","10:31:55",520800
18.35,0.3,100,"bu","10:31:55",519800
18.35,0.3,100,"bu","10:31:55",519700
18.35,0.3,1600,"bu","10:31:55",519600
18.35,0.3,2300,"bu","10:31:43",518000
18.3,0.25,200,"sd","10:31:10",515700
18.35,0.3,1100,"bu","10:31:05",515500
18.35,0.3,1000,"bu","10:31:05",514400
18.35,0.3,100,"bu","10:31:05",513400
18.35,0.3,1000,"bu","10:31:05",513300
18.35,0.3,100,"bu","10:31:05",512300
18.35,0.3,6200,"bu","10:31:05",512200
18.3,0.25,1500,"sd","10:30:57",506000
18.3,0.25,700,"bu","10:30:45",504500
18.3,0.25,1300,"bu","10:30:42",503800
18.3,0.25,100,"bu","10:30:42",502500
18.3,0.25,1000,"bu","10:30:42",502400
18.3,0.25,2000,"bu","10:30:42",501400
18.3,0.25,100,"bu","10:30:42",499400
18.3,0.25,100,"bu","10:30:42",499300
18.3,0.25,400,"bu","10:30:42",499200
18.3,0.25,4200,"bu","10:30:34",498800
18.3,0.25,800,"bu","10:30:34",494600
18.25,0.2,1100,"sd","10:30:25",493800
18.3,0.25,1800,"bu","10:30:17",492700
18.3,0.25,500,"bu","10:30:17",490900
18.3,0.25,100,"bu","10:30:17",490400
18.3,0.25,12600,"bu","10:30:17",490300
18.25,0.2,100,"sd","10:29:55",477700
18.3,0.25,1400,"bu","10:29:52",477600
18.3,0.25,6000,"bu","10:29:22",476200
18.3,0.25,6000,"bu","10:29:22",470200
18.25,0.2,3300,"bu","10:29:09",464200
18.25,0.2,5000,"bu","10:29:04",460900
18.25,0.2,1700,"bu","10:29:00",455900
18.25,0.2,600,"bu","10:29:00",454200
18.2,0.15,800,"sd","10:28:52",453600
18.25,0.2,1900,"bu","10:28:47",452800
18.25,0.2,100,"bu","10:28:47",450900
18.25,0.2,100,"bu","10:28:47",450800
18.25,0.2,900,"bu","10:28:34",450700
18.25,0.2,1200,"bu","10:28:34",449800
18.2,0.15,1000,"sd","10:28:22",448600
18.2,0.15,1100,"sd","10:28:17",447600
18.2,0.15,100,"bu","10:28:16",446500
18.2,0.15,100,"bu","10:28:16",446400
18.2,0.15,1900,"bu","10:28:04",446300
18.2,0.15,1000,"bu","10:28:04",444400
18.2,0.15,9800,"bu","10:28:04",443400
18.2,0.15,2500,"bu","10:28:04",433600
18.2,0.15,6000,"bu","10:28:04",431100
18.2,0.15,2000,"bu","10:28:04",425100
18.2,0.15,2400,"bu","10:28:04",423100
18.2,0.15,2900,"bu","10:27:52",420700
18.2,0.15,2500,"bu","10:27:17",417800
18.15,0.1,12200,"sd","10:27:05",415300
18.1,0.05,500,"sd","10:26:49",403100
18.15,0.1,10000,"bu","10:26:40",402600
18.1,0.05,4400,"sd","10:26:26",392600
18.1,0.05,300,"bu","10:26:21",388200
18.1,0.05,1300,"bu","10:26:13",387900
18.1,0.05,1200,"bu","10:26:13",386600
18.1,0.05,3800,"bu","10:26:03",385400
18.1,0.05,1300,"bu","10:26:03",381600
18.1,0.05,100,"bu","10:23:09",380300
18.1,0.05,2000,"bu","10:22:46",380200
18.1,0.05,500,"bu","10:22:11",378200
18.1,0.05,3000,"bu","10:21:52",377700
18.1,0.05,1000,"bu","10:21:37",374700
18.1,0.05,500,"bu","10:21:07",373700
18.1,0.05,1000,"bu","10:18:54",373200
18.1,0.05,2000,"bu","10:18:21",372200
18.1,0.05,100,"bu","10:17:36",370200
18.1,0.05,100,"bu","10:17:25",370100
18.1,0.05,100,"sd","10:17:04",370000
18.1,0.05,100,"sd","10:17:04",369900
18.1,0.05,100,"sd","10:17:04",369800
18.1,0.05,900,"sd","10:17:04",369700
18.1,0.05,7200,"sd","10:17:04",368800
18.15,0.1,4800,"sd","10:14:50",361600
18.15,0.1,1000,"sd","10:14:50",356800
18.15,0.1,1000,"sd","10:14:50",355800
18.15,0.1,10000,"sd","10:14:50",354800
18.15,0.1,700,"sd","10:14:50",344800
18.15,0.1,300,"sd","10:14:50",344100
18.15,0.1,700,"sd","10:14:44",343800
18.15,0.1,300,"sd","10:14:44",343100
18.15,0.1,700,"sd","10:14:27",342800
18.15,0.1,1000,"sd","10:14:27",342100
18.15,0.1,3000,"sd","10:14:27",341100
18.15,0.1,300,"sd","10:14:27",338100
18.2,0.15,1500,"bu","10:13:48",337800
18.15,0.1,100,"sd","10:12:26",336300
18.15,0.1,3900,"sd","10:12:26",336200
18.15,0.1,800,"sd","10:11:35",332300
18.2,0.15,500,"bu","10:11:07",331500
18.15,0.1,1000,"sd","10:10:36",331000
18.2,0.15,3000,"bu","10:09:44",330000
18.2,0.15,2000,"bu","10:09:03",327000
18.2,0.15,1000,"sd","10:08:17",325000
18.2,0.15,2000,"sd","10:08:17",324000
18.2,0.15,900,"sd","10:08:17",322000
18.2,0.15,500,"sd","10:08:17",321100
18.2,0.15,600,"sd","10:08:17",320600
18.2,0.15,2400,"sd","10:08:14",320000
18.2,0.15,600,"sd","10:08:14",317600
18.2,0.15,3000,"sd","10:07:57",317000
18.25,0.2,100,"bu","10:07:41",314000
18.25,0.2,300,"sd","10:06:59",313900
18.25,0.2,400,"sd","10:06:59",313600
18.25,0.2,300,"sd","10:05:30",313200
18.25,0.2,200,"bu","10:05:18",312900
18.25,0.2,100,"bu","10:05:18",312700
18.25,0.2,400,"bu","10:04:02",312600
18.25,0.2,100,"bu","10:04:02",312200
18.25,0.2,7400,"bu","10:03:42",312100
18.25,0.2,2600,"bu","10:03:42",304700
18.2,0.15,2000,"sd","10:03:22",302100
18.2,0.15,200,"bu","10:00:51",300100
18.2,0.15,1000,"bu","10:00:51",299900
18.2,0.15,200,"bu","10:00:51",298900
18.2,0.15,3000,"bu","10:00:51",298700
18.2,0.15,1000,"bu","10:00:30",295700
18.2,0.15,1000,"bu","10:00:17",294700
18.2,0.15,1500,"bu","10:00:11",293700
18.2,0.15,600,"bu","09:59:50",292200
18.2,0.15,1000,"bu","09:59:46",291600
18.2,0.15,500,"bu","09:59:28",290600
18.2,0.15,1400,"bu","09:58:55",290100
18.2,0.15,100,"bu","09:58:55",288700
18.2,0.15,1200,"bu","09:58:55",288600
18.2,0.15,2000,"bu","09:58:18",287400
18.2,0.15,2000,"bu","09:58:18",285400
18.2,0.15,200,"bu","09:57:51",283400
18.15,0.1,1000,"sd","09:56:37",283200
18.15,0.1,100,"sd","09:56:28",282200
18.2,0.15,1900,"bu","09:56:21",282100
18.2,0.15,500,"bu","09:56:21",280200
18.2,0.15,100,"sd","09:56:07",279700
18.2,0.15,1000,"sd","09:56:07",279600
18.2,0.15,400,"sd","09:56:07",278600
18.2,0.15,100,"sd","09:56:07",278200
18.2,0.15,1000,"sd","09:56:07",278100
18.2,0.15,2000,"sd","09:56:07",277100
18.2,0.15,2200,"sd","09:56:07",275100
18.2,0.15,4400,"sd","09:56:05",272900
18.2,0.15,2900,"sd","09:56:05",268500
18.25,0.2,4900,"bu","09:55:34",265600
18.25,0.2,200,"bu","09:55:34",260700
18.25,0.2,300,"bu","09:55:34",260500
18.2,0.15,20000,"sd","09:55:26",260200
18.2,0.15,7000,"sd","09:54:50",240200
18.25,0.2,1000,"bu","09:54:48",233200
18.25,0.2,1000,"bu","09:54:31",232200
18.25,0.2,700,"bu","09:52:38",231200
18.25,0.2,100,"bu","09:52:38",230500
18.25,0.2,200,"bu","09:52:38",230400
18.2,0.15,100,"sd","09:52:32",230200
18.25,0.2,1300,"bu","09:50:08",230100
18.25,0.2,700,"bu","09:50:08",228800
18.25,0.2,100,"bu","09:50:03",228100
18.25,0.2,1000,"bu","09:49:07",228000
18.25,0.2,1000,"bu","09:48:51",227000
18.25,0.2,16300,"bu","09:48:51",226000
18.25,0.2,900,"sd","09:48:51",209700
18.25,0.2,13700,"sd","09:48:50",208800
18.25,0.2,500,"sd","09:48:50",195100
18.25,0.2,5800,"sd","09:48:50",194600
18.3,0.25,1000,"bu","09:48:42",188800
18.3,0.25,100,"bu","09:48:42",187800
18.3,0.25,400,"bu","09:48:42",187700
18.3,0.25,600,"bu","09:47:45",187300
18.3,0.25,400,"bu","09:47:45",186700
18.3,0.25,1000,"bu","09:47:36",186300
18.3,0.25,1000,"bu","09:47:02",185300
18.3,0.25,200,"bu","09:46:51",184300
18.3,0.25,100,"bu","09:46:45",184100
18.3,0.25,300,"bu","09:46:44",184000
18.3,0.25,2000,"bu","09:46:29",183700
18.3,0.25,1000,"bu","09:46:03",181700
18.3,0.25,2000,"bu","09:45:49",180700
18.3,0.25,1500,"bu","09:45:36",178700
18.3,0.25,500,"bu","09:45:00",177200
18.3,0.25,1500,"bu","09:45:00",176700
18.3,0.25,500,"bu","09:44:48",175200
18.3,0.25,500,"bu","09:44:48",174700
18.3,0.25,1000,"bu","09:44:48",174200
18.3,0.25,1000,"bu","09:44:48",173200
18.3,0.25,1000,"bu","09:44:44",172200
18.3,0.25,1000,"bu","09:44:44",171200
18.3,0.25,500,"bu","09:44:36",170200
18.3,0.25,100,"bu","09:44:36",169700
18.3,0.25,1000,"bu","09:44:36",169600
18.3,0.25,100,"bu","09:44:36",168600
18.3,0.25,3300,"bu","09:44:36",168500
18.3,0.25,400,"bu","09:44:13",165200
18.3,0.25,2000,"bu","09:44:13",164800
18.3,0.25,12000,"bu","09:42:46",162800
18.25,0.2,5500,"sd","09:41:40",150800
18.25,0.2,100,"sd","09:41:40",145300
18.25,0.2,900,"sd","09:41:40",145200
18.25,0.2,500,"sd","09:41:40",144300
18.3,0.25,100,"bu","09:40:36",143800
18.25,0.2,1000,"sd","09:40:25",143700
18.3,0.25,100,"bu","09:39:42",142700
18.25,0.2,300,"sd","09:39:36",142600
18.25,0.2,1000,"sd","09:39:21",142300
18.25,0.2,1000,"sd","09:39:01",141300
18.25,0.2,500,"sd","09:38:55",140300
18.25,0.2,500,"sd","09:38:23",139800
18.25,0.2,2000,"sd","09:38:23",139300
18.25,0.2,100,"sd","09:37:56",137300
18.25,0.2,1300,"sd","09:37:49",137200
18.25,0.2,400,"sd","09:37:49",135900
18.3,0.25,3600,"bu","09:36:56",135500
18.3,0.25,10000,"bu","09:36:42",131900
18.3,0.25,1500,"bu","09:36:32",121900
18.3,0.25,1000,"sd","09:36:24",120400
18.3,0.25,2000,"sd","09:36:24",119400
18.3,0.25,100,"sd","09:36:24",117400
18.3,0.25,100,"sd","09:36:24",117300
18.3,0.25,3800,"sd","09:36:24",117200
18.3,0.25,1200,"sd","09:35:55",113400
18.3,0.25,2000,"sd","09:35:29",112200
18.3,0.25,400,"sd","09:35:03",110200
18.3,0.25,2000,"sd","09:34:07",109800
18.35,0.3,300,"bu","09:33:16",107800
18.35,0.3,300,"bu","09:31:47",107500
18.35,0.3,1700,"bu","09:31:46",107200
18.35,0.3,300,"bu","09:31:46",105500
18.35,0.3,800,"bu","09:31:46",105200
18.3,0.25,200,"sd","09:31:20",104400
18.3,0.25,100,"sd","09:31:08",104200
18.3,0.25,1000,"sd","09:30:57",104100
18.3,0.25,1000,"sd","09:30:50",103100
18.3,0.25,200,"sd","09:30:33",102100
18.3,0.25,6000,"sd","09:30:22",101900
18.3,0.25,12000,"sd","09:30:11",95900
18.3,0.25,2000,"sd","09:30:07",83900
18.3,0.25,500,"sd","09:29:57",81900
18.35,0.3,700,"bu","09:28:53",81400
18.3,0.25,1800,"sd","09:28:45",80700
18.3,0.25,900,"sd","09:28:26",78900
18.3,0.25,1200,"sd","09:27:55",78000
18.3,0.25,100,"sd","09:27:55",76800
18.3,0.25,700,"sd","09:27:55",76700
18.3,0.25,1000,"bu","09:27:00",76000
18.3,0.25,100,"bu","09:27:00",75000
18.3,0.25,3200,"bu","09:27:00",74900
18.3,0.25,2000,"bu","09:26:10",71700
18.3,0.25,100,"bu","09:25:35",69700
18.3,0.25,100,"bu","09:25:35",69600
18.3,0.25,1000,"bu","09:25:35",69500
18.3,0.25,1000,"sd","09:25:17",68500
18.3,0.25,1000,"sd","09:25:07",67500
18.3,0.25,400,"sd","09:25:03",66500
18.3,0.25,2000,"sd","09:24:41",66100
18.3,0.25,100,"sd","09:24:37",64100
18.3,0.25,400,"sd","09:24:37",64000
18.3,0.25,500,"sd","09:24:37",63600
18.3,0.25,9500,"bu","09:23:48",63100
18.3,0.25,100,"bu","09:23:46",53600
18.35,0.3,2600,"bu","09:23:24",53500
18.3,0.25,1600,"bu","09:23:24",50900
18.3,0.25,3000,"bu","09:23:17",49300
18.3,0.25,1200,"bu","09:23:17",46300
18.3,0.25,1500,"sd","09:23:17",45100
18.3,0.25,2700,"sd","09:23:17",43600
18.3,0.25,100,"sd","09:23:16",40900
18.35,0.3,1900,"bu","09:22:41",40800
18.35,0.3,100,"bu","09:22:41",38900
18.3,0.25,200,"sd","09:22:27",38800
18.3,0.25,600,"sd","09:22:09",38600
18.35,0.3,200,"bu","09:21:44",38000
18.35,0.3,1500,"sd","09:21:25",37800
18.35,0.3,1000,"sd","09:21:22",36300
18.35,0.3,300,"bu","09:20:57",35300
18.35,0.3,2700,"bu","09:20:57",35000
18.35,0.3,300,"bu","09:20:32",32300
18.35,0.3,1500,"bu","09:20:31",32000
18.35,0.3,500,"bu","09:20:31",30500
18.35,0.3,400,"bu","09:20:08",30000
18.35,0.3,100,"sd","09:20:03",29600
18.35,0.3,500,"sd","09:19:56",29500
18.35,0.3,1500,"sd","09:19:12",29000
18.35,0.3,1000,"bu","09:19:00",27500
18.35,0.3,2000,"bu","09:19:00",26500
18.3,0.25,300,"sd","09:18:39",24500
18.3,0.25,1000,"bu","09:18:22",24200
18.3,0.25,100,"bu","09:18:22",23200
18.3,0.25,900,"bu","09:17:42",23100
18.25,0.2,300,"sd","09:16:18",22200
18.25,0.2,600,"sd","09:16:18",21900
18.4,0.35,21300,"bu","09:15:00",21300
