"price","change","match_qtty","side","time","total_vol"
18.85,0.25,100,"bu","14:45:01",286200
18.8,0.2,1300,"bu","14:28:59",286100
18.8,0.2,1000,"bu","14:26:31",284800
18.8,0.2,600,"bu","14:24:30",283800
18.75,0.15,500,"bu","14:24:08",283200
18.75,0.15,300,"bu","14:23:52",282700
18.75,0.15,600,"sd","14:23:04",282400
18.75,0.15,1200,"sd","14:23:04",281800
18.75,0.15,900,"bu","14:20:59",280600
18.75,0.15,1000,"bu","14:20:31",279700
18.75,0.15,100,"bu","14:20:31",278700
18.75,0.15,200,"sd","14:20:09",278600
18.75,0.15,300,"sd","14:20:09",278400
18.75,0.15,900,"sd","14:20:09",278100
18.8,0.2,100,"sd","14:19:24",277200
18.8,0.2,2100,"bu","14:19:09",277100
18.8,0.2,800,"bu","14:19:09",275000
18.8,0.2,1200,"bu","14:17:02",274200
18.8,0.2,1300,"bu","14:17:02",273000
18.8,0.2,700,"bu","14:13:59",271700
18.8,0.2,1500,"bu","14:12:44",271000
18.75,0.15,100,"bu","14:11:27",269500
18.75,0.15,2900,"bu","14:10:38",269400
18.75,0.15,100,"bu","14:10:38",266500
18.75,0.15,300,"sd","14:10:25",266400
18.75,0.15,800,"sd","14:10:25",266100
18.75,0.15,800,"sd","14:10:25",265300
18.8,0.2,500,"bu","14:09:26",264500
18.8,0.2,500,"bu","14:09:26",264000
18.8,0.2,1300,"sd","14:08:17",263500
18.8,0.2,1100,"bu","14:07:57",262200
18.8,0.2,800,"sd","14:05:02",261100
18.8,0.2,700,"bu","14:05:01",260300
18.8,0.2,300,"bu","14:04:50",259600
18.8,0.2,1400,"bu","14:04:50",259300
18.75,0.15,600,"bu","14:01:29",257900
18.75,0.15,800,"bu","14:01:00",257300
18.75,0.15,800,"bu","14:01:00",256500
18.75,0.15,1100,"bu","13:56:20",255700
18.75,0.15,500,"bu","13:56:20",254600
18.75,0.15,600,"bu","13:53:46",254100
18.75,0.15,900,"bu","13:52:34",253500
18.75,0.15,700,"bu","13:52:34",252600
18.75,0.15,300,"bu","13:52:11",251900
18.75,0.15,200,"bu","13:52:11",251600
18.75,0.15,1200,"sd","13:51:48",251400
18.75,0.15,600,"sd","13:51:48",250200
18.75,0.15,1400,"bu","13:50:45",249600
18.75,0.15,1100,"sd","13:50:04",248200
18.75,0.15,400,"sd","13:50:04",247100
18.75,0.15,100,"sd","13:49:49",246700
18.75,0.15,1500,"sd","13:49:49",246600
18.75,0.15,500,"unknown","13:49:41",245100
18.75,0.15,600,"bu","13:49:30",244600
18.75,0.15,800,"sd","13:49:19",244000
18.75,0.15,1100,"sd","13:49:19",243200
18.75,0.15,200,"bu","13:47:18",242100
18.75,0.15,1000,"sd","13:46:49",241900
18.75,0.15,300,"sd","13:46:49",240900
18.75,0.15,500,"sd","13:46:49",240600
18.75,0.15,1000,"sd","13:46:36",240100
18.8,0.2,1000,"bu","13:45:12",239100
18.8,0.2,500,"sd","13:45:00",238100
18.8,0.2,100,"sd","13:45:00",237600
18.8,0.2,2000,"sd","13:44:48",237500
18.8,0.2,900,"bu","13:44:43",235500
18.8,0.2,1300,"bu","13:44:37",234600
18.8,0.2,600,"sd","13:43:58",233300
18.8,0.2,600,"bu","13:43:29",232700
18.8,0.2,1400,"bu","13:43:06",232100
18.8,0.2,900,"bu","13:43:06",230700
18.8,0.2,100,"bu","13:42:08",229800
18.8,0.2,600,"bu","13:42:08",229700
18.8,0.2,300,"sd","13:41:39",229100
18.8,0.2,1100,"sd","13:41:39",228800
18.8,0.2,300,"bu","13:41:21",227700
18.8,0.2,600,"bu","13:41:21",227400
18.8,0.2,600,"bu","13:40:41",226800
18.8,0.2,800,"bu","13:40:41",226200
18.8,0.2,600,"bu","13:39:16",225400
18.8,0.2,200,"bu","13:37:45",224800
18.8,0.2,800,"sd","13:36:59",224600
18.8,0.2,200,"bu","13:36:01",223800
18.8,0.2,1000,"bu","13:36:01",223600
18.8,0.2,700,"bu","13:35:33",222600
18.8,0.2,800,"bu","13:35:33",221900
18.75,0.15,500,"bu","13:34:37",221100
18.75,0.15,1700,"bu","13:33:56",220600
18.75,0.15,1000,"sd","13:32:17",218900
18.75,0.15,800,"sd","13:32:17",217900
18.8,0.2,900,"sd","13:31:08",217100
18.8,0.2,300,"sd","13:31:08",216200
18.8,0.2,1500,"sd","13:29:13",215900
18.8,0.2,700,"bu","13:28:39",214400
18.8,0.2,1600,"bu","13:28:18",213700
18.8,0.2,200,"sd","13:27:08",212100
18.85,0.25,300,"bu","13:26:43",211900
18.8,0.2,1100,"bu","13:25:37",211600
18.8,0.2,1500,"bu","13:25:24",210500
18.8,0.2,600,"sd","13:24:02",209000
18.8,0.2,400,"bu","13:23:13",208400
18.8,0.2,1100,"bu","13:22:45",208000
18.8,0.2,100,"bu","13:22:45",206900
18.8,0.2,2000,"bu","13:22:27",206800
18.8,0.2,1900,"sd","13:21:22",204800
18.85,0.25,1400,"sd","13:19:53",202900
19,0.4,1200,"bu","13:18:20",201500
19,0.4,200,"sd","13:18:20",200300
19,0.4,1200,"bu","13:17:29",200100
19,0.4,600,"bu","13:17:29",198900
19,0.4,800,"bu","13:16:52",198300
18.85,0.25,500,"bu","13:14:58",197500
18.85,0.25,1700,"bu","13:14:40",197000
18.8,0.2,600,"bu","13:13:04",195300
18.75,0.15,500,"sd","13:12:24",194700
18.75,0.15,500,"sd","13:12:24",194200
18.8,0.2,7900,"sd","13:12:21",193700
18.8,0.2,700,"sd","13:12:21",185800
18.8,0.2,800,"sd","13:12:21",185100
18.8,0.2,500,"sd","13:11:48",184300
18.85,0.25,700,"sd","13:11:48",183800
18.85,0.25,1000,"sd","13:11:48",183100
18.9,0.3,1300,"sd","13:11:48",182100
18.95,0.35,1500,"sd","13:11:48",180800
18.95,0.35,1500,"bu","13:10:55",179300
18.95,0.35,1000,"bu","13:08:04",177800
18.9,0.3,500,"sd","11:29:55",176800
18.9,0.3,700,"bu","11:29:41",176300
18.9,0.3,1000,"sd","11:29:22",175600
18.9,0.3,1100,"sd","11:29:22",174600
18.9,0.3,200,"sd","11:29:22",173500
18.9,0.3,300,"sd","11:29:04",173300
18.9,0.3,500,"sd","11:29:04",173000
18.9,0.3,100,"sd","11:29:04",172500
18.95,0.35,100,"sd","11:29:04",172400
18.95,0.35,1300,"bu","11:28:22",172300
18.95,0.35,600,"bu","11:28:22",171000
18.9,0.3,1200,"sd","11:27:49",170400
18.9,0.3,300,"sd","11:27:49",169200
18.95,0.35,1200,"sd","11:27:17",168900
18.95,0.35,300,"sd","11:27:17",167700
18.95,0.35,700,"sd","11:26:56",167400
18.95,0.35,1000,"sd","11:26:56",166700
19,0.4,1100,"bu","11:26:50",165700
19,0.4,1500,"bu","11:26:50",164600
19,0.4,400,"bu","11:26:50",163100
18.95,0.35,1200,"bu","11:25:57",162700
18.95,0.35,300,"bu","11:25:20",161500
18.95,0.35,800,"bu","11:25:06",161200
18.95,0.35,800,"bu","11:25:06",160400
18.95,0.35,600,"sd","11:24:17",159600
18.95,0.35,500,"sd","11:24:17",159000
18.95,0.35,2300,"bu","11:24:02",158500
18.95,0.35,200,"bu","11:24:02",156200
18.9,0.3,1700,"bu","11:23:17",156000
18.9,0.3,300,"sd","11:23:04",154300
18.9,0.3,900,"bu","11:22:57",154000
18.9,0.3,1900,"sd","11:22:54",153100
18.9,0.3,200,"sd","11:22:54",151200
18.9,0.3,2800,"bu","11:22:16",151000
18.9,0.3,700,"bu","11:22:15",148200
18.9,0.3,400,"sd","11:22:05",147500
18.9,0.3,600,"sd","11:22:05",147100
18.9,0.3,200,"sd","11:22:05",146500
18.9,0.3,800,"sd","11:21:53",146300
18.9,0.3,300,"sd","11:21:53",145500
18.95,0.35,1000,"sd","11:20:50",145200
18.95,0.35,400,"sd","11:20:50",144200
18.95,0.35,100,"sd","11:20:39",143800
18.95,0.35,900,"sd","11:20:39",143700
19,0.4,1600,"bu","11:19:04",142800
19,0.4,900,"bu","11:19:04",141200
18.95,0.35,1400,"bu","11:17:43",140300
18.95,0.35,1000,"bu","11:16:47",138900
18.9,0.3,300,"sd","11:16:32",137900
18.9,0.3,500,"sd","11:16:32",137600
18.9,0.3,1100,"sd","11:16:32",137100
18.95,0.35,100,"sd","11:16:16",136000
18.95,0.35,200,"sd","11:16:16",135900
18.95,0.35,500,"sd","11:16:06",135700
18.95,0.35,1000,"sd","11:16:06",135200
19,0.4,1000,"sd","11:15:00",134200
19,0.4,500,"bu","11:14:58",133200
19,0.4,800,"sd","11:14:45",132700
19,0.4,1100,"bu","11:14:34",131900
19,0.4,1000,"bu","11:14:33",130800
19,0.4,100,"bu","11:14:33",129800
19,0.4,1000,"bu","11:13:06",129700
18.95,0.35,1000,"bu","11:11:52",128700
18.95,0.35,500,"sd","11:11:18",127700
18.95,0.35,1100,"sd","11:11:05",127200
18.95,0.35,700,"sd","11:11:05",126100
18.95,0.35,1700,"bu","11:10:47",125400
18.95,0.35,600,"bu","11:10:47",123700
18.95,0.35,500,"sd","11:09:48",123100
18.95,0.35,1000,"sd","11:09:48",122600
18.95,0.35,400,"sd","11:09:48",121600
19,0.4,500,"sd","11:06:32",121200
19,0.4,700,"bu","11:06:00",120700
19,0.4,400,"sd","11:05:57",120000
19,0.4,600,"sd","11:05:37",119600
19,0.4,700,"sd","11:05:37",119000
19,0.4,400,"sd","11:05:37",118300
19.05,0.45,900,"bu","11:05:36",117900
19.05,0.45,100,"bu","11:05:36",117000
19.05,0.45,1000,"bu","11:04:55",116900
19,0.4,700,"bu","11:01:30",115900
19,0.4,600,"bu","11:01:30",115200
19,0.4,800,"bu","11:00:23",114600
18.95,0.35,600,"sd","10:57:30",113800
18.95,0.35,300,"sd","10:57:30",113200
18.95,0.35,1100,"sd","10:57:30",112900
19,0.4,500,"sd","10:57:13",111800
19,0.4,500,"bu","10:56:59",111300
19,0.4,1000,"sd","10:55:18",110800
19,0.4,300,"sd","10:55:18",109800
19,0.4,1200,"sd","10:55:02",109500
19,0.4,600,"bu","10:54:08",108300
19,0.4,700,"sd","10:53:58",107700
19,0.4,500,"sd","10:53:58",107000
19,0.4,1000,"sd","10:53:58",106500
19,0.4,300,"sd","10:53:58",105500
19.05,0.45,500,"sd","10:53:28",105200
19.05,0.45,1100,"bu","10:53:24",104700
19.05,0.45,400,"bu","10:53:24",103600
19.05,0.45,1000,"bu","10:53:08",103200
19.05,0.45,1200,"bu","10:51:33",102200
19.05,0.45,300,"bu","10:51:33",101000
19.05,0.45,1300,"sd","10:51:20",100700
19.1,0.5,1000,"bu","10:51:15",99400
19.05,0.45,1200,"bu","10:50:45",98400
19.05,0.45,100,"bu","10:50:05",97200
19.05,0.45,1200,"bu","10:50:05",97100
19.05,0.45,300,"bu","10:48:41",95900
19,0.4,1400,"bu","10:46:33",95600
19,0.4,300,"bu","10:46:33",94200
19,0.4,500,"bu","10:45:48",93900
19,0.4,1200,"bu","10:43:41",93400
19,0.4,500,"bu","10:43:41",92200
19,0.4,100,"bu","10:43:41",91700
18.95,0.35,400,"bu","10:42:06",91600
18.95,0.35,1200,"bu","10:41:29",91200
18.95,0.35,100,"bu","10:41:29",90000
18.95,0.35,600,"bu","10:40:59",89900
18.95,0.35,1300,"sd","10:40:11",89300
19,0.4,600,"sd","10:38:11",88000
19,0.4,1400,"sd","10:38:00",87400
19,0.4,200,"bu","10:37:22",86000
19,0.4,500,"bu","10:37:22",85800
19,0.4,1500,"bu","10:35:07",85300
18.95,0.35,1000,"bu","10:30:27",83800
18.95,0.35,200,"bu","10:30:27",82800
18.95,0.35,100,"bu","10:29:29",82600
18.95,0.35,1300,"bu","10:29:29",82500
18.9,0.3,100,"bu","10:27:46",81200
18.9,0.3,1400,"bu","10:26:55",81100
18.9,0.3,100,"bu","10:26:55",79700
18.9,0.3,1700,"bu","10:26:24",79600
18.85,0.25,1500,"bu","10:24:19",77900
18.85,0.25,1000,"sd","10:21:23",76400
18.85,0.25,1500,"sd","10:21:23",75400
18.9,0.3,1200,"sd","10:20:51",73900
18.95,0.35,1300,"sd","10:19:01",72700
18.95,0.35,100,"bu","10:16:30",71400
18.95,0.35,700,"bu","10:16:30",71300
18.95,0.35,2000,"bu","10:14:59",70600
18.85,0.25,300,"bu","10:12:03",68600
18.85,0.25,2000,"sd","10:11:51",68300
18.85,0.25,1000,"sd","10:11:51",66300
18.85,0.25,300,"sd","10:11:51",65300
18.9,0.3,600,"sd","10:11:51",65000
18.9,0.3,800,"sd","10:11:51",64400
19,0.4,1200,"sd","10:11:16",63600
19,0.4,100,"sd","10:11:16",62400
19,0.4,1700,"bu","10:10:29",62300
19,0.4,300,"bu","10:10:03",60600
19,0.4,700,"bu","10:10:03",60300
19,0.4,300,"sd","10:07:27",59600
19,0.4,1000,"sd","10:07:27",59300
19,0.4,300,"sd","10:07:27",58300
19,0.4,200,"sd","10:07:27",58000
19.05,0.45,1200,"sd","10:06:56",57800
19.1,0.5,1500,"sd","10:06:07",56600
19.15,0.55,1000,"bu","10:04:17",55100
19.15,0.55,1300,"sd","10:03:37",54100
19.2,0.6,1000,"bu","10:03:14",52800
19.15,0.55,500,"bu","10:02:55",51800
19.15,0.55,1300,"bu","10:01:29",51300
19.15,0.55,300,"bu","10:01:29",50000
19.15,0.55,2000,"bu","10:00:02",49700
19.1,0.5,500,"bu","09:59:23",47700
19.1,0.5,1000,"bu","09:58:35",47200
19.1,0.5,500,"bu","09:57:21",46200
19.05,0.45,500,"bu","09:56:44",45700
19.05,0.45,1600,"bu","09:56:15",45200
19.05,0.45,100,"bu","09:55:22",43600
19.05,0.45,100,"sd","09:55:11",43500
19.05,0.45,500,"bu","09:54:27",43400
19.05,0.45,1500,"bu","09:53:36",42900
19.05,0.45,1500,"bu","09:53:36",41400
19,0.4,1200,"bu","09:53:14",39900
19,0.4,300,"bu","09:52:59",38700
19,0.4,700,"bu","09:52:59",38400
19,0.4,300,"bu","09:52:40",37700
19,0.4,1000,"bu","09:52:40",37400
19,0.4,100,"bu","09:50:47",36400
19,0.4,900,"bu","09:50:46",36300
19,0.4,100,"bu","09:50:46",35400
18.95,0.35,1000,"bu","09:50:46",35300
18.95,0.35,100,"bu","09:49:51",34300
18.95,0.35,900,"bu","09:49:11",34200
18.95,0.35,400,"bu","09:49:11",33300
18.95,0.35,1700,"bu","09:47:43",32900
18.9,0.3,200,"bu","09:46:34",31200
18.9,0.3,1000,"bu","09:46:06",31000
18.9,0.3,300,"bu","09:45:47",30000
18.9,0.3,200,"bu","09:45:47",29700
18.9,0.3,100,"bu","09:45:18",29500
18.9,0.3,2000,"bu","09:45:18",29400
18.85,0.25,1200,"bu","09:43:30",27400
18.85,0.25,700,"bu","09:43:05",26200
18.8,0.2,700,"sd","09:41:20",25500
18.8,0.2,1000,"sd","09:39:44",24800
18.8,0.2,2000,"sd","09:39:44",23800
18.8,0.2,300,"sd","09:39:44",21800
18.85,0.25,600,"sd","09:39:36",21500
18.85,0.25,400,"bu","09:39:34",20900
18.85,0.25,100,"sd","09:39:28",20500
18.85,0.25,1900,"bu","09:38:34",20400
18.85,0.25,100,"bu","09:38:10",18500
18.8,0.2,500,"sd","09:37:31",18400
18.8,0.2,200,"bu","09:36:41",17900
18.8,0.2,1800,"bu","09:36:21",17700
18.8,0.2,600,"bu","09:36:21",15900
18.8,0.2,1600,"bu","09:35:59",15300
18.75,0.15,1200,"bu","09:34:40",13700
18.7,0.1,500,"sd","09:34:03",12500
18.75,0.15,1200,"bu","09:33:54",12000
18.7,0.1,100,"bu","09:33:24",10800
18.7,0.1,900,"sd","09:31:22",10700
18.7,0.1,100,"bu","09:30:37",9800
18.7,0.1,1400,"sd","09:24:53",9700
18.7,0.1,800,"bu","09:22:19",8300
18.7,0.1,1200,"bu","09:21:10",7500
18.7,0.1,1000,"bu","09:19:15",6300
18.65,0.05,800,"bu","09:16:39",5300
18.65,0.05,1500,"bu","09:16:17",4500
18.65,0.05,3000,"bu","09:15:01",3000
