"price","change","match_qtty","side","time","total_vol"
9.61,-0.02,482400,"unknown","14:45:01",12206600
9.61,-0.02,11600,"sd","14:30:00",11724200
9.61,-0.02,8400,"sd","14:30:00",11712600
9.61,-0.02,500,"sd","14:30:00",11704200
9.62,-0.01,1000,"bu","14:29:58",11703700
9.61,-0.02,5000,"sd","14:29:58",11702700
9.62,-0.01,1000,"bu","14:29:55",11697700
9.62,-0.01,500,"bu","14:29:53",11696700
9.62,-0.01,500,"bu","14:29:50",11696200
9.62,-0.01,100,"bu","14:29:46",11695700
9.62,-0.01,1000,"bu","14:29:46",11695600
9.61,-0.02,100,"sd","14:29:46",11694600
9.61,-0.02,300,"sd","14:29:46",11694500
9.61,-0.02,3600,"sd","14:29:46",11694200
9.61,-0.02,1000,"sd","14:29:46",11690600
9.62,-0.01,500,"bu","14:29:45",11689600
9.62,-0.01,100,"bu","14:29:45",11689100
9.62,-0.01,1000,"bu","14:29:45",11689000
9.62,-0.01,500,"bu","14:29:45",11688000
9.62,-0.01,2900,"bu","14:29:45",11687500
9.62,-0.01,3000,"bu","14:29:42",11684600
9.62,-0.01,1600,"bu","14:29:41",11681600
9.61,-0.02,1500,"sd","14:29:40",11680000
9.61,-0.02,100,"sd","14:29:40",11678500
9.61,-0.02,400,"sd","14:29:40",11678400
9.61,-0.02,3000,"sd","14:29:40",11678000
9.61,-0.02,100,"sd","14:29:40",11675000
9.61,-0.02,3000,"sd","14:29:40",11674900
9.61,-0.02,200,"sd","14:29:40",11671900
9.61,-0.02,300,"sd","14:29:40",11671700
9.61,-0.02,100,"sd","14:29:40",11671400
9.61,-0.02,100,"sd","14:29:40",11671300
9.61,-0.02,1200,"sd","14:29:40",11671200
9.62,-0.01,1000,"bu","14:29:40",11670000
9.62,-0.01,200,"bu","14:29:35",11669000
9.61,-0.02,500,"sd","14:29:35",11668800
9.61,-0.02,300,"sd","14:29:32",11668300
9.61,-0.02,700,"sd","14:29:32",11668000
9.61,-0.02,1200,"sd","14:29:31",11667300
9.61,-0.02,4000,"sd","14:29:30",11666100
9.62,-0.01,1000,"bu","14:29:30",11662100
9.61,-0.02,100,"sd","14:29:29",11661100
9.61,-0.02,700,"sd","14:29:26",11661000
9.61,-0.02,3000,"sd","14:29:24",11660300
9.61,-0.02,13000,"sd","14:29:22",11657300
9.61,-0.02,1900,"sd","14:29:21",11644300
9.61,-0.02,1000,"sd","14:29:17",11642400
9.61,-0.02,5000,"sd","14:29:16",11641400
9.61,-0.02,500,"sd","14:29:16",11636400
9.61,-0.02,5000,"sd","14:29:13",11635900
9.61,-0.02,100,"sd","14:29:12",11630900
9.61,-0.02,1100,"sd","14:29:10",11630800
9.61,-0.02,10000,"sd","14:29:08",11629700
9.61,-0.02,4700,"sd","14:29:07",11619700
9.62,-0.01,200,"bu","14:29:07",11615000
9.61,-0.02,2000,"sd","14:29:06",11614800
9.61,-0.02,6000,"sd","14:29:05",11612800
9.62,-0.01,500,"bu","14:29:05",11606800
9.62,-0.01,700,"bu","14:29:04",11606300
9.62,-0.01,900,"bu","14:29:01",11605600
9.62,-0.01,8000,"bu","14:29:01",11604700
9.61,-0.02,500,"sd","14:28:59",11596700
9.61,-0.02,45000,"sd","14:28:59",11596200
9.61,-0.02,1000,"sd","14:28:58",11551200
9.61,-0.02,5000,"sd","14:28:57",11550200
9.62,-0.01,100,"bu","14:28:50",11545200
9.61,-0.02,1700,"sd","14:28:49",11545100
9.61,-0.02,800,"sd","14:28:47",11543400
9.61,-0.02,100,"sd","14:28:46",11542600
9.62,-0.01,200,"bu","14:28:43",11542500
9.61,-0.02,100,"sd","14:28:42",11542300
9.61,-0.02,5500,"sd","14:28:41",11542200
9.61,-0.02,1100,"sd","14:28:41",11536700
9.61,-0.02,10000,"sd","14:28:39",11535600
9.61,-0.02,3100,"sd","14:28:38",11525600
9.61,-0.02,200,"sd","14:28:31",11522500
9.61,-0.02,1000,"sd","14:28:31",11522300
9.61,-0.02,3700,"sd","14:28:31",11521300
9.61,-0.02,3000,"sd","14:28:31",11517600
9.61,-0.02,10000,"bu","14:28:31",11514600
9.61,-0.02,3200,"bu","14:28:31",11504600
9.6,-0.03,100,"sd","14:28:30",11501400
9.6,-0.03,600,"sd","14:28:30",11501300
9.6,-0.03,1000,"sd","14:28:30",11500700
9.6,-0.03,200,"sd","14:28:30",11499700
9.6,-0.03,500,"sd","14:28:30",11499500
9.6,-0.03,300,"sd","14:28:30",11499000
9.6,-0.03,100,"sd","14:28:30",11498700
9.6,-0.03,400,"sd","14:28:30",11498600
9.6,-0.03,400,"sd","14:28:30",11498200
9.6,-0.03,1000,"sd","14:28:30",11497800
9.6,-0.03,1000,"sd","14:28:30",11496800
9.6,-0.03,100,"sd","14:28:30",11495800
9.6,-0.03,500,"sd","14:28:30",11495700
9.6,-0.03,500,"sd","14:28:30",11495200
9.6,-0.03,500,"sd","14:28:30",11494700
9.6,-0.03,100,"sd","14:28:30",11494200
9.6,-0.03,3200,"sd","14:28:30",11494100
9.6,-0.03,500,"sd","14:28:30",11490900
9.61,-0.02,1000,"bu","14:28:27",11490400
9.6,-0.03,200,"sd","14:28:27",11489400
9.61,-0.02,800,"bu","14:28:26",11489200
9.61,-0.02,1200,"bu","14:28:26",11488400
9.6,-0.03,1000,"sd","14:28:25",11487200
9.61,-0.02,4000,"bu","14:28:24",11486200
9.6,-0.03,800,"sd","14:28:19",11482200
9.6,-0.03,2100,"sd","14:28:19",11481400
9.6,-0.03,1000,"sd","14:28:17",11479300
9.61,-0.02,1000,"bu","14:28:16",11478300
9.6,-0.03,1600,"sd","14:28:16",11477300
9.61,-0.02,500,"bu","14:28:15",11475700
9.61,-0.02,1300,"bu","14:28:14",11475200
9.61,-0.02,3700,"bu","14:28:14",11473900
9.6,-0.03,200,"sd","14:28:13",11470200
9.6,-0.03,5400,"sd","14:28:13",11470000
9.6,-0.03,300,"sd","14:28:13",11464600
9.6,-0.03,200,"sd","14:28:13",11464300
9.6,-0.03,300,"sd","14:28:13",11464100
9.6,-0.03,100,"sd","14:28:13",11463800
9.6,-0.03,500,"sd","14:28:13",11463700
9.6,-0.03,500,"sd","14:28:13",11463200
9.6,-0.03,1700,"sd","14:28:13",11462700
9.6,-0.03,3300,"sd","14:28:13",11461000
9.6,-0.03,9000,"sd","14:28:13",11457700
9.6,-0.03,500,"sd","14:28:13",11448700
9.6,-0.03,1000,"sd","14:28:13",11448200
9.6,-0.03,1200,"sd","14:28:13",11447200
9.61,-0.02,200,"bu","14:28:11",11446000
9.6,-0.03,2800,"sd","14:28:10",11445800
9.6,-0.03,700,"sd","14:28:10",11443000
9.6,-0.03,500,"sd","14:28:10",11442300
9.6,-0.03,1000,"sd","14:28:09",11441800
9.6,-0.03,1000,"sd","14:28:09",11440800
9.6,-0.03,400,"sd","14:28:09",11439800
9.6,-0.03,100,"sd","14:28:09",11439400
9.6,-0.03,1000,"sd","14:28:09",11439300
9.6,-0.03,300,"sd","14:28:09",11438300
9.6,-0.03,1200,"sd","14:28:09",11438000
9.61,-0.02,700,"bu","14:28:08",11436800
9.61,-0.02,2200,"bu","14:28:08",11436100
9.61,-0.02,100,"bu","14:28:08",11433900
9.6,-0.03,2200,"sd","14:28:06",11433800
9.6,-0.03,1600,"sd","14:28:06",11431600
9.6,-0.03,4600,"sd","14:28:06",11430000
9.6,-0.03,800,"sd","14:28:06",11425400
9.6,-0.03,1000,"sd","14:28:03",11424600
9.6,-0.03,100,"sd","14:28:03",11423600
9.6,-0.03,1800,"sd","14:28:03",11423500
9.6,-0.03,200,"sd","14:28:03",11421700
9.6,-0.03,1000,"sd","14:28:03",11421500
9.6,-0.03,200,"sd","14:28:03",11420500
9.6,-0.03,1000,"sd","14:28:03",11420300
9.6,-0.03,100,"sd","14:28:03",11419300
9.6,-0.03,500,"sd","14:28:03",11419200
9.6,-0.03,1700,"sd","14:28:03",11418700
9.6,-0.03,100,"sd","14:28:03",11417000
9.6,-0.03,1000,"sd","14:28:03",11416900
9.6,-0.03,500,"sd","14:28:03",11415900
9.6,-0.03,800,"sd","14:28:03",11415400
9.6,-0.03,200,"sd","14:28:01",11414600
9.6,-0.03,2000,"sd","14:28:01",11414400
9.6,-0.03,100,"sd","14:28:01",11412400
9.6,-0.03,500,"sd","14:28:01",11412300
9.6,-0.03,300,"sd","14:28:01",11411800
9.6,-0.03,100,"sd","14:28:01",11411500
9.6,-0.03,300,"sd","14:28:01",11411400
9.6,-0.03,1500,"sd","14:28:01",11411100
9.61,-0.02,500,"bu","14:27:58",11409600
9.61,-0.02,100,"bu","14:27:58",11409100
9.6,-0.03,1000,"sd","14:27:52",11409000
9.61,-0.02,100,"bu","14:27:51",11408000
9.61,-0.02,500,"bu","14:27:51",11407900
9.61,-0.02,100,"sd","14:27:47",11407400
9.61,-0.02,100,"sd","14:27:47",11407300
9.61,-0.02,1000,"sd","14:27:47",11407200
9.61,-0.02,500,"sd","14:27:47",11406200
9.61,-0.02,1000,"sd","14:27:47",11405700
9.61,-0.02,400,"sd","14:27:47",11404700
9.61,-0.02,1600,"sd","14:27:45",11404300
9.61,-0.02,100,"sd","14:27:45",11402700
9.61,-0.02,100,"sd","14:27:45",11402600
9.61,-0.02,100,"sd","14:27:45",11402500
9.61,-0.02,100,"sd","14:27:45",11402400
9.61,-0.02,1500,"sd","14:27:45",11402300
9.61,-0.02,500,"sd","14:27:45",11400800
9.62,-0.01,200,"bu","14:27:44",11400300
9.61,-0.02,1900,"sd","14:27:44",11400100
9.61,-0.02,100,"sd","14:27:44",11398200
9.61,-0.02,1000,"sd","14:27:44",11398100
9.61,-0.02,200,"sd","14:27:44",11397100
9.61,-0.02,3800,"sd","14:27:42",11396900
9.61,-0.02,500,"sd","14:27:42",11393100
9.61,-0.02,600,"sd","14:27:42",11392600
9.61,-0.02,100,"sd","14:27:42",11392000
9.62,-0.01,200,"bu","14:27:42",11391900
9.61,-0.02,1000,"sd","14:27:40",11391700
9.61,-0.02,8500,"sd","14:27:39",11390700
9.61,-0.02,400,"sd","14:27:39",11382200
9.61,-0.02,500,"sd","14:27:38",11381800
9.61,-0.02,1000,"sd","14:27:38",11381300
9.61,-0.02,100,"sd","14:27:37",11380300
9.61,-0.02,500,"sd","14:27:37",11380200
9.61,-0.02,10800,"sd","14:27:37",11379700
9.61,-0.02,2000,"sd","14:27:37",11368900
9.61,-0.02,2000,"sd","14:27:37",11366900
9.61,-0.02,100,"sd","14:27:37",11364900
9.61,-0.02,3000,"sd","14:27:37",11364800
9.61,-0.02,3000,"sd","14:27:37",11361800
9.61,-0.02,10000,"sd","14:27:37",11358800
9.61,-0.02,1000,"sd","14:27:37",11348800
9.61,-0.02,900,"sd","14:27:37",11347800
9.61,-0.02,2000,"sd","14:27:37",11346900
9.61,-0.02,1000,"sd","14:27:37",11344900
9.61,-0.02,4200,"sd","14:27:37",11343900
9.61,-0.02,600,"sd","14:27:37",11339700
9.61,-0.02,200,"sd","14:27:37",11339100
9.61,-0.02,100,"sd","14:27:37",11338900
9.61,-0.02,1000,"sd","14:27:37",11338800
9.61,-0.02,200,"sd","14:27:37",11337800
9.61,-0.02,800,"sd","14:27:37",11337600
9.61,-0.02,1000,"sd","14:27:37",11336800
9.61,-0.02,500,"sd","14:27:37",11335800
9.61,-0.02,1200,"sd","14:27:37",11335300
9.61,-0.02,2600,"sd","14:27:37",11334100
9.61,-0.02,400,"sd","14:27:31",11331500
9.61,-0.02,400,"sd","14:27:31",11331100
9.61,-0.02,900,"sd","14:27:31",11330700
9.61,-0.02,100,"sd","14:27:30",11329800
9.61,-0.02,100,"sd","14:27:30",11329700
9.61,-0.02,1000,"sd","14:27:30",11329600
9.61,-0.02,10000,"sd","14:27:30",11328600
9.61,-0.02,600,"sd","14:27:30",11318600
9.61,-0.02,500,"sd","14:27:30",11318000
9.61,-0.02,100,"sd","14:27:30",11317500
9.61,-0.02,1000,"sd","14:27:30",11317400
9.61,-0.02,2500,"sd","14:27:30",11316400
9.61,-0.02,400,"sd","14:27:30",11313900
9.61,-0.02,200,"sd","14:27:30",11313500
9.61,-0.02,1200,"sd","14:27:30",11313300
9.61,-0.02,800,"sd","14:27:30",11312100
9.61,-0.02,100,"sd","14:27:30",11311300
9.61,-0.02,800,"sd","14:27:30",11311200
9.61,-0.02,600,"sd","14:27:30",11310400
9.61,-0.02,9000,"sd","14:27:28",11309800
9.62,-0.01,500,"bu","14:27:27",11300800
9.62,-0.01,1000,"bu","14:27:25",11300300
9.62,-0.01,2000,"bu","14:27:23",11299300
9.62,-0.01,3800,"bu","14:27:20",11297300
9.62,-0.01,1200,"bu","14:27:20",11293500
9.62,-0.01,100,"bu","14:27:20",11292300
9.62,-0.01,100,"bu","14:27:17",11292200
9.62,-0.01,600,"bu","14:27:16",11292100
9.62,-0.01,400,"bu","14:27:16",11291500
9.62,-0.01,3100,"bu","14:27:14",11291100
9.62,-0.01,300,"bu","14:27:13",11288000
9.62,-0.01,6200,"bu","14:27:10",11287700
9.62,-0.01,1000,"bu","14:27:10",11281500
9.62,-0.01,20800,"bu","14:27:10",11280500
9.62,-0.01,300,"bu","14:27:10",11259700
9.62,-0.01,2200,"bu","14:27:10",11259400
9.62,-0.01,5000,"bu","14:27:10",11257200
9.62,-0.01,14500,"bu","14:27:10",11252200
9.62,-0.01,100,"bu","14:27:04",11237700
9.62,-0.01,100,"bu","14:27:02",11237600
9.62,-0.01,1000,"bu","14:27:01",11237500
9.62,-0.01,500,"bu","14:27:00",11236500
9.62,-0.01,4000,"bu","14:26:58",11236000
9.62,-0.01,1000,"bu","14:26:57",11232000
9.62,-0.01,5500,"bu","14:26:54",11231000
9.62,-0.01,4000,"bu","14:26:54",11225500
9.62,-0.01,2000,"bu","14:26:54",11221500
9.62,-0.01,3800,"bu","14:26:54",11219500
9.62,-0.01,100,"bu","14:26:54",11215700
9.62,-0.01,300,"bu","14:26:54",11215600
9.62,-0.01,4700,"bu","14:26:54",11215300
9.62,-0.01,500,"bu","14:26:54",11210600
9.62,-0.01,20000,"bu","14:26:54",11210100
9.62,-0.01,8800,"bu","14:26:54",11190100
9.62,-0.01,300,"bu","14:26:54",11181300
9.61,-0.02,500,"sd","14:26:50",11181000
9.61,-0.02,8900,"sd","14:26:47",11180500
9.61,-0.02,400,"sd","14:26:47",11171600
9.61,-0.02,10600,"sd","14:26:44",11171200
9.61,-0.02,3900,"sd","14:26:44",11160600
9.62,-0.01,300,"bu","14:26:42",11156700
9.61,-0.02,1000,"sd","14:26:41",11156400
9.62,-0.01,1000,"bu","14:26:41",11155400
9.62,-0.01,400,"bu","14:26:34",11154400
9.62,-0.01,500,"bu","14:26:26",11154000
9.62,-0.01,900,"bu","14:26:22",11153500
9.62,-0.01,500,"bu","14:26:22",11152600
9.62,-0.01,1600,"bu","14:26:22",11152100
9.61,-0.02,100,"sd","14:26:19",11150500
9.61,-0.02,400,"sd","14:26:19",11150400
9.61,-0.02,100,"sd","14:26:11",11150000
9.61,-0.02,4200,"sd","14:26:11",11149900
9.61,-0.02,100,"sd","14:26:04",11145700
9.62,-0.01,200,"bu","14:26:02",11145600
9.61,-0.02,700,"sd","14:25:58",11145400
9.61,-0.02,100,"sd","14:25:58",11144700
9.61,-0.02,300,"sd","14:25:58",11144600
9.61,-0.02,100,"sd","14:25:56",11144300
9.62,-0.01,100,"bu","14:25:54",11144200
9.62,-0.01,900,"bu","14:25:54",11144100
9.61,-0.02,5000,"sd","14:25:51",11143200
9.62,-0.01,10000,"bu","14:25:50",11138200
9.62,-0.01,1000,"bu","14:25:50",11128200
9.62,-0.01,100,"bu","14:25:46",11127200
9.62,-0.01,800,"bu","14:25:46",11127100
9.62,-0.01,100,"bu","14:25:39",11126300
9.62,-0.01,600,"bu","14:25:37",11126200
9.62,-0.01,2400,"bu","14:25:37",11125600
9.62,-0.01,1000,"bu","14:25:37",11123200
9.62,-0.01,1000,"bu","14:25:37",11122200
9.62,-0.01,1000,"bu","14:25:37",11121200
9.62,-0.01,400,"unknown","14:25:37",11120200
9.62,-0.01,300,"sd","14:25:36",11119800
9.63,0,3000,"bu","14:25:31",11119500
9.62,-0.01,3000,"sd","14:25:31",11116500
9.62,-0.01,1100,"sd","14:25:29",11113500
9.62,-0.01,200,"sd","14:25:27",11112400
9.62,-0.01,600,"sd","14:25:27",11112200
9.62,-0.01,1400,"bu","14:25:23",11111600
9.62,-0.01,100,"bu","14:25:22",11110200
9.62,-0.01,1000,"bu","14:25:20",11110100
9.62,-0.01,700,"bu","14:25:19",11109100
9.62,-0.01,1300,"bu","14:25:19",11108400
9.62,-0.01,400,"bu","14:25:19",11107100
9.62,-0.01,300,"bu","14:25:19",11106700
9.62,-0.01,100,"bu","14:25:19",11106400
9.62,-0.01,100,"bu","14:25:19",11106300
9.62,-0.01,1500,"bu","14:25:19",11106200
9.62,-0.01,100,"bu","14:25:18",11104700
9.62,-0.01,100,"bu","14:25:17",11104600
9.62,-0.01,300,"bu","14:25:13",11104500
9.62,-0.01,200,"bu","14:25:13",11104200
9.62,-0.01,400,"bu","14:25:13",11104000
9.62,-0.01,1000,"bu","14:25:12",11103600
9.61,-0.02,2000,"sd","14:25:12",11102600
9.62,-0.01,1400,"bu","14:25:07",11100600
9.62,-0.01,600,"bu","14:25:07",11099200
9.62,-0.01,100,"bu","14:25:06",11098600
9.62,-0.01,200,"bu","14:25:05",11098500
9.61,-0.02,12600,"sd","14:25:05",11098300
9.61,-0.02,500,"sd","14:25:05",11085700
9.61,-0.02,3000,"sd","14:25:05",11085200
9.61,-0.02,1000,"sd","14:25:05",11082200
9.61,-0.02,1000,"sd","14:25:05",11081200
9.61,-0.02,500,"sd","14:25:05",11080200
9.61,-0.02,1400,"sd","14:25:05",11079700
9.62,-0.01,1000,"bu","14:24:59",11078300
9.62,-0.01,2900,"bu","14:24:55",11077300
9.62,-0.01,100,"bu","14:24:55",11074400
9.62,-0.01,500,"sd","14:24:52",11074300
9.62,-0.01,500,"sd","14:24:52",11073800
9.62,-0.01,1000,"sd","14:24:52",11073300
9.62,-0.01,100,"sd","14:24:52",11072300
9.62,-0.01,100,"sd","14:24:51",11072200
9.62,-0.01,1800,"sd","14:24:48",11072100
9.62,-0.01,100,"sd","14:24:48",11070300
9.62,-0.01,1000,"sd","14:24:48",11070200
9.62,-0.01,800,"sd","14:24:48",11069200
9.62,-0.01,400,"sd","14:24:48",11068400
9.62,-0.01,200,"sd","14:24:48",11068000
9.62,-0.01,1000,"sd","14:24:48",11067800
9.62,-0.01,200,"sd","14:24:48",11066800
9.62,-0.01,200,"sd","14:24:48",11066600
9.62,-0.01,1000,"sd","14:24:48",11066400
9.62,-0.01,100,"sd","14:24:48",11065400
9.62,-0.01,200,"sd","14:24:48",11065300
9.62,-0.01,600,"sd","14:24:43",11065100
9.62,-0.01,700,"sd","14:24:43",11064500
9.62,-0.01,300,"sd","14:24:43",11063800
9.62,-0.01,1100,"sd","14:24:42",11063500
9.62,-0.01,900,"sd","14:24:42",11062400
9.63,0,200,"bu","14:24:41",11061500
9.62,-0.01,200,"sd","14:24:36",11061300
9.62,-0.01,300,"sd","14:24:36",11061100
9.62,-0.01,200,"sd","14:24:32",11060800
9.62,-0.01,300,"sd","14:24:32",11060600
9.62,-0.01,1800,"sd","14:24:30",11060300
9.62,-0.01,200,"sd","14:24:30",11058500
9.62,-0.01,800,"sd","14:24:28",11058300
9.62,-0.01,100,"sd","14:24:28",11057500
9.62,-0.01,3000,"sd","14:24:27",11057400
9.62,-0.01,1900,"sd","14:24:23",11054400
9.62,-0.01,100,"sd","14:24:23",11052500
9.62,-0.01,3000,"sd","14:24:23",11052400
9.63,0,200,"bu","14:24:18",11049400
9.63,0,100,"bu","14:24:13",11049200
9.62,-0.01,1000,"sd","14:24:12",11049100
9.62,-0.01,1000,"sd","14:24:06",11048100
9.62,-0.01,800,"sd","14:24:06",11047100
9.62,-0.01,1800,"sd","14:24:02",11046300
9.62,-0.01,100,"sd","14:24:00",11044500
9.63,0,1500,"bu","14:23:59",11044400
9.62,-0.01,100,"bu","14:23:58",11042900
9.62,-0.01,200,"bu","14:23:58",11042800
9.62,-0.01,400,"bu","14:23:58",11042600
9.62,-0.01,200,"bu","14:23:58",11042200
9.62,-0.01,300,"bu","14:23:58",11042000
9.62,-0.01,3000,"bu","14:23:58",11041700
9.62,-0.01,500,"bu","14:23:58",11038700
9.62,-0.01,2600,"bu","14:23:58",11038200
9.61,-0.02,2000,"sd","14:23:58",11035600
9.62,-0.01,500,"bu","14:23:55",11033600
9.61,-0.02,100,"sd","14:23:48",11033100
9.62,-0.01,800,"bu","14:23:48",11033000
9.61,-0.02,100,"sd","14:23:48",11032200
9.61,-0.02,6400,"sd","14:23:47",11032100
9.61,-0.02,2000,"sd","14:23:47",11025700
9.61,-0.02,200,"sd","14:23:47",11023700
9.61,-0.02,100,"sd","14:23:47",11023500
9.61,-0.02,100,"sd","14:23:47",11023400
9.61,-0.02,100,"sd","14:23:47",11023300
9.61,-0.02,100,"sd","14:23:47",11023200
9.61,-0.02,1000,"sd","14:23:47",11023100
9.61,-0.02,100,"sd","14:23:39",11022100
9.61,-0.02,100,"bu","14:23:24",11022000
9.61,-0.02,100,"bu","14:23:21",11021900
9.61,-0.02,1900,"bu","14:23:21",11021800
9.61,-0.02,100,"sd","14:23:20",11019900
9.61,-0.02,500,"unknown","14:23:20",11019800
9.61,-0.02,300,"unknown","14:23:20",11019300
9.61,-0.02,700,"sd","14:23:18",11019000
9.61,-0.02,100,"sd","14:23:18",11018300
9.61,-0.02,200,"sd","14:23:18",11018200
9.61,-0.02,800,"bu","14:23:16",11018000
9.61,-0.02,100,"bu","14:23:14",11017200
9.61,-0.02,500,"bu","14:23:13",11017100
9.61,-0.02,100,"bu","14:23:13",11016600
9.61,-0.02,2900,"bu","14:23:13",11016500
9.61,-0.02,1000,"bu","14:23:12",11013600
9.61,-0.02,1000,"bu","14:23:06",11012600
9.61,-0.02,100,"bu","14:23:06",11011600
9.61,-0.02,1900,"bu","14:23:06",11011500
9.61,-0.02,1000,"bu","14:23:06",11009600
9.61,-0.02,500,"bu","14:23:05",11008600
9.61,-0.02,100,"bu","14:23:04",11008100
9.61,-0.02,300,"bu","14:23:04",11008000
9.61,-0.02,1000,"bu","14:23:04",11007700
9.6,-0.03,2500,"sd","14:23:03",11006700
9.6,-0.03,100,"sd","14:23:03",11004200
9.6,-0.03,100,"sd","14:23:03",11004100
9.6,-0.03,500,"sd","14:23:03",11004000
9.6,-0.03,2000,"sd","14:23:03",11003500
9.6,-0.03,2000,"sd","14:23:03",11001500
9.61,-0.02,500,"bu","14:23:03",10999500
9.6,-0.03,100,"sd","14:23:03",10999000
9.61,-0.02,5000,"bu","14:23:03",10998900
9.6,-0.03,2700,"sd","14:23:03",10993900
9.61,-0.02,4000,"bu","14:23:03",10991200
9.61,-0.02,600,"sd","14:23:01",10987200
9.61,-0.02,3000,"sd","14:23:00",10986600
9.61,-0.02,1100,"bu","14:22:59",10983600
9.61,-0.02,9300,"bu","14:22:59",10982500
9.61,-0.02,300,"bu","14:22:58",10973200
9.61,-0.02,100,"bu","14:22:58",10972900
9.6,-0.03,400,"sd","14:22:56",10972800
9.6,-0.03,1900,"sd","14:22:54",10972400
9.6,-0.03,1000,"sd","14:22:54",10970500
9.61,-0.02,4300,"bu","14:22:52",10969500
9.61,-0.02,700,"bu","14:22:52",10965200
9.61,-0.02,700,"bu","14:22:50",10964500
9.61,-0.02,1300,"bu","14:22:49",10963800
9.6,-0.03,4000,"sd","14:22:49",10962500
9.6,-0.03,4100,"sd","14:22:49",10958500
9.6,-0.03,500,"sd","14:22:49",10954400
9.6,-0.03,1000,"sd","14:22:49",10953900
9.6,-0.03,400,"sd","14:22:49",10952900
9.61,-0.02,1000,"bu","14:22:48",10952500
9.6,-0.03,5000,"sd","14:22:48",10951500
9.61,-0.02,300,"bu","14:22:47",10946500
9.6,-0.03,200,"sd","14:22:47",10946200
9.61,-0.02,400,"bu","14:22:46",10946000
9.61,-0.02,100,"bu","14:22:46",10945600
9.61,-0.02,4900,"bu","14:22:45",10945500
9.61,-0.02,100,"bu","14:22:45",10940600
9.6,-0.03,700,"sd","14:22:43",10940500
9.6,-0.03,800,"sd","14:22:43",10939800
9.6,-0.03,1100,"sd","14:22:43",10939000
9.6,-0.03,100,"sd","14:22:43",10937900
9.6,-0.03,2300,"sd","14:22:43",10937800
9.6,-0.03,4700,"sd","14:22:40",10935500
9.6,-0.03,300,"sd","14:22:40",10930800
9.6,-0.03,600,"sd","14:22:38",10930500
9.6,-0.03,400,"sd","14:22:38",10929900
9.61,-0.02,100,"bu","14:22:36",10929500
9.61,-0.02,2000,"bu","14:22:36",10929400
9.61,-0.02,100,"bu","14:22:36",10927400
9.61,-0.02,200,"bu","14:22:36",10927300
9.61,-0.02,200,"bu","14:22:36",10927100
9.61,-0.02,1000,"bu","14:22:36",10926900
9.61,-0.02,200,"bu","14:22:36",10925900
9.61,-0.02,300,"bu","14:22:36",10925700
9.61,-0.02,2000,"bu","14:22:36",10925400
9.61,-0.02,1000,"bu","14:22:36",10923400
9.61,-0.02,100,"bu","14:22:36",10922400
9.61,-0.02,200,"bu","14:22:36",10922300
9.61,-0.02,100,"bu","14:22:36",10922100
9.61,-0.02,1000,"bu","14:22:36",10922000
9.61,-0.02,100,"bu","14:22:36",10921000
9.61,-0.02,3000,"bu","14:22:36",10920900
9.6,-0.03,100,"sd","14:22:36",10917900
9.61,-0.02,100,"bu","14:22:36",10917800
9.61,-0.02,1000,"bu","14:22:35",10917700
9.61,-0.02,3100,"bu","14:22:35",10916700
9.6,-0.03,100,"sd","14:22:35",10913600
9.6,-0.03,900,"sd","14:22:35",10913500
9.61,-0.02,100,"sd","14:22:31",10912600
9.61,-0.02,15900,"sd","14:22:31",10912500
9.61,-0.02,900,"sd","14:22:29",10896600
9.61,-0.02,100,"sd","14:22:29",10895700
9.61,-0.02,100,"sd","14:22:28",10895600
9.61,-0.02,3000,"sd","14:22:28",10895500
9.61,-0.02,1600,"sd","14:22:28",10892500
9.61,-0.02,1100,"sd","14:22:28",10890900
9.61,-0.02,200,"sd","14:22:28",10889800
9.61,-0.02,6600,"sd","14:22:27",10889600
9.61,-0.02,3000,"sd","14:22:26",10883000
9.61,-0.02,200,"sd","14:22:25",10880000
9.61,-0.02,2000,"sd","14:22:24",10879800
9.61,-0.02,1000,"sd","14:22:24",10877800
9.61,-0.02,5000,"sd","14:22:24",10876800
9.61,-0.02,600,"sd","14:22:23",10871800
9.61,-0.02,900,"sd","14:22:23",10871200
9.61,-0.02,1100,"sd","14:22:20",10870300
9.61,-0.02,500,"sd","14:22:19",10869200
9.61,-0.02,2500,"sd","14:22:17",10868700
9.61,-0.02,100,"sd","14:22:17",10866200
9.61,-0.02,1400,"sd","14:22:17",10866100
9.61,-0.02,300,"sd","14:22:16",10864700
9.61,-0.02,3500,"sd","14:22:14",10864400
9.61,-0.02,4800,"sd","14:22:12",10860900
9.61,-0.02,200,"sd","14:22:12",10856100
9.61,-0.02,800,"sd","14:22:08",10855900
9.61,-0.02,200,"sd","14:22:08",10855100
9.61,-0.02,1000,"sd","14:22:08",10854900
9.61,-0.02,1000,"sd","14:22:08",10853900
9.61,-0.02,2000,"sd","14:22:04",10852900
9.61,-0.02,1000,"sd","14:22:04",10850900
9.61,-0.02,100,"sd","14:22:02",10849900
9.61,-0.02,100,"sd","14:22:01",10849800
9.61,-0.02,1600,"sd","14:22:01",10849700
9.61,-0.02,300,"sd","14:22:01",10848100
9.61,-0.02,2200,"sd","14:22:01",10847800
9.61,-0.02,300,"sd","14:22:01",10845600
9.61,-0.02,500,"sd","14:22:01",10845300
9.61,-0.02,3500,"sd","14:22:01",10844800
9.61,-0.02,1000,"sd","14:22:01",10841300
9.61,-0.02,500,"sd","14:22:01",10840300
9.61,-0.02,2000,"sd","14:22:01",10839800
9.61,-0.02,400,"sd","14:22:01",10837800
9.61,-0.02,600,"sd","14:22:01",10837400
9.61,-0.02,500,"sd","14:22:01",10836800
9.61,-0.02,100,"sd","14:22:00",10836300
9.61,-0.02,1400,"sd","14:22:00",10836200
9.62,-0.01,20000,"bu","14:21:58",10834800
9.62,-0.01,800,"bu","14:21:58",10814800
9.61,-0.02,500,"sd","14:21:52",10814000
9.61,-0.02,300,"sd","14:21:51",10813500
9.61,-0.02,100,"sd","14:21:51",10813200
9.61,-0.02,400,"sd","14:21:51",10813100
9.61,-0.02,300,"sd","14:21:51",10812700
9.61,-0.02,500,"sd","14:21:51",10812400
9.61,-0.02,400,"sd","14:21:51",10811900
9.61,-0.02,100,"sd","14:21:51",10811500
9.61,-0.02,500,"sd","14:21:51",10811400
9.61,-0.02,100,"sd","14:21:51",10810900
9.61,-0.02,100,"sd","14:21:51",10810800
9.61,-0.02,100,"sd","14:21:51",10810700
9.61,-0.02,500,"sd","14:21:51",10810600
9.61,-0.02,1000,"sd","14:21:51",10810100
9.61,-0.02,400,"sd","14:21:51",10809100
9.61,-0.02,200,"sd","14:21:51",10808700
9.62,-0.01,300,"sd","14:21:49",10808500
9.62,-0.01,1000,"sd","14:21:49",10808200
9.62,-0.01,3000,"sd","14:21:49",10807200
9.62,-0.01,2400,"sd","14:21:49",10804200
9.62,-0.01,1000,"sd","14:21:49",10801800
9.62,-0.01,3000,"sd","14:21:49",10800800
9.62,-0.01,100,"sd","14:21:49",10797800
9.62,-0.01,10000,"sd","14:21:49",10797700
9.62,-0.01,1000,"sd","14:21:49",10787700
9.62,-0.01,100,"sd","14:21:49",10786700
9.62,-0.01,500,"sd","14:21:49",10786600
9.62,-0.01,10000,"sd","14:21:49",10786100
9.62,-0.01,1000,"sd","14:21:49",10776100
9.62,-0.01,1000,"sd","14:21:49",10775100
9.62,-0.01,1000,"sd","14:21:49",10774100
9.62,-0.01,2100,"sd","14:21:47",10773100
9.62,-0.01,4000,"sd","14:21:46",10771000
9.62,-0.01,100,"sd","14:21:45",10767000
9.62,-0.01,1000,"sd","14:21:45",10766900
9.62,-0.01,100,"sd","14:21:45",10765900
9.62,-0.01,3700,"sd","14:21:45",10765800
9.62,-0.01,12800,"sd","14:21:44",10762100
9.62,-0.01,1800,"sd","14:21:44",10749300
9.62,-0.01,100,"sd","14:21:44",10747500
9.62,-0.01,500,"sd","14:21:44",10747400
9.62,-0.01,3000,"sd","14:21:44",10746900
9.62,-0.01,200,"sd","14:21:43",10743900
9.62,-0.01,2000,"sd","14:21:43",10743700
9.62,-0.01,600,"sd","14:21:43",10741700
9.62,-0.01,200,"sd","14:21:43",10741100
9.62,-0.01,2000,"sd","14:21:43",10740900
9.62,-0.01,300,"sd","14:21:43",10738900
9.62,-0.01,2000,"sd","14:21:43",10738600
9.62,-0.01,200,"sd","14:21:43",10736600
9.62,-0.01,900,"sd","14:21:43",10736400
9.62,-0.01,500,"sd","14:21:43",10735500
9.62,-0.01,100,"sd","14:21:43",10735000
9.62,-0.01,3300,"sd","14:21:43",10734900
9.62,-0.01,1000,"sd","14:21:43",10731600
9.62,-0.01,300,"sd","14:21:43",10730600
9.62,-0.01,30000,"sd","14:21:43",10730300
9.62,-0.01,1500,"sd","14:21:43",10700300
9.62,-0.01,10000,"sd","14:21:43",10698800
9.62,-0.01,200,"sd","14:21:43",10688800
9.62,-0.01,30000,"sd","14:21:43",10688600
9.62,-0.01,2000,"sd","14:21:43",10658600
9.62,-0.01,2000,"sd","14:21:43",10656600
9.62,-0.01,1000,"sd","14:21:43",10654600
9.62,-0.01,100,"sd","14:21:43",10653600
9.62,-0.01,100,"sd","14:21:43",10653500
9.62,-0.01,3000,"sd","14:21:43",10653400
9.62,-0.01,500,"sd","14:21:43",10650400
9.62,-0.01,1000,"sd","14:21:43",10649900
9.62,-0.01,2500,"sd","14:21:43",10648900
9.62,-0.01,2000,"sd","14:21:43",10646400
9.62,-0.01,500,"sd","14:21:43",10644400
9.62,-0.01,500,"sd","14:21:43",10643900
9.62,-0.01,100,"sd","14:21:43",10643400
9.62,-0.01,100,"sd","14:21:43",10643300
9.62,-0.01,300,"sd","14:21:43",10643200
9.62,-0.01,500,"sd","14:21:43",10642900
9.62,-0.01,300,"sd","14:21:43",10642400
9.62,-0.01,100,"sd","14:21:43",10642100
9.62,-0.01,200,"sd","14:21:43",10642000
9.62,-0.01,100,"sd","14:21:43",10641800
9.62,-0.01,500,"sd","14:21:43",10641700
9.62,-0.01,1300,"sd","14:21:43",10641200
9.62,-0.01,3700,"sd","14:21:40",10639900
9.62,-0.01,2500,"sd","14:21:40",10636200
9.62,-0.01,1000,"sd","14:21:40",10633700
9.62,-0.01,200,"sd","14:21:40",10632700
9.62,-0.01,1000,"sd","14:21:40",10632500
9.62,-0.01,100,"sd","14:21:40",10631500
9.62,-0.01,1500,"sd","14:21:40",10631400
9.62,-0.01,500,"sd","14:21:40",10629900
9.62,-0.01,200,"sd","14:21:40",10629400
9.62,-0.01,1000,"sd","14:21:40",10629200
9.62,-0.01,500,"sd","14:21:40",10628200
9.62,-0.01,800,"sd","14:21:40",10627700
9.62,-0.01,400,"sd","14:21:38",10626900
9.63,0,300,"bu","14:21:38",10626500
9.63,0,100,"bu","14:21:36",10626200
9.62,-0.01,100,"sd","14:21:34",10626100
9.63,0,500,"bu","14:21:32",10626000
9.62,-0.01,700,"sd","14:21:31",10625500
9.62,-0.01,100,"sd","14:21:31",10624800
9.62,-0.01,100,"sd","14:21:31",10624700
9.62,-0.01,200,"sd","14:21:31",10624600
9.62,-0.01,200,"sd","14:21:31",10624400
9.62,-0.01,500,"sd","14:21:31",10624200
9.62,-0.01,1000,"sd","14:21:31",10623700
9.62,-0.01,100,"sd","14:21:31",10622700
9.63,0,900,"bu","14:21:25",10622600
9.63,0,3800,"bu","14:21:25",10621700
9.63,0,10000,"bu","14:21:25",10617900
9.63,0,500,"bu","14:21:22",10607900
9.63,0,1000,"bu","14:21:21",10607400
9.63,0,2000,"bu","14:21:21",10606400
9.62,-0.01,1000,"sd","14:21:20",10604400
9.64,0.01,3000,"bu","14:21:20",10603400
9.63,0,500,"sd","14:21:20",10600400
9.63,0,1600,"sd","14:21:20",10599900
9.63,0,500,"sd","14:21:20",10598300
9.63,0,200,"sd","14:21:20",10597800
9.63,0,100,"sd","14:21:20",10597600
9.63,0,400,"sd","14:21:19",10597500
9.63,0,500,"sd","14:21:19",10597100
9.63,0,2000,"sd","14:21:19",10596600
9.63,0,5000,"sd","14:21:19",10594600
9.63,0,100,"sd","14:21:19",10589600
9.63,0,4000,"sd","14:21:19",10589500
9.63,0,200,"sd","14:21:19",10585500
9.63,0,100,"sd","14:21:19",10585300
9.63,0,200,"sd","14:21:19",10585200
9.63,0,500,"sd","14:21:19",10585000
9.63,0,100,"sd","14:21:19",10584500
9.63,0,3500,"sd","14:21:19",10584400
9.63,0,10000,"sd","14:21:19",10580900
9.63,0,100,"sd","14:21:19",10570900
9.63,0,5000,"sd","14:21:19",10570800
9.63,0,10000,"sd","14:21:19",10565800
9.63,0,100,"sd","14:21:19",10555800
9.63,0,300,"sd","14:21:19",10555700
9.63,0,10000,"sd","14:21:19",10555400
9.63,0,1500,"sd","14:21:19",10545400
9.63,0,100,"sd","14:21:19",10543900
9.63,0,100,"sd","14:21:19",10543800
9.63,0,5000,"sd","14:21:19",10543700
9.63,0,51200,"sd","14:21:19",10538700
9.63,0,2000,"sd","14:21:18",10487500
9.63,0,8900,"sd","14:21:15",10485500
9.64,0.01,100,"bu","14:21:15",10476600
9.63,0,7900,"sd","14:21:14",10476500
9.63,0,2100,"sd","14:21:14",10468600
9.63,0,3000,"sd","14:21:12",10466500
9.63,0,4900,"sd","14:21:11",10463500
9.63,0,1000,"sd","14:21:11",10458600
9.63,0,2100,"sd","14:21:11",10457600
9.63,0,800,"sd","14:21:09",10455500
9.63,0,800,"sd","14:21:09",10454700
9.63,0,100,"sd","14:21:09",10453900
9.63,0,1000,"sd","14:21:09",10453800
9.63,0,1000,"sd","14:21:09",10452800
9.63,0,600,"sd","14:21:09",10451800
9.64,0.01,4000,"bu","14:21:07",10451200
9.64,0.01,2000,"bu","14:21:02",10447200
9.63,0,1400,"sd","14:20:57",10445200
9.63,0,3000,"sd","14:20:57",10443800
9.63,0,200,"sd","14:20:57",10440800
9.63,0,500,"sd","14:20:57",10440600
9.63,0,3000,"sd","14:20:57",10440100
9.63,0,300,"sd","14:20:57",10437100
9.63,0,4000,"sd","14:20:57",10436800
9.63,0,100,"sd","14:20:57",10432800
9.63,0,1000,"sd","14:20:57",10432700
9.63,0,100,"sd","14:20:57",10431700
9.63,0,500,"sd","14:20:57",10431600
9.63,0,3000,"sd","14:20:57",10431100
9.63,0,1000,"sd","14:20:57",10428100
9.63,0,2000,"sd","14:20:57",10427100
9.63,0,600,"sd","14:20:57",10425100
9.63,0,6000,"sd","14:20:57",10424500
9.63,0,1000,"sd","14:20:57",10418500
9.63,0,500,"sd","14:20:57",10417500
9.63,0,700,"sd","14:20:57",10417000
9.63,0,900,"sd","14:20:57",10416300
9.63,0,1000,"sd","14:20:57",10415400
9.63,0,1000,"sd","14:20:57",10414400
9.63,0,1000,"sd","14:20:57",10413400
9.63,0,100,"sd","14:20:57",10412400
9.63,0,1500,"sd","14:20:57",10412300
9.63,0,2000,"sd","14:20:57",10410800
9.63,0,100,"sd","14:20:57",10408800
9.63,0,500,"sd","14:20:57",10408700
9.63,0,200,"sd","14:20:57",10408200
9.63,0,1000,"sd","14:20:57",10408000
9.63,0,5000,"sd","14:20:57",10407000
9.63,0,500,"sd","14:20:57",10402000
9.63,0,1000,"sd","14:20:57",10401500
9.63,0,3000,"sd","14:20:57",10400500
9.63,0,3000,"sd","14:20:57",10397500
9.64,0.01,800,"bu","14:20:55",10394500
9.63,0,1000,"sd","14:20:53",10393700
9.64,0.01,300,"bu","14:20:45",10392700
9.63,0,5000,"sd","14:20:42",10392400
9.64,0.01,500,"bu","14:20:40",10387400
9.63,0,3000,"sd","14:20:29",10386900
9.63,0,100,"sd","14:20:29",10383900
9.64,0.01,2000,"bu","14:20:26",10383800
9.64,0.01,800,"bu","14:20:24",10381800
9.64,0.01,5000,"bu","14:20:20",10381000
9.63,0,700,"sd","14:20:18",10376000
9.63,0,2000,"sd","14:20:18",10375300
9.63,0,500,"sd","14:20:18",10373300
9.63,0,300,"sd","14:20:18",10372800
9.63,0,1000,"sd","14:20:18",10372500
9.63,0,1000,"sd","14:20:18",10371500
9.63,0,400,"sd","14:20:18",10370500
9.63,0,500,"sd","14:20:18",10370100
9.63,0,100,"sd","14:20:18",10369600
9.63,0,3000,"sd","14:20:18",10369500
9.63,0,500,"sd","14:20:18",10366500
9.64,0.01,300,"bu","14:20:16",10366000
9.64,0.01,500,"sd","14:20:12",10365700
9.64,0.01,5000,"sd","14:20:12",10365200
9.64,0.01,500,"sd","14:20:12",10360200
9.64,0.01,1000,"sd","14:20:12",10359700
9.63,0,5000,"sd","14:20:12",10358700
9.64,0.01,1300,"sd","14:20:12",10353700
9.63,0,4000,"sd","14:20:12",10352400
9.64,0.01,2000,"sd","14:20:12",10348400
9.64,0.01,200,"sd","14:20:12",10346400
9.64,0.01,2000,"sd","14:20:12",10346200
9.64,0.01,5100,"sd","14:20:12",10344200
9.64,0.01,1000,"sd","14:20:12",10339100
9.64,0.01,1100,"sd","14:20:12",10338100
9.64,0.01,500,"sd","14:20:12",10337000
9.64,0.01,300,"sd","14:20:12",10336500
9.64,0.01,100,"sd","14:20:12",10336200
9.64,0.01,100,"sd","14:20:12",10336100
9.64,0.01,10000,"sd","14:20:12",10336000
9.64,0.01,2000,"sd","14:20:12",10326000
9.64,0.01,8300,"sd","14:20:12",10324000
9.64,0.01,1000,"sd","14:20:07",10315700
9.64,0.01,1300,"sd","14:20:02",10314700
9.64,0.01,2200,"sd","14:19:58",10313400
9.65,0.02,1400,"bu","14:19:56",10311200
9.65,0.02,800,"bu","14:19:53",10309800
9.64,0.01,100,"sd","14:19:53",10309000
9.64,0.01,4000,"sd","14:19:53",10308900
9.64,0.01,200,"sd","14:19:49",10304900
9.64,0.01,200,"sd","14:19:49",10304700
9.64,0.01,400,"sd","14:19:44",10304500
9.64,0.01,500,"sd","14:19:44",10304100
9.64,0.01,1000,"sd","14:19:43",10303600
9.64,0.01,800,"sd","14:19:38",10302600
9.64,0.01,200,"sd","14:19:38",10301800
9.65,0.02,1000,"bu","14:19:35",10301600
9.64,0.01,2000,"sd","14:19:30",10300600
9.65,0.02,800,"bu","14:19:22",10298600
9.64,0.01,100,"sd","14:19:21",10297800
9.64,0.01,1000,"sd","14:19:20",10297700
9.65,0.02,200,"bu","14:19:13",10296700
9.64,0.01,6000,"sd","14:19:13",10296500
9.64,0.01,300,"sd","14:19:11",10290500
9.64,0.01,200,"sd","14:19:05",10290200
9.65,0.02,800,"bu","14:18:51",10290000
9.64,0.01,200,"sd","14:18:50",10289200
9.64,0.01,2800,"sd","14:18:50",10289000
9.65,0.02,400,"bu","14:18:47",10286200
9.64,0.01,400,"sd","14:18:45",10285800
9.64,0.01,400,"sd","14:18:45",10285400
9.65,0.02,500,"bu","14:18:39",10285000
9.65,0.02,1500,"bu","14:18:36",10284500
9.65,0.02,5000,"bu","14:18:34",10283000
9.65,0.02,800,"bu","14:18:20",10278000
9.64,0.01,6400,"sd","14:18:10",10277200
9.64,0.01,7000,"sd","14:18:10",10270800
9.64,0.01,2000,"sd","14:18:10",10263800
9.64,0.01,100,"sd","14:18:10",10261800
9.64,0.01,3000,"sd","14:18:10",10261700
9.64,0.01,1500,"sd","14:18:10",10258700
9.64,0.01,200,"sd","14:18:08",10257200
9.64,0.01,200,"sd","14:18:03",10257000
9.64,0.01,600,"sd","14:18:03",10256800
9.64,0.01,200,"sd","14:18:03",10256200
9.65,0.02,900,"bu","14:17:48",10256000
9.65,0.02,2200,"bu","14:17:47",10255100
9.65,0.02,2000,"bu","14:17:47",10252900
9.65,0.02,1000,"bu","14:17:47",10250900
9.65,0.02,4800,"bu","14:17:47",10249900
9.65,0.02,100,"bu","14:17:47",10245100
9.64,0.01,300,"sd","14:17:47",10245000
9.65,0.02,100,"bu","14:17:46",10244700
9.64,0.01,500,"sd","14:17:45",10244600
9.65,0.02,2000,"bu","14:17:31",10244100
9.64,0.01,3000,"bu","14:17:23",10242100
9.65,0.02,800,"bu","14:17:18",10239100
9.63,0,100,"sd","14:17:18",10238300
9.63,0,10900,"sd","14:17:14",10238200
9.63,0,100,"sd","14:17:14",10227300
9.63,0,1000,"sd","14:17:14",10227200
9.63,0,5000,"sd","14:17:14",10226200
9.63,0,3000,"sd","14:17:14",10221200
9.63,0,1000,"sd","14:17:12",10218200
9.63,0,10000,"sd","14:17:12",10217200
9.64,0.01,100,"sd","14:17:12",10207200
9.63,0,1000,"sd","14:17:12",10207100
9.64,0.01,2000,"sd","14:17:12",10206100
9.63,0,1000,"sd","14:17:12",10204100
9.64,0.01,500,"sd","14:17:12",10203100
9.63,0,2000,"sd","14:17:12",10202600
9.64,0.01,600,"sd","14:17:12",10200600
9.63,0,2000,"sd","14:17:12",10200000
9.64,0.01,2200,"sd","14:17:12",10198000
9.64,0.01,100,"sd","14:17:12",10195800
9.64,0.01,2000,"sd","14:17:12",10195700
9.64,0.01,1000,"sd","14:17:12",10193700
9.64,0.01,300,"sd","14:17:12",10192700
9.64,0.01,2000,"sd","14:17:12",10192400
9.64,0.01,2000,"sd","14:17:12",10190400
9.64,0.01,100,"sd","14:17:12",10188400
9.64,0.01,100,"sd","14:17:12",10188300
9.65,0.02,800,"bu","14:16:47",10188200
9.64,0.01,500,"sd","14:16:47",10187400
9.64,0.01,500,"sd","14:16:44",10186900
9.64,0.01,100,"sd","14:16:39",10186400
9.64,0.01,2300,"sd","14:16:27",10186300
9.65,0.02,400,"bu","14:16:25",10184000
9.65,0.02,500,"bu","14:16:25",10183600
9.65,0.02,900,"bu","14:16:25",10183100
9.65,0.02,100,"bu","14:16:24",10182200
9.65,0.02,2000,"bu","14:16:24",10182100
9.65,0.02,500,"bu","14:16:24",10180100
9.65,0.02,300,"bu","14:16:24",10179600
9.65,0.02,1100,"bu","14:16:24",10179300
9.64,0.01,1000,"sd","14:16:24",10178200
9.65,0.02,8900,"bu","14:16:24",10177200
9.65,0.02,1100,"bu","14:16:24",10168300
9.65,0.02,400,"bu","14:16:16",10167200
9.65,0.02,400,"bu","14:16:16",10166800
9.65,0.02,200,"bu","14:16:07",10166400
9.64,0.01,200,"sd","14:16:07",10166200
9.64,0.01,500,"sd","14:16:07",10166000
9.64,0.01,300,"sd","14:16:07",10165500
9.64,0.01,1000,"sd","14:16:07",10165200
9.64,0.01,100,"sd","14:16:04",10164200
9.65,0.02,800,"bu","14:15:43",10164100
9.64,0.01,1000,"sd","14:15:38",10163300
9.64,0.01,500,"sd","14:15:38",10162300
9.65,0.02,100,"bu","14:15:34",10161800
9.65,0.02,200,"bu","14:15:24",10161700
9.64,0.01,300,"bu","14:15:13",10161500
9.64,0.01,200,"bu","14:15:13",10161200
9.64,0.01,800,"bu","14:15:13",10161000
9.64,0.01,100,"bu","14:14:57",10160200
9.64,0.01,400,"bu","14:14:56",10160100
9.64,0.01,200,"sd","14:14:54",10159700
9.64,0.01,100,"sd","14:14:54",10159500
9.65,0.02,200,"bu","14:14:54",10159400
9.64,0.01,800,"sd","14:14:54",10159200
9.64,0.01,3200,"sd","14:14:54",10158400
9.64,0.01,300,"sd","14:14:52",10155200
9.64,0.01,300,"sd","14:14:46",10154900
9.64,0.01,500,"sd","14:14:45",10154600
9.64,0.01,600,"sd","14:14:45",10154100
9.64,0.01,100,"bu","14:14:40",10153500
9.64,0.01,500,"bu","14:14:35",10153400
9.64,0.01,5000,"bu","14:14:30",10152900
9.64,0.01,100,"bu","14:14:30",10147900
9.64,0.01,500,"sd","14:14:27",10147800
9.64,0.01,1000,"sd","14:14:27",10147300
9.64,0.01,3000,"sd","14:14:27",10146300
9.64,0.01,1000,"sd","14:14:27",10143300
9.64,0.01,1200,"sd","14:14:27",10142300
9.64,0.01,7600,"sd","14:14:27",10141100
9.64,0.01,1400,"sd","14:14:23",10133500
9.64,0.01,1000,"bu","14:14:19",10132100
9.64,0.01,100,"sd","14:14:14",10131100
9.64,0.01,900,"sd","14:14:14",10131000
9.64,0.01,100,"sd","14:14:14",10130100
9.64,0.01,900,"sd","14:14:14",10130000
9.64,0.01,300,"bu","14:14:07",10129100
9.64,0.01,200,"bu","14:14:07",10128800
9.64,0.01,600,"bu","14:14:07",10128600
9.64,0.01,400,"bu","14:14:03",10128000
9.64,0.01,100,"bu","14:14:03",10127600
9.64,0.01,500,"bu","14:14:03",10127500
9.64,0.01,500,"bu","14:14:02",10127000
9.64,0.01,1000,"bu","14:13:59",10126500
9.64,0.01,3000,"bu","14:13:55",10125500
9.64,0.01,2000,"bu","14:13:52",10122500
9.64,0.01,200,"bu","14:13:48",10120500
9.64,0.01,2800,"bu","14:13:39",10120300
9.64,0.01,500,"bu","14:13:39",10117500
9.64,0.01,500,"bu","14:13:39",10117000
9.64,0.01,1200,"bu","14:13:39",10116500
9.64,0.01,800,"bu","14:13:36",10115300
9.63,0,100,"sd","14:13:30",10114500
9.63,0,200,"sd","14:13:30",10114400
9.64,0.01,200,"bu","14:13:25",10114200
9.64,0.01,100,"bu","14:13:24",10114000
9.64,0.01,100,"bu","14:13:22",10113900
9.64,0.01,3200,"bu","14:13:21",10113800
9.63,0,1300,"sd","14:13:16",10110600
9.64,0.01,700,"bu","14:13:16",10109300
9.64,0.01,100,"sd","14:13:13",10108600
9.64,0.01,1900,"bu","14:13:06",10108500
9.64,0.01,800,"bu","14:13:04",10106600
9.63,0,500,"sd","14:12:49",10105800
9.64,0.01,1200,"bu","14:12:47",10105300
9.64,0.01,100,"bu","14:12:46",10104100
9.64,0.01,400,"bu","14:12:42",10104000
9.64,0.01,100,"sd","14:12:42",10103600
9.64,0.01,500,"sd","14:12:42",10103500
9.64,0.01,500,"bu","14:12:34",10103000
9.64,0.01,900,"bu","14:12:31",10102500
9.64,0.01,1000,"bu","14:12:29",10101600
9.64,0.01,200,"bu","14:12:27",10100600
9.64,0.01,1500,"bu","14:12:26",10100400
9.64,0.01,900,"bu","14:12:26",10098900
9.64,0.01,8100,"sd","14:12:25",10098000
9.64,0.01,1000,"bu","14:12:21",10089900
9.64,0.01,3000,"bu","14:12:19",10088900
9.64,0.01,5400,"sd","14:12:18",10085900
9.64,0.01,200,"sd","14:12:18",10080500
9.64,0.01,100,"sd","14:12:18",10080300
9.64,0.01,600,"sd","14:12:18",10080200
9.64,0.01,1000,"sd","14:12:18",10079600
9.64,0.01,2000,"sd","14:12:18",10078600
9.64,0.01,500,"sd","14:12:18",10076600
9.64,0.01,1000,"sd","14:12:18",10076100
9.64,0.01,1000,"sd","14:12:18",10075100
9.64,0.01,100,"sd","14:12:18",10074100
9.64,0.01,100,"sd","14:12:18",10074000
9.65,0.02,2000,"bu","14:12:18",10073900
9.65,0.02,800,"bu","14:12:00",10071900
9.65,0.02,300,"sd","14:11:48",10071100
9.65,0.02,100,"sd","14:11:44",10070800
9.65,0.02,100,"sd","14:11:38",10070700
9.65,0.02,200,"sd","14:11:38",10070600
9.65,0.02,500,"bu","14:11:32",10070400
9.65,0.02,2000,"bu","14:11:32",10069900
9.65,0.02,1600,"bu","14:11:32",10067900
9.65,0.02,800,"bu","14:11:29",10066300
9.65,0.02,2600,"bu","14:11:26",10065500
9.65,0.02,2000,"bu","14:11:26",10062900
9.65,0.02,200,"bu","14:11:17",10060900
9.65,0.02,100,"sd","14:11:16",10060700
9.65,0.02,2700,"sd","14:11:16",10060600
9.65,0.02,300,"sd","14:11:08",10057900
9.65,0.02,400,"sd","14:11:08",10057600
9.65,0.02,1600,"sd","14:11:07",10057200
9.65,0.02,500,"sd","14:11:02",10055600
9.66,0.03,900,"bu","14:10:56",10055100
9.66,0.03,100,"bu","14:10:42",10054200
9.66,0.03,100,"bu","14:10:42",10054100
9.65,0.02,10000,"sd","14:10:42",10054000
9.66,0.03,1000,"bu","14:10:24",10044000
9.66,0.03,800,"bu","14:10:24",10043000
9.65,0.02,17900,"sd","14:10:20",10042200
9.65,0.02,100,"sd","14:10:20",10024300
9.66,0.03,3000,"sd","14:10:20",10024200
9.66,0.03,1500,"sd","14:10:20",10021200
9.66,0.03,400,"sd","14:10:19",10019700
9.66,0.03,200,"sd","14:10:19",10019300
9.66,0.03,2400,"sd","14:10:19",10019100
9.66,0.03,2000,"sd","14:10:15",10016700
9.66,0.03,300,"sd","14:10:12",10014700
9.66,0.03,300,"sd","14:10:03",10014400
9.66,0.03,700,"sd","14:10:03",10014100
9.66,0.03,100,"sd","14:09:53",10013400
9.66,0.03,900,"sd","14:09:53",10013300
9.67,0.04,900,"bu","14:09:51",10012400
9.66,0.03,1000,"sd","14:09:47",10011500
9.66,0.03,2000,"sd","14:09:46",10010500
9.66,0.03,500,"sd","14:09:45",10008500
9.66,0.03,1000,"sd","14:09:35",10008000
9.66,0.03,4600,"sd","14:09:31",10007000
9.66,0.03,400,"sd","14:09:31",10002400
9.66,0.03,1000,"sd","14:09:24",10002000
9.66,0.03,200,"sd","14:09:24",10001000
9.67,0.04,800,"bu","14:09:21",10000800
9.66,0.03,1000,"bu","14:09:19",10000000
9.66,0.03,2000,"bu","14:09:19",9999000
9.66,0.03,1000,"bu","14:09:19",9997000
9.66,0.03,500,"bu","14:09:19",9996000
9.66,0.03,2000,"bu","14:09:19",9995500
9.66,0.03,1700,"bu","14:09:19",9993500
9.66,0.03,100,"bu","14:09:19",9991800
9.66,0.03,100,"bu","14:09:19",9991700
9.65,0.02,1000,"sd","14:09:19",9991600
9.65,0.02,3000,"sd","14:09:19",9990600
9.65,0.02,5000,"sd","14:09:19",9987600
9.65,0.02,30000,"sd","14:09:19",9982600
9.65,0.02,1000,"sd","14:09:19",9952600
9.65,0.02,1000,"sd","14:09:19",9951600
9.65,0.02,9000,"sd","14:09:19",9950600
9.66,0.03,100,"bu","14:09:01",9941600
9.66,0.03,1000,"bu","14:09:00",9941500
9.66,0.03,800,"bu","14:08:51",9940500
9.65,0.02,500,"sd","14:08:48",9939700
9.66,0.03,500,"bu","14:08:46",9939200
9.66,0.03,1000,"bu","14:08:43",9938700
9.66,0.03,300,"bu","14:08:42",9937700
9.66,0.03,2700,"bu","14:08:42",9937400
9.66,0.03,500,"bu","14:08:37",9934700
9.66,0.03,500,"bu","14:08:34",9934200
9.66,0.03,1300,"bu","14:08:30",9933700
9.66,0.03,1200,"bu","14:08:30",9932400
9.66,0.03,1500,"bu","14:08:30",9931200
9.66,0.03,200,"bu","14:08:26",9929700
9.66,0.03,500,"bu","14:08:26",9929500
9.65,0.02,300,"sd","14:08:25",9929000
9.66,0.03,2800,"bu","14:08:24",9928700
9.66,0.03,2000,"bu","14:08:24",9925900
9.66,0.03,100,"bu","14:08:24",9923900
9.66,0.03,100,"bu","14:08:24",9923800
9.66,0.03,100,"bu","14:08:23",9923700
9.66,0.03,800,"bu","14:08:20",9923600
9.66,0.03,200,"bu","14:08:13",9922800
9.65,0.02,100,"sd","14:08:04",9922600
9.65,0.02,100,"sd","14:08:02",9922500
9.65,0.02,1000,"sd","14:08:02",9922400
9.66,0.03,100,"bu","14:08:01",9921400
9.66,0.03,2000,"bu","14:07:53",9921300
9.66,0.03,800,"bu","14:07:49",9919300
9.66,0.03,1000,"bu","14:07:33",9918500
9.66,0.03,1000,"bu","14:07:30",9917500
9.66,0.03,700,"bu","14:07:28",9916500
9.66,0.03,4100,"bu","14:07:28",9915800
9.66,0.03,9300,"bu","14:07:28",9911700
9.66,0.03,200,"bu","14:07:28",9902400
9.66,0.03,500,"bu","14:07:28",9902200
9.66,0.03,200,"bu","14:07:28",9901700
9.66,0.03,5000,"bu","14:07:28",9901500
9.66,0.03,200,"bu","14:07:28",9896500
9.66,0.03,2000,"bu","14:07:28",9896300
9.66,0.03,1500,"bu","14:07:28",9894300
9.66,0.03,100,"bu","14:07:28",9892800
9.66,0.03,200,"bu","14:07:28",9892700
9.66,0.03,800,"bu","14:07:17",9892500
9.64,0.01,4600,"sd","14:07:15",9891700
9.64,0.01,5000,"sd","14:07:15",9887100
9.64,0.01,1000,"sd","14:07:15",9882100
9.64,0.01,2000,"sd","14:07:15",9881100
9.64,0.01,1000,"sd","14:07:15",9879100
9.64,0.01,100,"sd","14:07:15",9878100
9.64,0.01,100,"sd","14:07:15",9878000
9.65,0.02,300,"sd","14:07:15",9877900
9.64,0.01,2000,"sd","14:07:15",9877600
9.64,0.01,10000,"sd","14:07:15",9875600
9.64,0.01,2000,"sd","14:07:15",9865600
9.64,0.01,1000,"sd","14:07:15",9863600
9.64,0.01,500,"sd","14:07:15",9862600
9.64,0.01,3800,"sd","14:07:15",9862100
9.65,0.02,2000,"sd","14:07:15",9858300
9.65,0.02,10000,"sd","14:07:15",9856300
9.65,0.02,1000,"sd","14:07:15",9846300
9.65,0.02,700,"sd","14:07:14",9845300
9.65,0.02,2000,"sd","14:07:14",9844600
9.65,0.02,900,"sd","14:07:14",9842600
9.65,0.02,100,"sd","14:07:08",9841700
9.66,0.03,9900,"bu","14:07:00",9841600
9.66,0.03,100,"bu","14:07:00",9831700
9.65,0.02,1000,"sd","14:07:00",9831600
9.65,0.02,500,"sd","14:06:56",9830600
9.65,0.02,100,"bu","14:06:54",9830100
9.65,0.02,1500,"bu","14:06:54",9830000
9.65,0.02,1000,"bu","14:06:54",9828500
9.65,0.02,200,"bu","14:06:54",9827500
9.65,0.02,1000,"bu","14:06:54",9827300
9.65,0.02,500,"bu","14:06:54",9826300
9.65,0.02,100,"bu","14:06:54",9825800
9.65,0.02,1000,"bu","14:06:54",9825700
9.65,0.02,1000,"bu","14:06:54",9824700
9.65,0.02,1000,"bu","14:06:54",9823700
9.65,0.02,2500,"bu","14:06:54",9822700
9.65,0.02,200,"bu","14:06:54",9820200
9.65,0.02,1000,"bu","14:06:54",9820000
9.65,0.02,100,"bu","14:06:54",9819000
9.65,0.02,3900,"bu","14:06:54",9818900
9.65,0.02,2100,"bu","14:06:54",9815000
9.65,0.02,900,"bu","14:06:54",9812900
9.65,0.02,600,"bu","14:06:49",9812000
9.65,0.02,2000,"bu","14:06:49",9811400
9.65,0.02,100,"bu","14:06:49",9809400
9.65,0.02,900,"bu","14:06:49",9809300
9.65,0.02,300,"bu","14:06:49",9808400
9.65,0.02,1000,"bu","14:06:49",9808100
9.65,0.02,500,"bu","14:06:49",9807100
9.65,0.02,200,"bu","14:06:49",9806600
9.65,0.02,200,"bu","14:06:49",9806400
9.65,0.02,200,"bu","14:06:49",9806200
9.65,0.02,300,"bu","14:06:45",9806000
9.65,0.02,500,"bu","14:06:45",9805700
9.65,0.02,700,"bu","14:06:43",9805200
9.65,0.02,1500,"bu","14:06:43",9804500
9.65,0.02,700,"bu","14:06:43",9803000
9.65,0.02,300,"bu","14:06:40",9802300
9.65,0.02,1000,"bu","14:06:40",9802000
9.65,0.02,1000,"bu","14:06:38",9801000
9.65,0.02,100,"bu","14:06:38",9800000
9.65,0.02,3000,"bu","14:06:38",9799900
9.65,0.02,600,"bu","14:06:38",9796900
9.65,0.02,300,"bu","14:06:38",9796300
9.65,0.02,1000,"bu","14:06:38",9796000
9.65,0.02,1000,"bu","14:06:33",9795000
9.65,0.02,700,"bu","14:06:24",9794000
9.65,0.02,1300,"bu","14:06:24",9793300
9.65,0.02,18700,"bu","14:06:22",9792000
9.65,0.02,200,"bu","14:06:22",9773300
9.65,0.02,5000,"bu","14:06:22",9773100
9.65,0.02,800,"bu","14:06:22",9768100
9.65,0.02,3000,"bu","14:06:22",9767300
9.65,0.02,1000,"bu","14:06:22",9764300
9.65,0.02,1300,"bu","14:06:22",9763300
9.65,0.02,2500,"bu","14:06:19",9762000
9.65,0.02,800,"bu","14:06:14",9759500
9.65,0.02,200,"bu","14:06:04",9758700
9.65,0.02,4000,"bu","14:05:54",9758500
9.65,0.02,800,"bu","14:05:43",9754500
9.64,0.01,2000,"sd","14:05:31",9753700
9.64,0.01,1400,"sd","14:05:27",9751700
9.65,0.02,1000,"bu","14:05:17",9750300
9.64,0.01,2800,"sd","14:05:16",9749300
9.64,0.01,2000,"sd","14:05:16",9746500
9.64,0.01,1300,"sd","14:05:16",9744500
9.65,0.02,800,"bu","14:05:11",9743200
9.64,0.01,400,"sd","14:04:59",9742400
9.64,0.01,100,"sd","14:04:59",9742000
9.64,0.01,400,"sd","14:04:59",9741900
9.64,0.01,600,"sd","14:04:50",9741500
9.64,0.01,400,"sd","14:04:50",9740900
9.64,0.01,600,"sd","14:04:47",9740500
9.64,0.01,500,"sd","14:04:47",9739900
9.65,0.02,500,"bu","14:04:46",9739400
9.65,0.02,1000,"bu","14:04:45",9738900
9.65,0.02,800,"bu","14:04:40",9737900
9.65,0.02,1000,"bu","14:04:33",9737100
9.65,0.02,100,"bu","14:04:32",9736100
9.65,0.02,2000,"bu","14:04:30",9736000
9.65,0.02,200,"bu","14:04:20",9734000
9.65,0.02,100,"bu","14:04:18",9733800
9.65,0.02,1000,"bu","14:04:15",9733700
9.65,0.02,800,"bu","14:04:09",9732700
9.64,0.01,200,"sd","14:04:06",9731900
9.64,0.01,300,"bu","14:04:00",9731700
9.63,0,100,"sd","14:03:58",9731400
9.64,0.01,100,"bu","14:03:57",9731300
9.64,0.01,200,"sd","14:03:47",9731200
9.64,0.01,100,"sd","14:03:47",9731000
9.64,0.01,600,"sd","14:03:47",9730900
9.64,0.01,200,"bu","14:03:39",9730300
9.64,0.01,200,"bu","14:03:38",9730100
9.63,0,2000,"sd","14:03:36",9729900
9.63,0,100,"sd","14:03:36",9727900
9.63,0,900,"sd","14:03:36",9727800
9.64,0.01,100,"bu","14:03:35",9726900
9.63,0,1000,"sd","14:03:28",9726800
9.64,0.01,200,"sd","14:03:28",9725800
9.63,0,300,"sd","14:03:12",9725600
9.63,0,1000,"sd","14:03:12",9725300
9.63,0,2000,"sd","14:03:12",9724300
9.63,0,5000,"sd","14:03:12",9722300
9.63,0,100,"sd","14:03:12",9717300
9.63,0,5000,"sd","14:03:12",9717200
9.63,0,200,"sd","14:03:12",9712200
9.63,0,200,"sd","14:03:12",9712000
9.63,0,11300,"sd","14:03:12",9711800
9.63,0,100,"sd","14:03:12",9700500
9.63,0,100,"sd","14:03:12",9700400
9.63,0,5000,"sd","14:03:12",9700300
9.63,0,1000,"sd","14:03:12",9695300
9.63,0,1100,"sd","14:03:12",9694300
9.63,0,800,"sd","14:03:12",9693200
9.63,0,200,"sd","14:03:12",9692400
9.63,0,1600,"sd","14:03:12",9692200
9.64,0.01,1000,"sd","14:03:12",9690600
9.64,0.01,100,"sd","14:03:12",9689600
9.63,0,3100,"sd","14:03:12",9689500
9.63,0,300,"sd","14:03:12",9686400
9.64,0.01,5300,"sd","14:03:12",9686100
9.64,0.01,100,"sd","14:03:12",9680800
9.63,0,14000,"sd","14:03:12",9680700
9.64,0.01,100,"sd","14:03:12",9666700
9.63,0,20000,"sd","14:03:12",9666600
9.63,0,4500,"sd","14:03:12",9646600
9.64,0.01,500,"sd","14:03:12",9642100
9.63,0,1000,"sd","14:03:12",9641600
9.64,0.01,5000,"sd","14:03:12",9640600
9.63,0,5000,"sd","14:03:12",9635600
9.63,0,1400,"sd","14:03:12",9630600
9.64,0.01,1700,"sd","14:03:12",9629200
9.63,0,800,"sd","14:03:12",9627500
9.63,0,200,"sd","14:03:12",9626700
9.63,0,400,"sd","14:03:12",9626500
9.63,0,500,"sd","14:03:12",9626100
9.65,0.02,800,"bu","14:03:06",9625600
9.64,0.01,1000,"sd","14:03:03",9624800
9.65,0.02,100,"bu","14:02:58",9623800
9.64,0.01,200,"bu","14:02:53",9623700
9.64,0.01,1000,"bu","14:02:53",9623500
9.64,0.01,9400,"bu","14:02:53",9622500
9.64,0.01,500,"bu","14:02:52",9613100
9.63,0,300,"sd","14:02:51",9612600
9.63,0,100,"sd","14:02:51",9612300
9.63,0,100,"sd","14:02:51",9612200
9.63,0,200,"sd","14:02:51",9612100
9.63,0,300,"sd","14:02:51",9611900
9.64,0.01,100,"bu","14:02:36",9611600
9.64,0.01,800,"bu","14:02:35",9611500
9.64,0.01,600,"bu","14:02:33",9610700
9.64,0.01,5000,"sd","14:02:27",9610100
9.64,0.01,1000,"sd","14:02:27",9605100
9.64,0.01,1000,"sd","14:02:27",9604100
9.64,0.01,500,"sd","14:02:27",9603100
9.64,0.01,1000,"sd","14:02:27",9602600
9.64,0.01,600,"sd","14:02:27",9601600
9.64,0.01,500,"sd","14:02:27",9601000
9.64,0.01,500,"sd","14:02:27",9600500
9.64,0.01,200,"sd","14:02:27",9600000
9.64,0.01,500,"sd","14:02:27",9599800
9.64,0.01,300,"sd","14:02:27",9599300
9.64,0.01,7500,"sd","14:02:27",9599000
9.64,0.01,100,"sd","14:02:08",9591500
9.65,0.02,200,"bu","14:02:04",9591400
9.65,0.02,600,"bu","14:02:04",9591200
9.64,0.01,200,"sd","14:01:51",9590600
9.65,0.02,1000,"bu","14:01:50",9590400
9.65,0.02,1000,"bu","14:01:38",9589400
9.64,0.01,1000,"sd","14:01:34",9588400
9.64,0.01,1200,"sd","14:01:33",9587400
9.64,0.01,100,"sd","14:01:33",9586200
9.64,0.01,500,"sd","14:01:33",9586100
9.64,0.01,1200,"sd","14:01:33",9585600
9.64,0.01,1000,"sd","14:01:32",9584400
9.65,0.02,900,"bu","14:01:31",9583400
9.64,0.01,800,"sd","14:01:25",9582500
9.64,0.01,200,"sd","14:01:25",9581700
9.64,0.01,1000,"sd","14:01:25",9581500
9.64,0.01,100,"sd","14:01:20",9580500
9.64,0.01,200,"sd","14:01:09",9580400
9.64,0.01,2600,"sd","14:01:09",9580200
9.65,0.02,900,"bu","14:00:59",9577600
9.64,0.01,1300,"sd","14:00:46",9576700
9.64,0.01,500,"sd","14:00:46",9575400
9.64,0.01,100,"sd","14:00:46",9574900
9.64,0.01,1100,"sd","14:00:46",9574800
9.64,0.01,300,"sd","14:00:46",9573700
9.64,0.01,400,"sd","14:00:46",9573400
9.64,0.01,2400,"sd","14:00:46",9573000
9.64,0.01,7000,"sd","14:00:44",9570600
9.65,0.02,1800,"bu","14:00:44",9563600
9.65,0.02,1600,"bu","14:00:39",9561800
9.64,0.01,10600,"sd","14:00:38",9560200
9.64,0.01,1000,"sd","14:00:38",9549600
9.64,0.01,200,"sd","14:00:38",9548600
9.64,0.01,4000,"sd","14:00:38",9548400
9.64,0.01,9200,"sd","14:00:38",9544400
9.64,0.01,800,"sd","14:00:34",9535200
9.64,0.01,2200,"sd","14:00:34",9534400
9.64,0.01,300,"sd","14:00:28",9532200
9.65,0.02,800,"bu","14:00:28",9531900
9.64,0.01,200,"sd","14:00:23",9531100
9.65,0.02,1000,"bu","14:00:23",9530900
9.64,0.01,500,"sd","14:00:16",9529900
9.65,0.02,500,"bu","14:00:11",9529400
9.64,0.01,1800,"sd","14:00:07",9528900
9.64,0.01,200,"sd","14:00:07",9527100
9.65,0.02,400,"bu","14:00:03",9526900
9.65,0.02,500,"bu","13:59:55",9526500
9.65,0.02,400,"bu","13:59:55",9526000
9.64,0.01,2500,"sd","13:59:45",9525600
9.64,0.01,500,"sd","13:59:31",9523100
9.64,0.01,1400,"sd","13:59:30",9522600
9.64,0.01,1800,"sd","13:59:30",9521200
9.64,0.01,100,"sd","13:59:30",9519400
9.64,0.01,1500,"sd","13:59:30",9519300
9.64,0.01,100,"sd","13:59:30",9517800
9.64,0.01,100,"sd","13:59:30",9517700
9.65,0.02,800,"bu","13:59:23",9517600
9.64,0.01,100,"sd","13:59:20",9516800
9.64,0.01,500,"sd","13:59:20",9516700
9.64,0.01,2000,"sd","13:59:20",9516200
9.64,0.01,1800,"sd","13:59:19",9514200
9.64,0.01,1000,"sd","13:59:19",9512400
9.64,0.01,100,"sd","13:59:19",9511400
9.64,0.01,100,"sd","13:59:19",9511300
9.64,0.01,900,"sd","13:59:19",9511200
9.64,0.01,1000,"sd","13:59:19",9510300
9.64,0.01,2000,"sd","13:59:19",9509300
9.64,0.01,100,"sd","13:59:19",9507300
9.64,0.01,500,"sd","13:59:19",9507200
9.64,0.01,500,"sd","13:59:12",9506700
9.64,0.01,500,"sd","13:59:12",9506200
9.65,0.02,100,"bu","13:58:55",9505700
9.64,0.01,1500,"sd","13:58:54",9505600
9.64,0.01,500,"sd","13:58:54",9504100
9.64,0.01,100,"sd","13:58:54",9503600
9.64,0.01,1900,"sd","13:58:54",9503500
9.65,0.02,800,"bu","13:58:52",9501600
9.65,0.02,500,"bu","13:58:49",9500800
9.64,0.01,1100,"sd","13:58:29",9500300
9.64,0.01,1200,"sd","13:58:29",9499200
9.65,0.02,2000,"bu","13:58:24",9498000
9.65,0.02,800,"bu","13:58:22",9496000
9.64,0.01,300,"sd","13:58:18",9495200
9.64,0.01,500,"sd","13:58:18",9494900
9.64,0.01,2000,"bu","13:58:14",9494400
9.64,0.01,8000,"bu","13:58:14",9492400
9.64,0.01,2000,"bu","13:58:14",9484400
9.64,0.01,100,"bu","13:58:04",9482400
9.64,0.01,1000,"bu","13:58:04",9482300
9.64,0.01,300,"bu","13:57:59",9481300
9.64,0.01,1000,"bu","13:57:59",9481000
9.64,0.01,200,"bu","13:57:59",9480000
9.64,0.01,2000,"bu","13:57:59",9479800
9.64,0.01,200,"bu","13:57:59",9477800
9.64,0.01,5000,"bu","13:57:59",9477600
9.64,0.01,400,"bu","13:57:59",9472600
9.64,0.01,900,"bu","13:57:59",9472200
9.63,0,200,"sd","13:57:57",9471300
9.64,0.01,600,"bu","13:57:55",9471100
9.63,0,500,"sd","13:57:54",9470500
9.64,0.01,500,"bu","13:57:49",9470000
9.64,0.01,400,"bu","13:57:49",9469500
9.63,0,200,"sd","13:57:41",9469100
9.63,0,500,"sd","13:57:41",9468900
9.63,0,500,"sd","13:57:41",9468400
9.63,0,5000,"bu","13:57:28",9467900
9.63,0,800,"bu","13:57:28",9462900
9.63,0,3000,"bu","13:57:28",9462100
9.63,0,500,"bu","13:57:28",9459100
9.63,0,500,"bu","13:57:28",9458600
9.63,0,10000,"bu","13:57:23",9458100
9.63,0,500,"bu","13:57:21",9448100
9.63,0,400,"bu","13:57:20",9447600
9.63,0,5000,"bu","13:57:20",9447200
9.63,0,10000,"bu","13:57:18",9442200
9.63,0,800,"bu","13:57:17",9432200
9.63,0,100,"bu","13:57:16",9431400
9.63,0,1000,"bu","13:57:13",9431300
9.63,0,700,"bu","13:57:12",9430300
9.63,0,500,"bu","13:57:10",9429600
9.63,0,9500,"bu","13:57:10",9429100
9.63,0,100,"bu","13:57:10",9419600
9.63,0,100,"bu","13:57:09",9419500
9.63,0,2000,"bu","13:57:08",9419400
9.63,0,300,"bu","13:57:07",9417400
9.63,0,1000,"bu","13:57:07",9417100
9.63,0,100,"bu","13:57:07",9416100
9.63,0,300,"sd","13:57:07",9416000
9.63,0,400,"sd","13:57:07",9415700
9.63,0,100,"sd","13:57:07",9415300
9.63,0,200,"sd","13:57:04",9415200
9.63,0,100,"sd","13:57:02",9415000
9.63,0,500,"unknown","13:57:01",9414900
9.63,0,900,"unknown","13:57:01",9414400
9.63,0,100,"bu","13:57:01",9413500
9.63,0,100,"bu","13:57:01",9413400
9.63,0,200,"bu","13:56:59",9413300
9.63,0,1000,"bu","13:56:59",9413100
9.63,0,400,"bu","13:56:58",9412100
9.63,0,5000,"bu","13:56:58",9411700
9.63,0,100,"sd","13:56:56",9406700
9.63,0,2000,"sd","13:56:56",9406600
9.63,0,1000,"sd","13:56:56",9404600
9.63,0,200,"sd","13:56:56",9403600
9.63,0,1000,"sd","13:56:53",9403400
9.63,0,2000,"sd","13:56:48",9402400
9.63,0,1000,"sd","13:56:48",9400400
9.63,0,2000,"sd","13:56:48",9399400
9.63,0,200,"sd","13:56:48",9397400
9.63,0,100,"sd","13:56:48",9397200
9.63,0,500,"sd","13:56:48",9397100
9.63,0,100,"sd","13:56:48",9396600
9.63,0,2800,"sd","13:56:48",9396500
9.63,0,1200,"sd","13:56:48",9393700
9.63,0,1100,"sd","13:56:48",9392500
9.63,0,1800,"sd","13:56:46",9391400
9.64,0.01,800,"bu","13:56:45",9389600
9.63,0,100,"sd","13:56:39",9388800
9.63,0,100,"bu","13:56:32",9388700
9.63,0,6900,"bu","13:56:32",9388600
9.63,0,1000,"bu","13:56:30",9381700
9.63,0,2200,"bu","13:56:29",9380700
9.63,0,1800,"bu","13:56:29",9378500
9.63,0,1800,"bu","13:56:28",9376700
9.63,0,1200,"bu","13:56:28",9374900
9.63,0,5000,"bu","13:56:28",9373700
9.63,0,500,"bu","13:56:28",9368700
9.63,0,1000,"bu","13:56:28",9368200
9.63,0,200,"bu","13:56:27",9367200
9.63,0,100,"sd","13:56:26",9367000
9.63,0,500,"sd","13:56:24",9366900
9.64,0.01,2000,"bu","13:56:22",9366400
9.62,-0.01,600,"sd","13:56:22",9364400
9.62,-0.01,100,"sd","13:56:22",9363800
9.62,-0.01,300,"sd","13:56:22",9363700
9.62,-0.01,500,"sd","13:56:22",9363400
9.62,-0.01,500,"sd","13:56:22",9362900
9.63,0,300,"sd","13:56:22",9362400
9.62,-0.01,1000,"sd","13:56:22",9362100
9.63,0,100,"sd","13:56:22",9361100
9.62,-0.01,1200,"sd","13:56:22",9361000
9.62,-0.01,3000,"sd","13:56:22",9359800
9.62,-0.01,500,"sd","13:56:22",9356800
9.63,0,200,"sd","13:56:22",9356300
9.63,0,500,"sd","13:56:22",9356100
9.63,0,1000,"sd","13:56:22",9355600
9.63,0,3000,"sd","13:56:22",9354600
9.63,0,100,"sd","13:56:22",9351600
9.63,0,100,"sd","13:56:21",9351500
9.63,0,400,"sd","13:56:21",9351400
9.63,0,400,"sd","13:56:21",9351000
9.63,0,100,"sd","13:56:21",9350600
9.64,0.01,2000,"bu","13:56:17",9350500
9.63,0,400,"sd","13:56:17",9348500
9.63,0,100,"sd","13:56:17",9348100
9.63,0,100,"sd","13:56:17",9348000
9.63,0,100,"sd","13:56:17",9347900
9.63,0,300,"sd","13:56:17",9347800
9.63,0,1000,"sd","13:56:15",9347500
9.63,0,200,"sd","13:56:14",9346500
9.64,0.01,800,"bu","13:56:14",9346300
9.63,0,1000,"sd","13:56:13",9345500
9.63,0,500,"sd","13:56:13",9344500
9.64,0.01,1000,"bu","13:56:13",9344000
9.63,0,200,"sd","13:56:12",9343000
9.63,0,100,"sd","13:56:12",9342800
9.63,0,4000,"sd","13:56:12",9342700
9.63,0,100,"sd","13:56:12",9338700
9.63,0,1000,"sd","13:56:12",9338600
9.63,0,2000,"sd","13:56:12",9337600
9.63,0,3000,"sd","13:56:12",9335600
9.63,0,1000,"sd","13:56:12",9332600
9.63,0,2000,"sd","13:56:12",9331600
9.63,0,100,"sd","13:56:12",9329600
9.63,0,500,"sd","13:56:12",9329500
9.63,0,300,"sd","13:56:12",9329000
9.63,0,200,"sd","13:56:12",9328700
9.63,0,200,"sd","13:56:12",9328500
9.63,0,1000,"sd","13:56:12",9328300
9.63,0,100,"sd","13:56:12",9327300
9.63,0,500,"sd","13:56:12",9327200
9.63,0,4000,"sd","13:56:12",9326700
9.63,0,5000,"sd","13:56:12",9322700
9.63,0,1000,"sd","13:56:12",9317700
9.63,0,6000,"sd","13:56:12",9316700
9.63,0,2000,"sd","13:56:12",9310700
9.63,0,30000,"sd","13:56:12",9308700
9.63,0,1000,"sd","13:56:12",9278700
9.63,0,500,"sd","13:56:12",9277700
9.63,0,200,"sd","13:56:12",9277200
9.63,0,200,"sd","13:56:12",9277000
9.63,0,300,"sd","13:56:12",9276800
9.63,0,10000,"sd","13:56:12",9276500
9.63,0,100,"sd","13:56:12",9266500
9.63,0,1000,"sd","13:56:12",9266400
9.63,0,200,"sd","13:56:12",9265400
9.63,0,1000,"sd","13:56:12",9265200
9.63,0,1500,"sd","13:56:12",9264200
9.63,0,2000,"sd","13:56:12",9262700
9.63,0,300,"sd","13:56:12",9260700
9.63,0,2000,"sd","13:56:12",9260400
9.63,0,2000,"sd","13:56:12",9258400
9.63,0,10000,"sd","13:56:12",9256400
9.63,0,5000,"sd","13:56:12",9246400
9.63,0,100,"sd","13:56:12",9241400
9.63,0,100,"sd","13:56:12",9241300
9.63,0,100,"sd","13:56:12",9241200
9.63,0,1000,"sd","13:56:12",9241100
9.63,0,2000,"sd","13:56:12",9240100
9.63,0,200,"sd","13:56:12",9238100
9.63,0,10000,"sd","13:56:11",9237900
9.63,0,2000,"sd","13:56:11",9227900
9.63,0,32900,"sd","13:56:11",9225900
9.63,0,1000,"sd","13:56:09",9193000
9.63,0,1000,"sd","13:56:07",9192000
9.64,0.01,300,"bu","13:56:07",9191000
9.63,0,100,"sd","13:56:03",9190700
9.63,0,200,"sd","13:56:00",9190600
9.63,0,4000,"sd","13:56:00",9190400
9.63,0,300,"sd","13:55:55",9186400
9.63,0,900,"sd","13:55:54",9186100
9.63,0,100,"sd","13:55:54",9185200
9.63,0,600,"sd","13:55:54",9185100
9.63,0,100,"sd","13:55:54",9184500
9.63,0,10500,"sd","13:55:54",9184400
9.63,0,30000,"sd","13:55:54",9173900
9.63,0,200,"sd","13:55:54",9143900
9.63,0,100,"sd","13:55:54",9143700
9.63,0,300,"sd","13:55:54",9143600
9.63,0,200,"sd","13:55:54",9143300
9.63,0,200,"sd","13:55:54",9143100
9.63,0,2000,"sd","13:55:54",9142900
9.63,0,200,"sd","13:55:54",9140900
9.63,0,2100,"sd","13:55:54",9140700
9.63,0,500,"sd","13:55:54",9138600
9.63,0,5000,"sd","13:55:54",9138100
9.63,0,1000,"sd","13:55:54",9133100
9.63,0,1000,"sd","13:55:54",9132100
9.63,0,100,"sd","13:55:54",9131100
9.63,0,500,"sd","13:55:54",9131000
9.63,0,2400,"sd","13:55:54",9130500
9.63,0,1500,"sd","13:55:51",9128100
9.64,0.01,800,"bu","13:55:43",9126600
9.64,0.01,500,"bu","13:55:37",9125800
9.64,0.01,200,"bu","13:55:37",9125300
9.63,0,5000,"sd","13:55:37",9125100
9.64,0.01,5000,"bu","13:55:34",9120100
9.64,0.01,200,"bu","13:55:30",9115100
9.64,0.01,300,"sd","13:55:28",9114900
9.64,0.01,100,"sd","13:55:28",9114600
9.64,0.01,200,"sd","13:55:28",9114500
9.64,0.01,2000,"sd","13:55:28",9114300
9.64,0.01,1000,"sd","13:55:28",9112300
9.64,0.01,100,"sd","13:55:28",9111300
9.64,0.01,300,"sd","13:55:28",9111200
9.64,0.01,100,"sd","13:55:28",9110900
9.64,0.01,300,"sd","13:55:28",9110800
9.64,0.01,200,"sd","13:55:28",9110500
9.64,0.01,500,"sd","13:55:26",9110300
9.64,0.01,1300,"sd","13:55:23",9109800
9.64,0.01,1000,"sd","13:55:23",9108500
9.64,0.01,200,"sd","13:55:23",9107500
9.64,0.01,500,"sd","13:55:23",9107300
9.64,0.01,300,"sd","13:55:23",9106800
9.64,0.01,300,"sd","13:55:22",9106500
9.65,0.02,1700,"bu","13:55:21",9106200
9.64,0.01,900,"sd","13:55:19",9104500
9.64,0.01,2000,"sd","13:55:19",9103600
9.64,0.01,2000,"sd","13:55:19",9101600
9.64,0.01,100,"sd","13:55:19",9099600
9.64,0.01,5000,"sd","13:55:19",9099500
9.64,0.01,1000,"sd","13:55:13",9094500
9.64,0.01,500,"sd","13:55:13",9093500
9.65,0.02,800,"bu","13:55:13",9093000
9.65,0.02,200,"bu","13:55:08",9092200
9.65,0.02,700,"bu","13:55:08",9092000
9.65,0.02,1000,"bu","13:55:07",9091300
9.65,0.02,100,"sd","13:55:06",9090300
9.65,0.02,1000,"sd","13:55:06",9090200
9.65,0.02,100,"sd","13:55:06",9089200
9.65,0.02,4000,"sd","13:55:06",9089100
9.65,0.02,2700,"sd","13:55:06",9085100
9.65,0.02,3000,"sd","13:55:06",9082400
9.65,0.02,10000,"sd","13:55:05",9079400
9.65,0.02,200,"sd","13:55:03",9069400
9.65,0.02,1000,"sd","13:55:03",9069200
9.65,0.02,300,"sd","13:55:03",9068200
9.65,0.02,100,"sd","13:55:03",9067900
9.65,0.02,2000,"sd","13:55:02",9067800
9.65,0.02,1000,"sd","13:55:02",9065800
9.65,0.02,100,"sd","13:55:02",9064800
9.65,0.02,37200,"sd","13:55:02",9064700
9.65,0.02,100,"sd","13:55:02",9027500
9.65,0.02,1800,"sd","13:55:02",9027400
9.65,0.02,500,"sd","13:55:02",9025600
9.65,0.02,100,"sd","13:55:02",9025100
9.65,0.02,1200,"sd","13:55:02",9025000
9.65,0.02,1000,"sd","13:55:02",9023800
9.65,0.02,1000,"sd","13:55:02",9022800
9.65,0.02,200,"sd","13:55:02",9021800
9.65,0.02,500,"sd","13:55:02",9021600
9.65,0.02,100,"sd","13:55:02",9021100
9.65,0.02,700,"sd","13:55:02",9021000
9.65,0.02,26000,"sd","13:55:02",9020300
9.65,0.02,2000,"sd","13:55:02",8994300
9.65,0.02,1000,"sd","13:55:02",8992300
9.65,0.02,100,"sd","13:55:02",8991300
9.65,0.02,15400,"sd","13:55:02",8991200
9.65,0.02,400,"sd","13:55:01",8975800
9.65,0.02,4000,"sd","13:54:58",8975400
9.65,0.02,100,"sd","13:54:56",8971400
9.65,0.02,100,"sd","13:54:56",8971300
9.65,0.02,100,"sd","13:54:56",8971200
9.65,0.02,1000,"sd","13:54:56",8971100
9.65,0.02,300,"sd","13:54:56",8970100
9.65,0.02,1000,"sd","13:54:56",8969800
9.65,0.02,500,"sd","13:54:56",8968800
9.65,0.02,1500,"sd","13:54:56",8968300
9.65,0.02,100,"sd","13:54:56",8966800
9.65,0.02,400,"sd","13:54:56",8966700
9.66,0.03,400,"bu","13:54:52",8966300
9.65,0.02,400,"sd","13:54:51",8965900
9.65,0.02,100,"sd","13:54:50",8965500
9.65,0.02,1000,"sd","13:54:50",8965400
9.65,0.02,100,"sd","13:54:50",8964400
9.65,0.02,1000,"sd","13:54:50",8964300
9.65,0.02,1000,"sd","13:54:50",8963300
9.65,0.02,10000,"sd","13:54:50",8962300
9.65,0.02,100,"sd","13:54:50",8952300
9.65,0.02,200,"sd","13:54:50",8952200
9.65,0.02,3000,"sd","13:54:50",8952000
9.65,0.02,185900,"sd","13:54:50",8949000
9.65,0.02,2000,"sd","13:54:50",8763100
9.65,0.02,3000,"sd","13:54:50",8761100
9.65,0.02,22000,"sd","13:54:50",8758100
9.65,0.02,500,"sd","13:54:50",8736100
9.65,0.02,10000,"sd","13:54:50",8735600
9.65,0.02,4200,"sd","13:54:50",8725600
9.65,0.02,200,"sd","13:54:50",8721400
9.65,0.02,1000,"sd","13:54:50",8721200
9.65,0.02,300,"sd","13:54:50",8720200
9.65,0.02,200,"sd","13:54:50",8719900
9.65,0.02,300,"sd","13:54:50",8719700
9.65,0.02,4000,"sd","13:54:50",8719400
9.65,0.02,2000,"sd","13:54:50",8715400
9.65,0.02,7900,"sd","13:54:50",8713400
9.65,0.02,1000,"sd","13:54:50",8705500
9.65,0.02,700,"sd","13:54:50",8704500
9.65,0.02,100,"sd","13:54:50",8703800
9.65,0.02,4800,"sd","13:54:50",8703700
9.65,0.02,200,"sd","13:54:50",8698900
9.65,0.02,1000,"sd","13:54:50",8698700
9.65,0.02,200,"sd","13:54:50",8697700
9.65,0.02,1000,"sd","13:54:50",8697500
9.65,0.02,20000,"sd","13:54:50",8696500
9.65,0.02,1000,"sd","13:54:50",8676500
9.66,0.03,100,"bu","13:54:50",8675500
9.65,0.02,500,"sd","13:54:48",8675400
9.66,0.03,800,"bu","13:54:41",8674900
9.66,0.03,1000,"bu","13:54:40",8674100
9.65,0.02,4000,"sd","13:54:39",8673100
9.65,0.02,7600,"sd","13:54:38",8669100
9.65,0.02,1000,"sd","13:54:38",8661500
9.65,0.02,3000,"sd","13:54:38",8660500
9.65,0.02,22100,"sd","13:54:38",8657500
9.66,0.03,200,"bu","13:54:35",8635400
9.66,0.03,1000,"bu","13:54:33",8635200
9.65,0.02,4000,"sd","13:54:26",8634200
9.65,0.02,600,"sd","13:54:23",8630200
9.66,0.03,100,"bu","13:54:22",8629600
9.66,0.03,500,"bu","13:54:20",8629500
9.66,0.03,1000,"bu","13:54:18",8629000
9.66,0.03,700,"bu","13:54:12",8628000
9.66,0.03,800,"bu","13:54:10",8627300
9.66,0.03,200,"bu","13:53:53",8626500
9.65,0.02,1000,"sd","13:53:50",8626300
9.65,0.02,10000,"sd","13:53:47",8625300
9.65,0.02,400,"sd","13:53:45",8615300
9.66,0.03,800,"bu","13:53:39",8614900
9.65,0.02,900,"sd","13:53:39",8614100
9.66,0.03,400,"bu","13:53:35",8613200
9.66,0.03,1000,"bu","13:53:34",8612800
9.66,0.03,1000,"bu","13:53:26",8611800
9.66,0.03,400,"bu","13:53:24",8610800
9.66,0.03,1000,"sd","13:53:15",8610400
9.66,0.03,4000,"sd","13:53:15",8609400
9.66,0.03,1000,"sd","13:53:15",8605400
9.66,0.03,1000,"sd","13:53:15",8604400
9.66,0.03,2000,"sd","13:53:15",8603400
9.66,0.03,200,"sd","13:53:15",8601400
9.66,0.03,2000,"sd","13:53:15",8601200
9.66,0.03,1400,"sd","13:53:15",8599200
9.66,0.03,300,"sd","13:53:15",8597800
9.66,0.03,1000,"sd","13:53:15",8597500
9.66,0.03,2900,"sd","13:53:15",8596500
9.66,0.03,200,"sd","13:53:15",8593600
9.66,0.03,43000,"sd","13:53:15",8593400
9.66,0.03,200,"sd","13:53:15",8550400
9.66,0.03,200,"sd","13:53:15",8550200
9.66,0.03,2000,"sd","13:53:15",8550000
9.66,0.03,1300,"sd","13:53:15",8548000
9.66,0.03,1000,"sd","13:53:15",8546700
9.66,0.03,1000,"sd","13:53:15",8545700
9.66,0.03,1000,"sd","13:53:15",8544700
9.66,0.03,1000,"sd","13:53:15",8543700
9.66,0.03,1000,"sd","13:53:15",8542700
9.66,0.03,5000,"sd","13:53:09",8541700
9.66,0.03,10300,"sd","13:53:07",8536700
9.66,0.03,5700,"sd","13:53:07",8526400
9.67,0.04,800,"bu","13:53:07",8520700
9.66,0.03,200,"sd","13:53:02",8519900
9.67,0.04,1600,"bu","13:52:58",8519700
9.67,0.04,1400,"bu","13:52:58",8518100
9.66,0.03,4000,"sd","13:52:54",8516700
9.66,0.03,300,"sd","13:52:53",8512700
9.67,0.04,3000,"bu","13:52:45",8512400
9.67,0.04,400,"bu","13:52:39",8509400
9.67,0.04,100,"bu","13:52:37",8509000
9.67,0.04,800,"bu","13:52:35",8508900
9.66,0.03,5800,"sd","13:52:33",8508100
9.66,0.03,500,"sd","13:52:33",8502300
9.66,0.03,1000,"sd","13:52:33",8501800
9.66,0.03,13900,"sd","13:52:33",8500800
9.66,0.03,100,"sd","13:52:33",8486900
9.66,0.03,1000,"sd","13:52:33",8486800
9.66,0.03,100,"sd","13:52:33",8485800
9.66,0.03,7600,"sd","13:52:33",8485700
9.66,0.03,200,"sd","13:52:28",8478100
9.66,0.03,1000,"sd","13:52:28",8477900
9.66,0.03,2000,"sd","13:52:28",8476900
9.66,0.03,1000,"sd","13:52:28",8474900
9.66,0.03,3500,"sd","13:52:28",8473900
9.66,0.03,100,"sd","13:52:28",8470400
9.66,0.03,12300,"sd","13:52:28",8470300
9.66,0.03,100,"sd","13:52:27",8458000
9.66,0.03,400,"sd","13:52:05",8457900
9.66,0.03,500,"sd","13:52:05",8457500
9.66,0.03,600,"sd","13:52:05",8457000
9.67,0.04,800,"bu","13:52:03",8456400
9.67,0.04,2000,"bu","13:51:53",8455600
9.67,0.04,1000,"bu","13:51:51",8453600
9.67,0.04,500,"bu","13:51:50",8452600
9.67,0.04,100,"sd","13:51:49",8452100
9.67,0.04,1000,"bu","13:51:41",8452000
9.67,0.04,200,"bu","13:51:41",8451000
9.67,0.04,700,"bu","13:51:41",8450800
9.67,0.04,100,"bu","13:51:34",8450100
9.67,0.04,200,"bu","13:51:34",8450000
9.68,0.05,800,"bu","13:51:33",8449800
9.66,0.03,1400,"sd","13:51:32",8449000
9.66,0.03,900,"sd","13:51:32",8447600
9.66,0.03,500,"sd","13:51:32",8446700
9.66,0.03,1000,"sd","13:51:32",8446200
9.66,0.03,500,"sd","13:51:32",8445200
9.66,0.03,100,"sd","13:51:32",8444700
9.66,0.03,5100,"sd","13:51:32",8444600
9.67,0.04,500,"sd","13:51:32",8439500
9.67,0.04,1500,"sd","13:51:31",8439000
9.67,0.04,700,"sd","13:51:31",8437500
9.67,0.04,200,"sd","13:51:24",8436800
9.67,0.04,600,"sd","13:51:22",8436600
9.67,0.04,400,"sd","13:51:22",8436000
9.67,0.04,500,"bu","13:51:14",8435600
9.67,0.04,6000,"bu","13:51:13",8435100
9.67,0.04,3500,"bu","13:51:11",8429100
9.67,0.04,1500,"bu","13:51:11",8425600
9.67,0.04,500,"bu","13:51:00",8424100
9.67,0.04,400,"bu","13:51:00",8423600
9.66,0.03,300,"sd","13:50:53",8423200
9.67,0.04,9600,"bu","13:50:45",8422900
9.67,0.04,400,"bu","13:50:45",8413300
9.67,0.04,1100,"bu","13:50:38",8412900
9.67,0.04,600,"bu","13:50:36",8411800
9.67,0.04,1000,"bu","13:50:35",8411200
9.67,0.04,1000,"bu","13:50:32",8410200
9.67,0.04,900,"bu","13:50:27",8409200
9.66,0.03,17700,"sd","13:50:20",8408300
9.66,0.03,500,"sd","13:50:20",8390600
9.66,0.03,4900,"sd","13:50:20",8390100
9.66,0.03,100,"sd","13:50:20",8385200
9.66,0.03,100,"sd","13:50:20",8385100
9.66,0.03,100,"sd","13:50:20",8385000
9.66,0.03,1700,"sd","13:50:20",8384900
9.66,0.03,1000,"sd","13:50:20",8383200
9.66,0.03,300,"sd","13:50:20",8382200
9.66,0.03,500,"sd","13:50:20",8381900
9.66,0.03,5000,"sd","13:50:20",8381400
9.66,0.03,5000,"sd","13:50:20",8376400
9.66,0.03,26300,"sd","13:50:20",8371400
9.67,0.04,5000,"sd","13:50:20",8345100
9.67,0.04,200,"sd","13:50:20",8340100
9.67,0.04,100,"sd","13:50:20",8339900
9.67,0.04,4000,"sd","13:50:20",8339800
9.67,0.04,2000,"sd","13:50:20",8335800
9.67,0.04,3000,"sd","13:50:20",8333800
9.67,0.04,2500,"sd","13:50:20",8330800
9.67,0.04,500,"sd","13:50:15",8328300
9.67,0.04,100,"sd","13:50:15",8327800
9.67,0.04,100,"sd","13:50:13",8327700
9.67,0.04,100,"sd","13:50:13",8327600
9.67,0.04,300,"sd","13:50:13",8327500
9.67,0.04,400,"sd","13:50:10",8327200
9.67,0.04,1000,"sd","13:50:10",8326800
9.67,0.04,1000,"sd","13:50:10",8325800
9.67,0.04,900,"sd","13:50:10",8324800
9.67,0.04,1000,"sd","13:50:10",8323900
9.67,0.04,200,"sd","13:50:10",8322900
9.67,0.04,5500,"sd","13:50:10",8322700
9.67,0.04,300,"sd","13:50:03",8317200
9.67,0.04,100,"sd","13:49:58",8316900
9.68,0.05,800,"bu","13:49:56",8316800
9.67,0.04,1500,"sd","13:49:44",8316000
9.67,0.04,200,"sd","13:49:44",8314500
9.67,0.04,100,"sd","13:49:32",8314300
9.67,0.04,1000,"sd","13:49:29",8314200
9.67,0.04,2000,"sd","13:49:27",8313200
9.68,0.05,800,"bu","13:49:25",8311200
9.67,0.04,2100,"sd","13:49:21",8310400
9.67,0.04,1000,"sd","13:49:05",8308300
9.68,0.05,200,"bu","13:49:05",8307300
9.67,0.04,100,"sd","13:49:01",8307100
9.67,0.04,100,"sd","13:48:58",8307000
9.68,0.05,200,"bu","13:48:58",8306900
9.67,0.04,1000,"sd","13:48:53",8306700
9.68,0.05,900,"bu","13:48:52",8305700
9.68,0.05,100,"bu","13:48:49",8304800
9.67,0.04,1000,"sd","13:48:49",8304700
9.67,0.04,200,"sd","13:48:47",8303700
9.67,0.04,100,"sd","13:48:43",8303500
9.67,0.04,500,"sd","13:48:41",8303400
9.67,0.04,5000,"sd","13:48:33",8302900
9.67,0.04,100,"sd","13:48:23",8297900
9.68,0.05,800,"bu","13:48:20",8297800
9.67,0.04,10000,"bu","13:47:56",8297000
9.67,0.04,5000,"bu","13:47:56",8287000
9.67,0.04,300,"bu","13:47:56",8282000
9.67,0.04,800,"bu","13:47:48",8281700
9.67,0.04,500,"bu","13:47:44",8280900
9.67,0.04,100,"bu","13:47:44",8280400
9.67,0.04,100,"bu","13:47:44",8280300
9.67,0.04,200,"bu","13:47:44",8280200
9.67,0.04,2800,"sd","13:47:30",8280000
9.67,0.04,6000,"sd","13:47:30",8277200
9.67,0.04,100,"sd","13:47:30",8271200
9.67,0.04,300,"sd","13:47:30",8271100
9.67,0.04,400,"sd","13:47:30",8270800
9.67,0.04,1000,"sd","13:47:30",8270400
9.67,0.04,100,"sd","13:47:30",8269400
9.67,0.04,1000,"sd","13:47:30",8269300
9.67,0.04,300,"sd","13:47:30",8268300
9.67,0.04,500,"sd","13:47:20",8268000
9.68,0.05,800,"bu","13:47:17",8267500
9.67,0.04,200,"sd","13:47:14",8266700
9.67,0.04,600,"sd","13:47:07",8266500
9.67,0.04,100,"sd","13:47:07",8265900
9.67,0.04,1000,"sd","13:47:07",8265800
9.67,0.04,500,"sd","13:47:07",8264800
9.67,0.04,700,"sd","13:47:07",8264300
9.67,0.04,2100,"sd","13:47:07",8263600
9.68,0.05,2000,"bu","13:46:53",8261500
9.68,0.05,900,"bu","13:46:45",8259500
9.67,0.04,1000,"sd","13:46:37",8258600
9.68,0.05,200,"bu","13:46:34",8257600
9.68,0.05,500,"bu","13:46:18",8257400
9.68,0.05,800,"bu","13:46:13",8256900
9.67,0.04,1900,"sd","13:46:08",8256100
9.67,0.04,100,"sd","13:46:08",8254200
9.67,0.04,2600,"sd","13:46:08",8254100
9.67,0.04,200,"sd","13:46:04",8251500
9.67,0.04,500,"sd","13:46:04",8251300
9.67,0.04,300,"sd","13:46:04",8250800
9.68,0.05,100,"bu","13:45:58",8250500
9.67,0.04,200,"sd","13:45:47",8250400
9.67,0.04,200,"sd","13:45:47",8250200
9.68,0.05,800,"bu","13:45:42",8250000
9.67,0.04,1000,"sd","13:45:35",8249200
9.67,0.04,200,"sd","13:45:33",8248200
9.68,0.05,1000,"bu","13:45:31",8248000
9.67,0.04,500,"sd","13:45:17",8247000
9.68,0.05,400,"bu","13:45:13",8246500
9.67,0.04,200,"sd","13:45:12",8246100
9.68,0.05,200,"bu","13:45:10",8245900
9.68,0.05,800,"bu","13:45:09",8245700
9.68,0.05,200,"bu","13:44:54",8244900
9.68,0.05,2000,"bu","13:44:50",8244700
9.67,0.04,200,"sd","13:44:49",8242700
9.68,0.05,900,"bu","13:44:47",8242500
9.68,0.05,800,"bu","13:44:37",8241600
9.67,0.04,200,"sd","13:44:29",8240800
9.67,0.04,100,"sd","13:44:26",8240600
9.67,0.04,5000,"sd","13:44:20",8240500
9.68,0.05,900,"bu","13:44:04",8235500
9.67,0.04,1000,"sd","13:43:54",8234600
9.67,0.04,2000,"sd","13:43:43",8233600
9.67,0.04,1500,"sd","13:43:39",8231600
9.67,0.04,100,"bu","13:43:38",8230100
9.67,0.04,5000,"bu","13:43:38",8230000
9.67,0.04,2800,"bu","13:43:38",8225000
9.67,0.04,500,"bu","13:43:35",8222200
9.67,0.04,800,"bu","13:43:32",8221700
9.67,0.04,100,"bu","13:43:28",8220900
9.67,0.04,1000,"bu","13:43:27",8220800
9.66,0.03,3700,"sd","13:43:24",8219800
9.66,0.03,100,"sd","13:43:24",8216100
9.66,0.03,1200,"sd","13:43:24",8216000
9.67,0.04,400,"bu","13:43:22",8214800
9.67,0.04,100,"bu","13:43:20",8214400
9.67,0.04,100,"bu","13:43:20",8214300
9.67,0.04,500,"bu","13:43:15",8214200
9.67,0.04,1600,"bu","13:43:13",8213700
9.67,0.04,500,"bu","13:43:13",8212100
9.67,0.04,400,"bu","13:43:09",8211600
9.66,0.03,1000,"sd","13:43:07",8211200
9.66,0.03,100,"sd","13:43:07",8210200
9.67,0.04,1000,"bu","13:43:07",8210100
9.66,0.03,300,"sd","13:43:07",8209100
9.66,0.03,100,"sd","13:43:07",8208800
9.66,0.03,500,"sd","13:43:07",8208700
9.67,0.04,100,"sd","13:43:03",8208200
9.67,0.04,1000,"sd","13:43:03",8208100
9.67,0.04,1000,"sd","13:43:03",8207100
9.67,0.04,500,"sd","13:43:01",8206100
9.67,0.04,2000,"sd","13:43:01",8205600
9.68,0.05,800,"bu","13:43:00",8203600
9.67,0.04,4500,"sd","13:42:57",8202800
9.67,0.04,200,"sd","13:42:57",8198300
9.67,0.04,300,"sd","13:42:57",8198100
9.67,0.04,300,"sd","13:42:56",8197800
9.67,0.04,100,"bu","13:42:45",8197500
9.67,0.04,300,"bu","13:42:45",8197400
9.67,0.04,2000,"bu","13:42:43",8197100
9.67,0.04,1400,"bu","13:42:41",8195100
9.66,0.03,3000,"sd","13:42:39",8193700
9.66,0.03,1000,"sd","13:42:39",8190700
9.66,0.03,1000,"sd","13:42:39",8189700
9.67,0.04,200,"bu","13:42:35",8188700
9.67,0.04,500,"bu","13:42:34",8188500
9.67,0.04,600,"bu","13:42:33",8188000
9.67,0.04,400,"bu","13:42:33",8187400
9.67,0.04,800,"bu","13:42:29",8187000
9.66,0.03,5000,"sd","13:42:19",8186200
9.67,0.04,400,"bu","13:42:14",8181200
9.67,0.04,2600,"bu","13:42:14",8180800
9.67,0.04,500,"sd","13:42:12",8178200
9.67,0.04,100,"sd","13:42:12",8177700
9.67,0.04,1000,"sd","13:42:12",8177600
9.67,0.04,500,"sd","13:42:12",8176600
9.67,0.04,300,"sd","13:42:12",8176100
9.67,0.04,1000,"sd","13:42:07",8175800
9.67,0.04,1900,"sd","13:42:02",8174800
9.67,0.04,100,"sd","13:42:02",8172900
9.68,0.05,800,"bu","13:41:56",8172800
9.67,0.04,900,"sd","13:41:35",8172000
9.67,0.04,600,"sd","13:41:35",8171100
9.67,0.04,1400,"sd","13:41:31",8170500
9.67,0.04,100,"sd","13:41:31",8169100
9.67,0.04,500,"sd","13:41:31",8169000
9.68,0.05,800,"bu","13:41:23",8168500
9.67,0.04,200,"sd","13:41:14",8167700
9.67,0.04,1600,"sd","13:41:12",8167500
9.67,0.04,500,"bu","13:41:10",8165900
9.67,0.04,200,"bu","13:41:10",8165400
9.67,0.04,4000,"bu","13:41:10",8165200
9.67,0.04,1000,"bu","13:41:06",8161200
9.67,0.04,200,"bu","13:40:58",8160200
9.67,0.04,300,"bu","13:40:58",8160000
9.67,0.04,100,"bu","13:40:58",8159700
9.67,0.04,100,"bu","13:40:56",8159600
9.67,0.04,100,"bu","13:40:55",8159500
9.67,0.04,100,"bu","13:40:53",8159400
9.67,0.04,100,"bu","13:40:53",8159300
9.67,0.04,1000,"bu","13:40:52",8159200
9.67,0.04,800,"bu","13:40:52",8158200
9.66,0.03,2200,"sd","13:40:48",8157400
9.66,0.03,300,"sd","13:40:48",8155200
9.67,0.04,500,"bu","13:40:48",8154900
9.67,0.04,4800,"bu","13:40:48",8154400
9.67,0.04,200,"bu","13:40:48",8149600
9.67,0.04,100,"bu","13:40:46",8149400
9.67,0.04,100,"bu","13:40:46",8149300
9.67,0.04,4900,"bu","13:40:46",8149200
9.67,0.04,2000,"bu","13:40:46",8144300
9.67,0.04,1400,"bu","13:40:46",8142300
9.67,0.04,1700,"bu","13:40:46",8140900
9.66,0.03,800,"sd","13:40:42",8139200
9.66,0.03,900,"sd","13:40:42",8138400
9.66,0.03,1100,"sd","13:40:42",8137500
9.66,0.03,700,"sd","13:40:35",8136400
9.66,0.03,1000,"sd","13:40:29",8135700
9.67,0.04,1000,"bu","13:40:28",8134700
9.67,0.04,800,"bu","13:40:25",8133700
9.67,0.04,100,"bu","13:40:20",8132900
9.66,0.03,2000,"sd","13:40:19",8132800
9.67,0.04,800,"bu","13:40:19",8130800
9.67,0.04,2600,"bu","13:40:13",8130000
9.67,0.04,1400,"bu","13:40:13",8127400
9.67,0.04,1000,"bu","13:40:12",8126000
9.67,0.04,400,"bu","13:40:09",8125000
9.67,0.04,7200,"bu","13:40:07",8124600
9.67,0.04,1000,"bu","13:40:07",8117400
9.67,0.04,500,"bu","13:40:07",8116400
9.67,0.04,1300,"bu","13:40:07",8115900
9.67,0.04,1000,"bu","13:40:07",8114600
9.67,0.04,300,"bu","13:40:07",8113600
9.67,0.04,10000,"bu","13:40:07",8113300
9.67,0.04,2200,"bu","13:40:07",8103300
9.67,0.04,10000,"bu","13:40:07",8101100
9.67,0.04,1200,"bu","13:40:07",8091100
9.66,0.03,1000,"sd","13:40:07",8089900
9.66,0.03,500,"sd","13:40:04",8088900
9.67,0.04,500,"bu","13:40:00",8088400
9.66,0.03,3700,"sd","13:39:57",8087900
9.66,0.03,200,"sd","13:39:57",8084200
9.66,0.03,500,"sd","13:39:57",8084000
9.66,0.03,600,"sd","13:39:57",8083500
9.66,0.03,300,"sd","13:39:52",8082900
9.67,0.04,800,"bu","13:39:47",8082600
9.66,0.03,200,"sd","13:39:46",8081800
9.66,0.03,10000,"sd","13:39:43",8081600
9.66,0.03,1800,"sd","13:39:37",8071600
9.66,0.03,800,"sd","13:39:37",8069800
9.66,0.03,300,"sd","13:39:37",8069000
9.66,0.03,1000,"sd","13:39:37",8068700
9.66,0.03,300,"sd","13:39:37",8067700
9.66,0.03,2800,"sd","13:39:37",8067400
9.67,0.04,300,"bu","13:39:34",8064600
9.67,0.04,200,"bu","13:39:28",8064300
9.67,0.04,1800,"bu","13:39:28",8064100
9.66,0.03,2200,"sd","13:39:15",8062300
9.66,0.03,300,"sd","13:39:15",8060100
9.67,0.04,800,"bu","13:39:15",8059800
9.67,0.04,300,"bu","13:39:14",8059000
9.67,0.04,500,"bu","13:39:13",8058700
9.66,0.03,500,"sd","13:39:10",8058200
9.66,0.03,500,"sd","13:39:10",8057700
9.66,0.03,4000,"sd","13:39:07",8057200
9.66,0.03,500,"sd","13:39:03",8053200
9.66,0.03,1000,"sd","13:39:03",8052700
9.66,0.03,400,"sd","13:39:03",8051700
9.66,0.03,8100,"sd","13:39:03",8051300
9.66,0.03,300,"sd","13:39:02",8043200
9.67,0.04,200,"bu","13:38:58",8042900
9.66,0.03,3000,"sd","13:38:51",8042700
9.66,0.03,2000,"sd","13:38:50",8039700
9.67,0.04,1000,"bu","13:38:49",8037700
9.67,0.04,400,"bu","13:38:46",8036700
9.67,0.04,100,"bu","13:38:45",8036300
9.67,0.04,900,"bu","13:38:42",8036200
9.66,0.03,16600,"sd","13:38:32",8035300
9.66,0.03,5000,"sd","13:38:32",8018700
9.66,0.03,1000,"sd","13:38:32",8013700
9.66,0.03,500,"sd","13:38:32",8012700
9.66,0.03,1000,"sd","13:38:32",8012200
9.66,0.03,5000,"sd","13:38:32",8011200
9.66,0.03,10000,"sd","13:38:32",8006200
9.66,0.03,10000,"sd","13:38:32",7996200
9.66,0.03,1500,"sd","13:38:32",7986200
9.67,0.04,100,"sd","13:38:32",7984700
9.67,0.04,2000,"sd","13:38:32",7984600
9.67,0.04,5000,"sd","13:38:32",7982600
9.67,0.04,2300,"sd","13:38:32",7977600
9.67,0.04,2700,"sd","13:38:29",7975300
9.67,0.04,2300,"sd","13:38:29",7972600
9.67,0.04,1500,"sd","13:38:23",7970300
9.68,0.05,24300,"bu","13:38:19",7968800
9.67,0.04,4600,"sd","13:38:13",7944500
9.67,0.04,1000,"sd","13:38:13",7939900
9.67,0.04,300,"sd","13:38:13",7938900
9.67,0.04,1300,"sd","13:38:13",7938600
9.67,0.04,700,"sd","13:38:12",7937300
9.67,0.04,300,"sd","13:38:12",7936600
9.68,0.05,800,"bu","13:38:09",7936300
9.67,0.04,500,"sd","13:38:05",7935500
9.67,0.04,500,"sd","13:38:05",7935000
9.67,0.04,9500,"sd","13:38:04",7934500
9.67,0.04,100,"sd","13:38:04",7925000
9.67,0.04,3000,"sd","13:38:04",7924900
9.67,0.04,600,"sd","13:38:04",7921900
9.67,0.04,500,"sd","13:38:04",7921300
9.67,0.04,100,"sd","13:38:04",7920800
9.67,0.04,1000,"sd","13:38:04",7920700
9.67,0.04,2700,"sd","13:38:04",7919700
9.67,0.04,1000,"sd","13:38:04",7917000
9.67,0.04,1000,"sd","13:38:04",7916000
9.67,0.04,100,"sd","13:38:04",7915000
9.67,0.04,400,"sd","13:38:04",7914900
9.67,0.04,1000,"sd","13:38:03",7914500
9.67,0.04,600,"sd","13:37:54",7913500
9.67,0.04,1400,"sd","13:37:54",7912900
9.67,0.04,3000,"sd","13:37:53",7911500
9.67,0.04,2600,"sd","13:37:51",7908500
9.67,0.04,3000,"sd","13:37:51",7905900
9.67,0.04,1000,"sd","13:37:51",7902900
9.67,0.04,500,"sd","13:37:51",7901900
9.67,0.04,2900,"sd","13:37:51",7901400
9.67,0.04,1000,"sd","13:37:48",7898500
9.67,0.04,2000,"sd","13:37:45",7897500
9.68,0.05,1000,"bu","13:37:41",7895500
9.68,0.05,800,"bu","13:37:39",7894500
9.67,0.04,1000,"sd","13:37:36",7893700
9.68,0.05,100,"bu","13:37:33",7892700
9.68,0.05,100,"bu","13:37:28",7892600
9.68,0.05,1000,"sd","13:37:20",7892500
9.68,0.05,100,"sd","13:37:20",7891500
9.68,0.05,100,"sd","13:37:20",7891400
9.68,0.05,12000,"sd","13:37:20",7891300
9.68,0.05,200,"sd","13:37:20",7879300
9.68,0.05,13500,"sd","13:37:20",7879100
9.68,0.05,1000,"sd","13:37:20",7865600
9.68,0.05,500,"sd","13:37:20",7864600
9.68,0.05,400,"sd","13:37:20",7864100
9.68,0.05,2200,"sd","13:37:20",7863700
9.68,0.05,400,"sd","13:37:20",7861500
9.68,0.05,2000,"sd","13:37:20",7861100
9.68,0.05,1000,"sd","13:37:20",7859100
9.68,0.05,1000,"sd","13:37:20",7858100
9.68,0.05,1200,"sd","13:37:20",7857100
9.68,0.05,5800,"sd","13:37:20",7855900
9.68,0.05,5000,"sd","13:37:14",7850100
9.69,0.06,800,"bu","13:37:07",7845100
9.68,0.05,1000,"sd","13:37:06",7844300
9.68,0.05,200,"sd","13:36:58",7843300
9.68,0.05,5000,"sd","13:36:47",7843100
9.69,0.06,3000,"bu","13:36:43",7838100
9.69,0.06,800,"bu","13:36:35",7835100
9.69,0.06,200,"bu","13:36:33",7834300
9.69,0.06,100,"bu","13:36:33",7834100
9.69,0.06,400,"bu","13:36:33",7834000
9.68,0.05,100,"sd","13:36:25",7833600
9.69,0.06,100,"bu","13:36:18",7833500
9.69,0.06,6000,"bu","13:36:18",7833400
9.69,0.06,600,"bu","13:36:18",7827400
9.69,0.06,400,"bu","13:36:10",7826800
9.69,0.06,1500,"bu","13:36:03",7826400
9.68,0.05,300,"sd","13:36:03",7824900
9.69,0.06,800,"bu","13:36:02",7824600
9.68,0.05,4500,"sd","13:36:01",7823800
9.68,0.05,4000,"sd","13:35:56",7819300
9.68,0.05,5000,"sd","13:35:56",7815300
9.68,0.05,10000,"sd","13:35:48",7810300
9.68,0.05,7900,"sd","13:35:44",7800300
9.68,0.05,1300,"sd","13:35:44",7792400
9.69,0.06,800,"bu","13:35:30",7791100
9.68,0.05,400,"sd","13:35:27",7790300
9.68,0.05,2600,"sd","13:35:27",7789900
9.69,0.06,100,"bu","13:35:04",7787300
9.69,0.06,900,"bu","13:34:57",7787200
9.68,0.05,300,"sd","13:34:45",7786300
9.69,0.06,900,"bu","13:34:24",7786000
9.68,0.05,1000,"sd","13:34:02",7785100
9.69,0.06,900,"bu","13:33:51",7784100
9.68,0.05,2100,"sd","13:33:47",7783200
9.68,0.05,100,"sd","13:33:47",7781100
9.68,0.05,500,"sd","13:33:47",7781000
9.68,0.05,100,"sd","13:33:47",7780500
9.68,0.05,500,"sd","13:33:47",7780400
9.68,0.05,400,"sd","13:33:47",7779900
9.68,0.05,1500,"sd","13:33:47",7779500
9.69,0.06,200,"bu","13:33:44",7778000
9.69,0.06,500,"bu","13:33:42",7777800
9.69,0.06,4400,"bu","13:33:42",7777300
9.69,0.06,200,"bu","13:33:41",7772900
9.68,0.05,1000,"sd","13:33:36",7772700
9.69,0.06,1000,"bu","13:33:33",7771700
9.69,0.06,100,"bu","13:33:25",7770700
9.69,0.06,300,"bu","13:33:25",7770600
9.69,0.06,100,"bu","13:33:25",7770300
9.68,0.05,200,"sd","13:33:24",7770200
9.69,0.06,200,"bu","13:33:20",7770000
9.69,0.06,200,"bu","13:33:20",7769800
9.69,0.06,400,"bu","13:33:20",7769600
9.69,0.06,200,"bu","13:33:15",7769200
9.68,0.05,4300,"bu","13:33:00",7769000
9.68,0.05,100,"sd","13:32:58",7764700
9.69,0.06,1200,"bu","13:32:54",7764600
9.69,0.06,2800,"bu","13:32:54",7763400
9.69,0.06,200,"bu","13:32:48",7760600
9.69,0.06,600,"bu","13:32:48",7760400
9.69,0.06,2000,"bu","13:32:44",7759800
9.68,0.05,1000,"bu","13:32:44",7757800
9.68,0.05,1000,"unknown","13:32:39",7756800
9.68,0.05,1000,"sd","13:32:39",7755800
9.68,0.05,2200,"sd","13:32:39",7754800
9.68,0.05,200,"sd","13:32:39",7752600
9.68,0.05,2600,"sd","13:32:39",7752400
9.68,0.05,300,"sd","13:32:39",7749800
9.68,0.05,100,"sd","13:32:39",7749500
9.68,0.05,4000,"sd","13:32:39",7749400
9.68,0.05,400,"sd","13:32:39",7745400
9.68,0.05,100,"sd","13:32:39",7745000
9.68,0.05,1000,"sd","13:32:39",7744900
9.68,0.05,2000,"sd","13:32:39",7743900
9.68,0.05,1200,"sd","13:32:39",7741900
9.68,0.05,10000,"sd","13:32:39",7740700
9.68,0.05,100,"sd","13:32:39",7730700
9.68,0.05,500,"sd","13:32:39",7730600
9.68,0.05,100,"sd","13:32:39",7730100
9.68,0.05,200,"sd","13:32:39",7730000
9.69,0.06,1000,"bu","13:32:31",7729800
9.68,0.05,100,"sd","13:32:30",7728800
9.69,0.06,200,"bu","13:32:28",7728700
9.69,0.06,800,"bu","13:32:17",7728500
9.69,0.06,400,"bu","13:32:09",7727700
9.69,0.06,400,"bu","13:32:09",7727300
9.69,0.06,500,"bu","13:32:06",7726900
9.68,0.05,100,"sd","13:32:05",7726400
9.69,0.06,500,"bu","13:32:02",7726300
9.69,0.06,2000,"bu","13:32:01",7725800
9.69,0.06,500,"bu","13:31:52",7723800
9.68,0.05,200,"sd","13:31:48",7723300
9.68,0.05,400,"sd","13:31:47",7723100
9.68,0.05,700,"sd","13:31:47",7722700
9.69,0.06,100,"bu","13:31:46",7722000
9.69,0.06,700,"bu","13:31:46",7721900
9.69,0.06,100,"bu","13:31:32",7721200
9.69,0.06,200,"bu","13:31:30",7721100
9.69,0.06,3000,"bu","13:31:23",7720900
9.69,0.06,100,"bu","13:31:17",7717900
9.69,0.06,900,"bu","13:31:13",7717800
9.69,0.06,1000,"bu","13:31:10",7716900
9.69,0.06,600,"bu","13:31:10",7715900
9.69,0.06,5000,"bu","13:31:10",7715300
9.69,0.06,100,"bu","13:31:10",7710300
9.69,0.06,400,"bu","13:31:10",7710200
9.69,0.06,100,"sd","13:31:08",7709800
9.69,0.06,300,"sd","13:30:45",7709700
9.7,0.07,800,"bu","13:30:42",7709400
9.69,0.06,500,"bu","13:30:34",7708600
9.69,0.06,100,"bu","13:30:34",7708100
9.69,0.06,900,"bu","13:30:17",7708000
9.7,0.07,800,"bu","13:30:11",7707100
9.68,0.05,1000,"sd","13:30:01",7706300
9.68,0.05,1300,"sd","13:29:58",7705300
9.68,0.05,500,"sd","13:29:58",7704000
9.68,0.05,200,"sd","13:29:58",7703500
9.68,0.05,400,"bu","13:29:42",7703300
9.68,0.05,1000,"bu","13:29:41",7702900
9.68,0.05,800,"bu","13:29:39",7701900
9.68,0.05,2000,"bu","13:29:39",7701100
9.68,0.05,300,"sd","13:29:38",7699100
9.69,0.06,500,"unknown","13:29:38",7698800
9.68,0.05,700,"bu","13:29:36",7698300
9.68,0.05,300,"bu","13:29:36",7697600
9.7,0.07,300,"bu","13:29:27",7697300
9.7,0.07,400,"bu","13:29:27",7697000
9.7,0.07,2000,"bu","13:29:27",7696600
9.7,0.07,400,"bu","13:29:27",7694600
9.7,0.07,2000,"bu","13:29:27",7694200
9.7,0.07,1000,"bu","13:29:27",7692200
9.7,0.07,200,"bu","13:29:27",7691200
9.7,0.07,500,"bu","13:29:27",7691000
9.7,0.07,6300,"bu","13:29:27",7690500
9.7,0.07,10000,"bu","13:29:27",7684200
9.7,0.07,200,"bu","13:29:27",7674200
9.7,0.07,5000,"bu","13:29:27",7674000
9.7,0.07,1500,"bu","13:29:27",7669000
9.7,0.07,10000,"bu","13:29:27",7667500
9.7,0.07,4400,"bu","13:29:27",7657500
9.7,0.07,100,"bu","13:29:27",7653100
9.7,0.07,2000,"bu","13:29:27",7653000
9.7,0.07,10000,"bu","13:29:27",7651000
9.7,0.07,200,"bu","13:29:27",7641000
9.7,0.07,1400,"bu","13:29:27",7640800
9.7,0.07,500,"bu","13:29:27",7639400
9.7,0.07,500,"bu","13:29:27",7638900
9.69,0.06,10000,"bu","13:29:27",7638400
9.7,0.07,200,"bu","13:29:27",7628400
9.69,0.06,3100,"bu","13:29:27",7628200
9.7,0.07,1400,"bu","13:29:27",7625100
9.69,0.06,500,"bu","13:29:27",7623700
9.7,0.07,200,"bu","13:29:27",7623200
9.7,0.07,3000,"bu","13:29:27",7623000
9.69,0.06,300,"bu","13:29:27",7620000
9.7,0.07,100,"bu","13:29:27",7619700
9.68,0.05,100,"bu","13:29:27",7619600
9.7,0.07,5000,"bu","13:29:27",7619500
9.68,0.05,3000,"bu","13:29:27",7614500
9.7,0.07,100,"bu","13:29:27",7611500
9.68,0.05,10700,"bu","13:29:27",7611400
9.7,0.07,100,"bu","13:29:27",7600700
9.68,0.05,1000,"bu","13:29:27",7600600
9.7,0.07,5000,"bu","13:29:27",7599600
9.68,0.05,600,"bu","13:29:27",7594600
9.7,0.07,200,"bu","13:29:27",7594000
9.69,0.06,200,"bu","13:29:27",7593800
9.69,0.06,4700,"bu","13:29:27",7593600
9.69,0.06,1000,"bu","13:29:27",7588900
9.69,0.06,1000,"bu","13:29:27",7587900
9.69,0.06,3000,"bu","13:29:27",7586900
9.68,0.05,2100,"bu","13:29:19",7583900
9.68,0.05,500,"bu","13:29:19",7581800
9.68,0.05,900,"bu","13:29:19",7581300
9.68,0.05,5000,"bu","13:29:19",7580400
9.68,0.05,500,"bu","13:29:19",7575400
9.68,0.05,2600,"bu","13:29:18",7574900
9.68,0.05,100,"bu","13:29:17",7572300
9.68,0.05,1500,"bu","13:29:13",7572200
9.67,0.04,100,"sd","13:29:10",7570700
9.68,0.05,300,"bu","13:29:10",7570600
9.68,0.05,200,"bu","13:29:10",7570300
9.68,0.05,800,"bu","13:29:09",7570100
9.68,0.05,300,"bu","13:29:07",7569300
9.68,0.05,200,"bu","13:29:00",7569000
9.68,0.05,100,"bu","13:28:50",7568800
9.68,0.05,800,"bu","13:28:50",7568700
9.68,0.05,3900,"bu","13:28:50",7567900
9.68,0.05,1000,"bu","13:28:47",7564000
9.68,0.05,100,"bu","13:28:44",7563000
9.68,0.05,100,"sd","13:28:43",7562900
9.68,0.05,1600,"sd","13:28:43",7562800
9.68,0.05,3300,"sd","13:28:43",7561200
9.69,0.06,800,"bu","13:28:37",7557900
9.68,0.05,1700,"sd","13:28:36",7557100
9.69,0.06,300,"bu","13:28:25",7555400
9.69,0.06,100,"bu","13:28:25",7555100
9.67,0.04,3000,"sd","13:28:25",7555000
9.67,0.04,1400,"sd","13:28:25",7552000
9.67,0.04,100,"sd","13:28:25",7550600
9.67,0.04,15000,"sd","13:28:25",7550500
9.67,0.04,200,"sd","13:28:25",7535500
9.67,0.04,500,"sd","13:28:25",7535300
9.67,0.04,10000,"sd","13:28:25",7534800
9.67,0.04,300,"sd","13:28:25",7524800
9.67,0.04,1000,"sd","13:28:25",7524500
9.68,0.05,3600,"sd","13:28:25",7523500
9.67,0.04,300,"sd","13:28:25",7519900
9.67,0.04,4000,"sd","13:28:25",7519600
9.67,0.04,200,"sd","13:28:25",7515600
9.67,0.04,500,"sd","13:28:25",7515400
9.67,0.04,1000,"sd","13:28:25",7514900
9.67,0.04,5000,"sd","13:28:25",7513900
9.67,0.04,900,"sd","13:28:25",7508900
9.67,0.04,700,"sd","13:28:25",7508000
9.67,0.04,800,"sd","13:28:25",7507300
9.67,0.04,1000,"sd","13:28:25",7506500
9.67,0.04,500,"sd","13:28:25",7505500
9.67,0.04,5000,"sd","13:28:25",7505000
9.69,0.06,5100,"bu","13:28:25",7500000
9.68,0.05,1500,"sd","13:28:21",7494900
9.68,0.05,200,"bu","13:28:20",7493400
9.68,0.05,2000,"bu","13:28:20",7493200
9.68,0.05,12700,"bu","13:28:20",7491200
9.68,0.05,300,"bu","13:28:16",7478500
9.68,0.05,1000,"bu","13:28:16",7478200
9.68,0.05,1000,"bu","13:28:15",7477200
9.68,0.05,1000,"bu","13:28:14",7476200
9.68,0.05,1000,"bu","13:28:13",7475200
9.68,0.05,100,"bu","13:28:09",7474200
9.68,0.05,800,"bu","13:28:05",7474100
9.68,0.05,1000,"bu","13:28:04",7473300
9.68,0.05,3400,"bu","13:28:02",7472300
9.68,0.05,1000,"bu","13:28:00",7468900
9.68,0.05,5000,"bu","13:27:52",7467900
9.68,0.05,200,"bu","13:27:39",7462900
9.68,0.05,800,"bu","13:27:33",7462700
9.68,0.05,5000,"bu","13:27:29",7461900
9.68,0.05,200,"sd","13:27:28",7456900
9.68,0.05,1000,"sd","13:27:28",7456700
9.68,0.05,300,"sd","13:27:28",7455700
9.68,0.05,1000,"sd","13:27:28",7455400
9.68,0.05,10000,"sd","13:27:28",7454400
9.68,0.05,1000,"sd","13:27:28",7444400
9.68,0.05,1900,"sd","13:27:28",7443400
9.68,0.05,5000,"sd","13:27:28",7441500
9.68,0.05,4000,"sd","13:27:28",7436500
9.68,0.05,100,"sd","13:27:28",7432500
9.68,0.05,10000,"sd","13:27:28",7432400
9.68,0.05,4000,"sd","13:27:28",7422400
9.68,0.05,1000,"sd","13:27:28",7418400
9.69,0.06,1200,"sd","13:27:28",7417400
9.68,0.05,1500,"sd","13:27:28",7416200
9.68,0.05,1000,"sd","13:27:28",7414700
9.68,0.05,2000,"sd","13:27:28",7413700
9.68,0.05,500,"sd","13:27:28",7411700
9.68,0.05,20000,"sd","13:27:28",7411200
9.69,0.06,500,"sd","13:27:26",7391200
9.69,0.06,300,"sd","13:27:25",7390700
9.69,0.06,2000,"sd","13:27:25",7390400
9.69,0.06,2700,"sd","13:27:25",7388400
9.69,0.06,1500,"bu","13:27:09",7385700
9.69,0.06,1800,"bu","13:27:08",7384200
9.69,0.06,1700,"sd","13:27:06",7382400
9.7,0.07,1000,"bu","13:27:05",7380700
9.7,0.07,800,"bu","13:27:03",7379700
9.69,0.06,100,"bu","13:27:01",7378900
9.7,0.07,8000,"bu","13:26:52",7378800
9.7,0.07,200,"bu","13:26:52",7370800
9.69,0.06,1800,"bu","13:26:52",7370600
9.69,0.06,100,"sd","13:26:50",7368800
9.69,0.06,2100,"sd","13:26:49",7368700
9.69,0.06,1000,"sd","13:26:49",7366600
9.69,0.06,800,"sd","13:26:46",7365600
9.69,0.06,400,"sd","13:26:46",7364800
9.69,0.06,1000,"sd","13:26:46",7364400
9.69,0.06,3000,"sd","13:26:46",7363400
9.69,0.06,1100,"sd","13:26:46",7360400
9.7,0.07,5000,"bu","13:26:43",7359300
9.69,0.06,100,"sd","13:26:42",7354300
9.7,0.07,100,"bu","13:26:35",7354200
9.7,0.07,800,"bu","13:26:32",7354100
9.7,0.07,3000,"bu","13:26:28",7353300
9.69,0.06,300,"sd","13:26:27",7350300
9.69,0.06,100,"sd","13:26:24",7350000
9.69,0.06,400,"bu","13:26:19",7349900
9.69,0.06,100,"sd","13:26:18",7349500
9.69,0.06,300,"sd","13:26:15",7349400
9.69,0.06,100,"sd","13:26:15",7349100
9.69,0.06,900,"unknown","13:26:05",7349000
9.69,0.06,100,"unknown","13:26:05",7348100
9.68,0.05,500,"sd","13:26:05",7348000
9.68,0.05,2000,"sd","13:26:05",7347500
9.7,0.07,19600,"bu","13:26:05",7345500
9.69,0.06,400,"bu","13:26:05",7325900
9.69,0.06,100,"bu","13:26:04",7325500
9.69,0.06,1000,"bu","13:26:01",7325400
9.69,0.06,100,"bu","13:26:00",7324400
9.69,0.06,900,"bu","13:25:59",7324300
9.69,0.06,600,"bu","13:25:58",7323400
9.69,0.06,400,"bu","13:25:57",7322800
9.68,0.05,3900,"sd","13:25:53",7322400
9.68,0.05,100,"sd","13:25:53",7318500
9.68,0.05,1000,"sd","13:25:53",7318400
9.69,0.06,500,"bu","13:25:51",7317400
9.69,0.06,1000,"bu","13:25:47",7316900
9.69,0.06,200,"unknown","13:25:39",7315900
9.69,0.06,100,"bu","13:25:39",7315700
9.69,0.06,16600,"bu","13:25:39",7315600
9.69,0.06,500,"bu","13:25:39",7299000
9.68,0.05,1900,"sd","13:25:36",7298500
9.68,0.05,100,"sd","13:25:36",7296600
9.68,0.05,200,"sd","13:25:36",7296500
9.68,0.05,900,"sd","13:25:36",7296300
9.69,0.06,300,"bu","13:25:30",7295400
9.69,0.06,800,"bu","13:25:28",7295100
9.68,0.05,100,"sd","13:25:25",7294300
9.68,0.05,100,"sd","13:25:25",7294200
9.68,0.05,500,"sd","13:25:25",7294100
9.69,0.06,400,"bu","13:25:21",7293600
9.68,0.05,100,"sd","13:25:06",7293200
9.67,0.04,500,"sd","13:25:05",7293100
9.68,0.05,1900,"bu","13:25:04",7292600
9.68,0.05,200,"bu","13:25:04",7290700
9.68,0.05,8400,"bu","13:25:04",7290500
9.68,0.05,500,"bu","13:25:00",7282100
9.68,0.05,800,"bu","13:24:57",7281600
9.68,0.05,100,"bu","13:24:52",7280800
9.67,0.04,700,"sd","13:24:46",7280700
9.68,0.05,200,"bu","13:24:42",7280000
9.67,0.04,500,"sd","13:24:26",7279800
9.68,0.05,100,"sd","13:24:26",7279300
9.68,0.05,400,"sd","13:24:26",7279200
9.69,0.06,800,"bu","13:24:25",7278800
9.68,0.05,100,"bu","13:24:18",7278000
9.68,0.05,1500,"bu","13:24:18",7277900
9.68,0.05,300,"bu","13:24:17",7276400
9.68,0.05,500,"bu","13:24:13",7276100
9.67,0.04,3300,"sd","13:24:10",7275600
9.67,0.04,3000,"sd","13:24:10",7272300
9.67,0.04,100,"sd","13:24:10",7269300
9.67,0.04,500,"sd","13:24:10",7269200
9.67,0.04,1000,"sd","13:24:10",7268700
9.67,0.04,1000,"sd","13:24:10",7267700
9.67,0.04,100,"sd","13:24:10",7266700
9.67,0.04,2000,"sd","13:24:10",7266600
9.68,0.05,700,"bu","13:24:04",7264600
9.68,0.05,100,"bu","13:24:03",7263900
9.68,0.05,1000,"bu","13:24:01",7263800
9.68,0.05,400,"bu","13:23:59",7262800
9.68,0.05,2200,"bu","13:23:54",7262400
9.68,0.05,800,"bu","13:23:53",7260200
9.68,0.05,500,"sd","13:23:50",7259400
9.68,0.05,100,"sd","13:23:50",7258900
9.68,0.05,1000,"sd","13:23:50",7258800
9.68,0.05,100,"sd","13:23:50",7257800
9.68,0.05,3000,"bu","13:23:31",7257700
9.68,0.05,1000,"bu","13:23:31",7254700
9.68,0.05,100,"bu","13:23:31",7253700
9.68,0.05,100,"bu","13:23:31",7253600
9.68,0.05,400,"bu","13:23:31",7253500
9.68,0.05,3000,"bu","13:23:31",7253100
9.68,0.05,2800,"bu","13:23:31",7250100
9.68,0.05,800,"bu","13:23:23",7247300
9.68,0.05,1400,"bu","13:23:19",7246500
9.68,0.05,3600,"bu","13:23:19",7245100
9.68,0.05,900,"bu","13:23:08",7241500
9.68,0.05,1000,"bu","13:23:06",7240600
9.68,0.05,3100,"bu","13:23:01",7239600
9.68,0.05,800,"bu","13:22:50",7236500
9.68,0.05,100,"bu","13:22:45",7235700
9.68,0.05,700,"bu","13:22:36",7235600
9.67,0.04,200,"sd","13:22:35",7234900
9.68,0.05,2000,"bu","13:22:30",7234700
9.67,0.04,4000,"sd","13:22:27",7232700
9.68,0.05,800,"bu","13:22:19",7228700
9.67,0.04,5000,"sd","13:22:11",7227900
9.67,0.04,1000,"sd","13:22:11",7222900
9.67,0.04,1000,"sd","13:22:11",7221900
9.68,0.05,200,"bu","13:22:10",7220900
9.68,0.05,1800,"sd","13:21:52",7220700
9.69,0.06,800,"bu","13:21:48",7218900
9.69,0.06,2300,"bu","13:21:44",7218100
9.69,0.06,3000,"bu","13:21:44",7215800
9.69,0.06,4700,"bu","13:21:44",7212800
9.69,0.06,5300,"bu","13:21:37",7208100
9.69,0.06,300,"bu","13:21:37",7202800
9.69,0.06,100,"bu","13:21:37",7202500
9.69,0.06,1000,"bu","13:21:37",7202400
9.68,0.05,3300,"bu","13:21:37",7201400
9.68,0.05,100,"bu","13:21:36",7198100
9.68,0.05,100,"bu","13:21:36",7198000
9.68,0.05,1000,"bu","13:21:36",7197900
9.68,0.05,800,"bu","13:21:36",7196900
9.68,0.05,2000,"bu","13:21:36",7196100
9.68,0.05,10000,"bu","13:21:36",7194100
9.68,0.05,300,"bu","13:21:36",7184100
9.68,0.05,100,"bu","13:21:36",7183800
9.68,0.05,100,"bu","13:21:36",7183700
9.68,0.05,500,"bu","13:21:36",7183600
9.68,0.05,200,"bu","13:21:36",7183100
9.68,0.05,3400,"bu","13:21:36",7182900
9.68,0.05,100,"bu","13:21:36",7179500
9.68,0.05,200,"bu","13:21:36",7179400
9.68,0.05,3800,"bu","13:21:36",7179200
9.69,0.06,300,"bu","13:21:35",7175400
9.69,0.06,200,"bu","13:21:35",7175100
9.69,0.06,2000,"bu","13:21:31",7174900
9.69,0.06,200,"bu","13:21:30",7172900
9.69,0.06,800,"bu","13:21:17",7172700
9.68,0.05,1200,"sd","13:21:17",7171900
9.68,0.05,3800,"sd","13:21:17",7170700
9.69,0.06,1800,"bu","13:21:15",7166900
9.69,0.06,200,"bu","13:21:15",7165100
9.69,0.06,500,"bu","13:21:15",7164900
9.69,0.06,600,"bu","13:21:14",7164400
9.69,0.06,2000,"bu","13:21:13",7163800
9.69,0.06,500,"bu","13:21:08",7161800
9.69,0.06,6000,"bu","13:20:52",7161300
9.69,0.06,5000,"bu","13:20:52",7155300
9.69,0.06,400,"sd","13:20:45",7150300
9.69,0.06,400,"bu","13:20:45",7149900
9.69,0.06,900,"bu","13:20:41",7149500
9.69,0.06,100,"bu","13:20:41",7148600
9.69,0.06,500,"bu","13:20:37",7148500
9.69,0.06,300,"bu","13:20:36",7148000
9.69,0.06,1000,"bu","13:20:32",7147700
9.69,0.06,100,"bu","13:20:31",7146700
9.69,0.06,4600,"bu","13:20:31",7146600
9.69,0.06,1000,"bu","13:20:23",7142000
9.69,0.06,100,"bu","13:20:22",7141000
9.69,0.06,300,"bu","13:20:20",7140900
9.69,0.06,1000,"bu","13:20:20",7140600
9.69,0.06,1000,"sd","13:20:18",7139600
9.7,0.07,800,"bu","13:20:13",7138600
9.7,0.07,500,"bu","13:20:11",7137800
9.68,0.05,6200,"sd","13:20:07",7137300
9.68,0.05,3800,"sd","13:20:07",7131100
9.69,0.06,2400,"sd","13:20:06",7127300
9.69,0.06,1100,"sd","13:20:06",7124900
9.69,0.06,5000,"sd","13:20:06",7123800
9.69,0.06,1500,"sd","13:20:06",7118800
9.69,0.06,1800,"sd","13:20:04",7117300
