"price","change","match_qtty","side","time","total_vol"
65.9,0.3,7600,"unknown","14:45:02",166100
65.6,0,500,"sd","14:26:36",158500
65.7,0.1,300,"sd","14:26:14",158000
65.8,0.2,500,"unknown","14:25:35",157700
65.9,0.3,2000,"bu","14:25:09",157200
65.8,0.2,1500,"bu","14:24:59",155200
65.7,0.1,1700,"bu","14:24:48",153700
65.7,0.1,400,"sd","14:22:21",152000
65.7,0.1,600,"bu","14:22:09",151600
65.7,0.1,900,"bu","14:21:52",151000
65.7,0.1,1000,"bu","14:21:39",150100
65.7,0.1,1000,"bu","14:14:42",149100
65.7,0.1,900,"bu","14:14:27",148100
65.7,0.1,1000,"bu","14:14:20",147200
65.7,0.1,2200,"bu","14:12:58",146200
65.7,0.1,800,"bu","14:11:35",144000
65.6,0,2500,"bu","14:11:24",143200
65.6,0,800,"sd","14:06:25",140700
65.7,0.1,200,"sd","14:06:15",139900
65.8,0.2,200,"bu","14:05:15",139700
65.8,0.2,800,"sd","14:04:33",139500
65.8,0.2,1100,"bu","14:04:25",138700
65.8,0.2,900,"bu","14:04:18",137600
65.8,0.2,1000,"bu","14:04:11",136700
65.8,0.2,900,"bu","14:04:01",135700
65.8,0.2,1000,"bu","14:03:50",134800
65.8,0.2,2000,"bu","14:01:51",133800
65.7,0.1,1800,"bu","14:01:45",131800
65.6,0,1200,"bu","14:01:38",130000
65.6,0,1200,"bu","13:59:26",128800
65.6,0,800,"bu","13:59:13",127600
65.6,0,1500,"bu","13:58:58",126800
65.6,0,1000,"bu","13:58:47",125300
65.6,0,700,"sd","13:50:31",124300
65.7,0.1,600,"sd","13:50:24",123600
65.8,0.2,3000,"bu","13:49:41",123000
65.8,0.2,2000,"bu","13:49:30",120000
65.8,0.2,1000,"bu","13:49:23",118000
65.8,0.2,3000,"bu","13:47:30",117000
65.7,0.1,2400,"bu","13:47:23",114000
65.6,0,2300,"bu","13:47:16",111600
65.6,0,200,"bu","13:46:48",109300
65.7,0.1,300,"bu","13:46:42",109100
65.8,0.2,2000,"bu","13:39:27",108800
65.8,0.2,1500,"bu","13:39:08",106800
65.8,0.2,1000,"bu","13:38:56",105300
65.8,0.2,3000,"bu","13:33:58",104300
65.7,0.1,2700,"sd","13:33:52",101300
65.7,0.1,500,"sd","13:32:50",98600
65.8,0.2,300,"sd","13:32:43",98100
65.8,0.2,400,"sd","13:31:37",97800
65.8,0.2,1000,"bu","13:31:25",97400
65.8,0.2,900,"bu","13:31:14",96400
65.8,0.2,1000,"bu","13:31:07",95500
65.8,0.2,300,"bu","13:22:49",94500
65.8,0.2,1700,"sd","13:22:09",94200
65.7,0.1,1500,"sd","13:22:03",92500
65.6,0,1800,"bu","13:21:53",91000
65.6,0,2000,"bu","13:16:14",89200
65.6,0,1000,"bu","13:16:02",87200
65.6,0,1000,"bu","13:15:51",86200
65.6,0,1600,"bu","13:11:23",85200
65.6,0,400,"bu","13:09:01",83600
65.5,-0.1,1800,"bu","13:08:38",83200
65.4,-0.2,1600,"sd","13:08:35",81400
65.4,-0.2,100,"bu","13:06:26",79800
65.5,-0.1,200,"sd","13:06:17",79700
65.6,0,200,"bu","13:06:00",79500
65.7,0.1,300,"bu","11:22:03",79300
65.8,0.2,200,"bu","11:21:59",79000
65.8,0.2,800,"bu","11:13:54",78800
65.8,0.2,1000,"bu","11:13:47",78000
65.8,0.2,900,"bu","11:13:43",77000
65.8,0.2,1000,"bu","11:13:39",76100
65.8,0.2,2000,"bu","11:09:31",75100
65.7,0.1,1700,"sd","11:09:29",73100
65.6,0,1800,"bu","11:09:25",71400
65.6,0,100,"sd","11:08:30",69600
65.7,0.1,700,"bu","11:08:22",69500
65.8,0.2,2000,"bu","11:05:53",68800
65.8,0.2,1500,"bu","11:05:49",66800
65.8,0.2,1000,"bu","11:05:45",65300
65.8,0.2,500,"sd","11:04:31",64300
65.9,0.3,2000,"bu","10:56:17",63800
65.8,0.2,1500,"bu","10:56:14",61800
65.8,0.2,200,"bu","10:55:28",60300
65.9,0.3,400,"bu","10:55:17",60100
66,0.4,2000,"bu","10:53:02",59700
66,0.4,1500,"bu","10:52:59",57700
66,0.4,1500,"bu","10:52:57",56200
66,0.4,2000,"bu","10:47:52",54700
65.9,0.3,1600,"bu","10:47:49",52700
65.9,0.3,3000,"bu","10:40:21",51100
65.9,0.3,2000,"bu","10:40:17",48100
65.9,0.3,1000,"bu","10:40:13",46100
65.9,0.3,200,"sd","10:38:47",45100
65.9,0.3,800,"sd","10:33:08",44900
65.9,0.3,900,"bu","10:33:04",44100
65.9,0.3,1000,"bu","10:32:59",43200
65.9,0.3,900,"bu","10:32:56",42200
65.9,0.3,1000,"bu","10:32:50",41300
65.9,0.3,900,"bu","10:32:47",40300
65.9,0.3,1000,"bu","10:32:45",39400
65.9,0.3,2000,"bu","10:29:00",38400
65.8,0.2,1800,"sd","10:28:58",36400
65.8,0.2,500,"bu","10:11:45",34600
65.9,0.3,200,"sd","10:11:29",34100
66,0.4,3000,"bu","10:07:52",33900
66,0.4,2000,"bu","10:07:46",30900
66,0.4,1000,"bu","10:07:41",28900
66,0.4,300,"sd","10:04:02",27900
66,0.4,600,"sd","10:00:53",27600
66,0.4,1000,"bu","10:00:49",27000
66,0.4,900,"bu","10:00:45",26000
66,0.4,1000,"bu","10:00:41",25100
66,0.4,900,"bu","10:00:39",24100
66,0.4,1000,"bu","10:00:36",23200
66,0.4,400,"bu","09:59:45",22200
66,0.4,1600,"bu","09:59:01",21800
65.9,0.3,1800,"sd","09:58:41",20200
65.8,0.2,1500,"sd","09:58:31",18400
65.8,0.2,600,"sd","09:57:02",16900
65.9,0.3,200,"sd","09:56:47",16300
66,0.4,200,"sd","09:54:43",16100
66,0.4,1800,"sd","09:53:29",15900
66,0.4,1500,"bu","09:53:19",14100
66,0.4,1000,"bu","09:53:09",12600
66,0.4,2000,"bu","09:35:02",11600
65.9,0.3,1800,"sd","09:34:47",9600
65.9,0.3,3000,"bu","09:28:29",7800
65.8,0.2,2400,"bu","09:28:16",4800
65.7,0.1,2300,"sd","09:28:04",2400
65.7,0.1,100,"bu","09:16:02",100
