"price","change","match_qtty","side","time","total_vol"
39.4,0.2,49500,"unknown","14:45:04",646800
39.3,0.1,100,"bu","14:29:51",597300
39.3,0.1,500,"bu","14:29:50",597200
39.3,0.1,100,"sd","14:29:37",596700
39.3,0.1,2000,"sd","14:29:37",596600
39.3,0.1,500,"sd","14:29:37",594600
39.3,0.1,1000,"sd","14:29:37",594100
39.3,0.1,100,"sd","14:29:37",593100
39.3,0.1,300,"sd","14:29:37",593000
39.3,0.1,200,"sd","14:29:37",592700
39.35,0.15,100,"bu","14:29:26",592500
39.3,0.1,100,"sd","14:29:26",592400
39.35,0.15,300,"bu","14:29:20",592300
39.35,0.15,100,"bu","14:29:19",592000
39.35,0.15,100,"bu","14:29:10",591900
39.35,0.15,500,"sd","14:29:08",591800
39.4,0.2,200,"bu","14:29:00",591300
39.4,0.2,4000,"bu","14:29:00",591100
39.35,0.15,100,"sd","14:28:58",587100
39.35,0.15,100,"sd","14:28:57",587000
39.35,0.15,500,"sd","14:28:50",586900
39.35,0.15,100,"sd","14:28:49",586400
39.3,0.1,1000,"sd","14:28:38",586300
39.3,0.1,700,"sd","14:28:34",585300
39.3,0.1,300,"sd","14:28:34",584600
39.3,0.1,1200,"sd","14:28:32",584300
39.35,0.15,200,"bu","14:28:17",583100
39.35,0.15,500,"bu","14:28:10",582900
39.35,0.15,100,"bu","14:27:54",582400
39.35,0.15,100,"sd","14:27:44",582300
39.35,0.15,500,"sd","14:27:39",582200
39.35,0.15,100,"sd","14:27:36",581700
39.35,0.15,100,"sd","14:27:30",581600
39.35,0.15,200,"sd","14:27:29",581500
39.3,0.1,1500,"sd","14:27:25",581300
39.3,0.1,100,"sd","14:27:25",579800
39.3,0.1,200,"sd","14:27:25",579700
39.3,0.1,700,"sd","14:27:25",579500
39.35,0.15,100,"bu","14:27:24",578800
39.35,0.15,1700,"bu","14:27:16",578700
39.35,0.15,1000,"bu","14:27:16",577000
39.35,0.15,2300,"bu","14:27:16",576000
39.3,0.1,100,"sd","14:27:12",573700
39.3,0.1,200,"sd","14:27:11",573600
39.3,0.1,100,"sd","14:27:11",573400
39.35,0.15,2000,"sd","14:26:57",573300
39.35,0.15,2200,"sd","14:26:57",571300
39.35,0.15,2800,"sd","14:26:23",569100
39.35,0.15,100,"sd","14:26:23",566300
39.35,0.15,100,"sd","14:26:23",566200
39.4,0.2,100,"sd","14:25:52",566100
39.4,0.2,200,"sd","14:25:46",566000
39.4,0.2,100,"bu","14:25:11",565800
39.4,0.2,200,"sd","14:25:07",565700
39.4,0.2,300,"bu","14:25:02",565500
39.4,0.2,100,"bu","14:25:01",565200
39.4,0.2,100,"bu","14:24:57",565100
39.4,0.2,200,"bu","14:24:50",565000
39.4,0.2,400,"bu","14:24:45",564800
39.4,0.2,600,"bu","14:24:40",564400
39.4,0.2,400,"bu","14:24:40",563800
39.4,0.2,500,"sd","14:24:17",563400
39.4,0.2,100,"sd","14:24:17",562900
39.4,0.2,1000,"sd","14:24:17",562800
39.4,0.2,1400,"sd","14:23:55",561800
39.4,0.2,600,"sd","14:23:55",560400
39.4,0.2,300,"sd","14:23:33",559800
39.4,0.2,100,"sd","14:23:32",559500
39.4,0.2,400,"sd","14:23:29",559400
39.4,0.2,600,"bu","14:23:20",559000
39.3,0.1,900,"sd","14:22:59",558400
39.3,0.1,100,"sd","14:22:59",557500
39.4,0.2,2000,"bu","14:22:42",557400
39.4,0.2,100,"sd","14:22:29",555400
39.4,0.2,2900,"sd","14:22:26",555300
39.4,0.2,2100,"sd","14:22:26",552400
39.4,0.2,2000,"sd","14:22:16",550300
39.4,0.2,200,"sd","14:22:11",548300
39.45,0.25,3000,"sd","14:22:11",548100
39.45,0.25,100,"sd","14:22:11",545100
39.45,0.25,200,"sd","14:22:11",545000
39.45,0.25,100,"sd","14:22:11",544800
39.45,0.25,200,"sd","14:22:11",544700
39.45,0.25,100,"sd","14:22:11",544500
39.4,0.2,900,"sd","14:22:11",544400
39.4,0.2,200,"sd","14:22:11",543500
39.5,0.3,1000,"sd","14:21:58",543300
39.55,0.35,3000,"sd","14:21:58",542300
39.5,0.3,500,"sd","14:21:58",539300
39.5,0.3,1000,"sd","14:21:58",538800
39.5,0.3,900,"sd","14:21:58",537800
39.5,0.3,500,"sd","14:21:58",536900
39.5,0.3,2500,"sd","14:21:58",536400
39.55,0.35,300,"sd","14:21:58",533900
39.5,0.3,1000,"sd","14:21:58",533600
39.55,0.35,300,"sd","14:21:58",532600
39.55,0.35,100,"sd","14:21:58",532300
39.5,0.3,2000,"sd","14:21:58",532200
39.5,0.3,200,"sd","14:21:58",527200
39.55,0.35,3000,"sd","14:21:58",530200
39.55,0.35,100,"sd","14:21:28",527000
39.6,0.4,100,"sd","14:21:06",526900
39.6,0.4,100,"sd","14:20:54",526800
39.6,0.4,400,"sd","14:20:54",526700
39.6,0.4,1500,"sd","14:20:54",526300
39.6,0.4,700,"sd","14:20:07",524800
39.6,0.4,500,"sd","14:20:07",524100
39.6,0.4,1000,"sd","14:20:07",523600
39.6,0.4,300,"sd","14:19:24",522600
39.6,0.4,1000,"sd","14:19:24",522300
39.6,0.4,500,"sd","14:19:24",521300
39.6,0.4,1000,"sd","14:19:24",520800
39.6,0.4,500,"sd","14:19:24",519800
39.7,0.5,200,"sd","14:19:24",519300
39.75,0.55,100,"sd","14:19:24",519100
39.8,0.6,100,"bu","14:19:21",519000
39.8,0.6,1200,"bu","14:19:03",518900
39.8,0.6,100,"bu","14:19:03",517700
39.8,0.6,500,"bu","14:19:03",517600
39.75,0.55,400,"bu","14:18:07",517100
39.75,0.55,100,"bu","14:17:58",516700
39.75,0.55,400,"bu","14:17:58",516600
39.75,0.55,100,"bu","14:17:56",516200
39.75,0.55,1000,"unknown","14:17:20",516100
39.75,0.55,200,"bu","14:16:19",515100
39.7,0.5,3000,"sd","14:15:56",514900
39.7,0.5,900,"bu","14:15:53",511900
39.7,0.5,300,"bu","14:15:53",511000
39.7,0.5,3500,"bu","14:15:53",510700
39.65,0.45,2000,"bu","14:15:53",507200
39.65,0.45,900,"bu","14:15:53",505200
39.65,0.45,600,"bu","14:15:45",504300
39.65,0.45,2400,"bu","14:15:45",503700
39.65,0.45,900,"bu","14:15:21",501300
39.65,0.45,700,"bu","14:15:00",500400
39.6,0.4,1700,"unknown","14:14:43",499700
39.6,0.4,100,"sd","14:14:06",498000
39.6,0.4,200,"sd","14:14:06",497900
39.6,0.4,2000,"sd","14:13:32",497700
39.6,0.4,500,"bu","14:13:14",495700
39.6,0.4,500,"bu","14:13:14",495200
39.6,0.4,200,"bu","14:13:12",494700
39.55,0.35,500,"sd","14:13:06",494500
39.55,0.35,700,"sd","14:12:41",494000
39.6,0.4,900,"bu","14:12:36",493300
39.6,0.4,100,"bu","14:12:36",492400
39.6,0.4,100,"sd","14:12:04",492300
39.6,0.4,2800,"sd","14:12:04",492200
39.6,0.4,200,"sd","14:10:51",489400
39.6,0.4,100,"sd","14:10:51",489200
39.6,0.4,700,"sd","14:10:51",489100
39.65,0.45,500,"sd","14:10:31",488400
39.65,0.45,1500,"sd","14:10:31",487900
39.65,0.45,200,"sd","14:10:31",486400
39.65,0.45,100,"sd","14:09:56",486200
39.65,0.45,900,"sd","14:09:56",486100
39.7,0.5,100,"bu","14:08:56",485200
39.7,0.5,400,"bu","14:08:06",485100
39.7,0.5,200,"bu","14:07:29",484700
39.65,0.45,100,"sd","14:06:05",484500
39.7,0.5,100,"bu","14:05:55",484400
39.7,0.5,500,"bu","14:05:49",484300
39.65,0.45,500,"bu","14:05:25",483800
39.6,0.4,500,"sd","14:05:23",483300
39.65,0.45,500,"bu","14:05:18",482800
39.6,0.4,800,"sd","14:04:31",482300
39.6,0.4,700,"sd","14:04:31",481500
39.6,0.4,1100,"unknown","14:04:15",480800
39.6,0.4,1200,"bu","14:04:07",479700
39.6,0.4,100,"sd","14:03:52",478500
39.6,0.4,100,"sd","14:03:52",478400
39.65,0.45,1000,"sd","14:03:52",478300
39.65,0.45,1000,"sd","14:03:52",477300
39.65,0.45,900,"sd","14:03:52",476300
39.65,0.45,500,"sd","14:01:28",475400
39.7,0.5,200,"bu","14:01:23",474900
39.65,0.45,500,"sd","14:00:34",474700
39.65,0.45,1000,"bu","14:00:33",474200
39.65,0.45,100,"bu","14:00:33",473200
39.65,0.45,100,"bu","14:00:28",473100
39.6,0.4,100,"sd","13:59:27",473000
39.6,0.4,500,"bu","13:59:13",472900
39.6,0.4,200,"bu","13:59:13",472400
39.6,0.4,300,"bu","13:59:06",472200
39.6,0.4,500,"bu","13:58:53",471900
39.55,0.35,1000,"sd","13:58:31",471400
39.55,0.35,2700,"sd","13:57:08",470400
39.55,0.35,100,"sd","13:57:08",467700
39.55,0.35,200,"sd","13:57:08",466600
39.55,0.35,1000,"sd","13:57:08",467600
39.6,0.4,200,"bu","13:56:57",466400
39.6,0.4,1200,"bu","13:56:57",466200
39.6,0.4,1000,"unknown","13:56:07",465000
39.6,0.4,5000,"bu","13:55:37",464000
39.6,0.4,100,"sd","13:55:02",459000
39.6,0.4,1000,"sd","13:55:02",458900
39.6,0.4,100,"sd","13:55:02",457900
39.6,0.4,100,"sd","13:55:02",457800
39.6,0.4,200,"sd","13:55:02",457700
39.6,0.4,3300,"sd","13:55:02",457500
39.6,0.4,700,"sd","13:54:10",454200
39.6,0.4,300,"sd","13:54:10",453500
39.6,0.4,700,"sd","13:53:41",453200
39.6,0.4,300,"sd","13:53:41",452500
39.6,0.4,200,"sd","13:53:28",452200
39.6,0.4,4500,"sd","13:53:21",452000
39.6,0.4,500,"sd","13:53:21",447500
39.65,0.45,300,"sd","13:53:09",447000
39.65,0.45,300,"sd","13:53:01",446700
39.65,0.45,100,"sd","13:53:01",446400
39.65,0.45,800,"sd","13:52:03",446300
39.65,0.45,200,"sd","13:52:03",445500
39.65,0.45,100,"sd","13:52:03",445300
39.65,0.45,1900,"sd","13:52:03",445200
39.65,0.45,1000,"sd","13:52:03",443300
39.65,0.45,1000,"sd","13:52:03",442300
39.65,0.45,600,"sd","13:52:03",441300
39.65,0.45,900,"sd","13:51:35",440700
39.65,0.45,300,"sd","13:51:35",439800
39.65,0.45,100,"sd","13:50:52",439500
39.65,0.45,100,"sd","13:50:52",439400
39.65,0.45,2400,"sd","13:49:57",439300
39.7,0.5,100,"sd","13:49:57",436900
39.7,0.5,100,"sd","13:49:57",436800
39.7,0.5,2000,"sd","13:49:57",436700
39.7,0.5,2000,"sd","13:49:57",434700
39.7,0.5,100,"sd","13:49:57",432700
39.7,0.5,1000,"sd","13:49:57",432600
39.7,0.5,100,"sd","13:49:57",431600
39.75,0.55,200,"sd","13:49:57",431500
39.75,0.55,3000,"sd","13:49:42",431300
39.75,0.55,300,"sd","13:49:37",428300
39.75,0.55,200,"sd","13:49:37",428000
39.8,0.6,1000,"bu","13:49:22",427800
39.8,0.6,300,"sd","13:49:22",426800
39.8,0.6,300,"sd","13:48:52",426500
39.8,0.6,100,"sd","13:48:37",426200
39.8,0.6,700,"sd","13:48:25",426100
39.8,0.6,1600,"sd","13:48:21",425400
39.8,0.6,100,"sd","13:48:17",423800
39.8,0.6,800,"sd","13:48:17",423700
39.8,0.6,1200,"sd","13:48:08",422900
39.8,0.6,500,"sd","13:48:08",421700
39.8,0.6,100,"sd","13:48:05",421200
39.8,0.6,300,"sd","13:48:05",421100
39.8,0.6,100,"sd","13:48:05",420800
39.8,0.6,900,"sd","13:48:05",420700
39.8,0.6,100,"sd","13:48:05",419800
39.8,0.6,100,"sd","13:48:05",419700
39.8,0.6,100,"sd","13:48:05",419600
39.8,0.6,1000,"sd","13:48:05",419500
39.85,0.65,400,"bu","13:47:27",418500
39.8,0.6,500,"sd","13:47:14",418100
39.85,0.65,100,"sd","13:46:09",417600
39.85,0.65,100,"sd","13:46:09",417500
39.85,0.65,1500,"sd","13:46:09",417400
39.85,0.65,100,"sd","13:46:09",415900
39.85,0.65,500,"sd","13:46:09",415800
39.85,0.65,1000,"sd","13:46:09",415300
39.85,0.65,1700,"sd","13:46:09",414300
39.85,0.65,400,"sd","13:45:31",412600
39.85,0.65,700,"sd","13:45:26",412200
39.85,0.65,3200,"sd","13:44:27",411500
39.85,0.65,1000,"sd","13:44:27",408300
39.85,0.65,1500,"sd","13:44:27",407300
39.85,0.65,500,"sd","13:44:12",405800
39.85,0.65,1500,"sd","13:44:12",405300
39.9,0.7,200,"bu","13:42:33",403800
39.85,0.65,300,"sd","13:41:42",403600
39.85,0.65,200,"sd","13:41:42",403300
39.85,0.65,300,"sd","13:41:42",403100
39.85,0.65,700,"sd","13:41:42",402800
39.85,0.65,3500,"sd","13:41:42",402100
39.85,0.65,300,"sd","13:40:55",398600
39.85,0.65,500,"sd","13:40:55",398300
39.85,0.65,200,"sd","13:40:55",397800
39.9,0.7,100,"bu","13:40:07",397600
39.9,0.7,500,"bu","13:39:57",397500
39.9,0.7,2000,"bu","13:39:39",397000
39.9,0.7,300,"bu","13:39:14",395000
39.9,0.7,100,"bu","13:38:22",394700
39.85,0.65,300,"bu","13:36:45",394600
39.85,0.65,700,"sd","13:36:17",394300
39.85,0.65,1000,"sd","13:36:10",393600
39.85,0.65,200,"sd","13:36:08",392600
39.85,0.65,100,"sd","13:35:39",392400
39.9,0.7,1000,"sd","13:35:19",392300
39.9,0.7,500,"sd","13:35:19",391300
39.9,0.7,400,"sd","13:35:19",390800
39.9,0.7,1000,"sd","13:34:22",390400
39.9,0.7,500,"bu","13:33:41",389400
39.9,0.7,200,"bu","13:33:41",388900
39.9,0.7,500,"bu","13:33:41",388700
39.9,0.7,400,"bu","13:33:41",388200
39.9,0.7,500,"bu","13:33:34",387800
39.9,0.7,100,"bu","13:33:21",387300
39.9,0.7,200,"bu","13:33:20",387200
39.9,0.7,700,"bu","13:33:20",387000
39.9,0.7,400,"bu","13:32:36",386300
39.9,0.7,1000,"bu","13:32:36",385900
39.9,0.7,100,"bu","13:32:30",384900
39.9,0.7,200,"bu","13:31:44",384800
39.9,0.7,200,"bu","13:31:42",384600
39.9,0.7,500,"sd","13:31:30",384400
39.9,0.7,1000,"sd","13:29:44",383900
39.9,0.7,200,"bu","13:29:30",382900
39.9,0.7,300,"bu","13:29:30",382700
39.9,0.7,100,"bu","13:29:06",382400
39.85,0.65,100,"sd","13:28:12",382300
39.85,0.65,100,"sd","13:28:12",382200
39.85,0.65,800,"sd","13:28:12",382100
39.85,0.65,200,"sd","13:26:07",381300
39.85,0.65,1000,"sd","13:24:07",381100
39.85,0.65,1000,"sd","13:24:07",380100
39.85,0.65,200,"sd","13:24:07",379100
39.85,0.65,1600,"sd","13:24:07",378900
39.85,0.65,400,"sd","13:21:59",377300
39.9,0.7,100,"sd","13:21:59",376900
39.9,0.7,100,"sd","13:21:59",376800
39.9,0.7,700,"sd","13:21:59",376700
39.9,0.7,700,"sd","13:21:18",376000
39.9,0.7,300,"sd","13:21:18",375300
39.9,0.7,700,"sd","13:20:57",375000
39.9,0.7,100,"sd","13:20:57",374300
39.95,0.75,1200,"bu","13:20:55",374200
39.95,0.75,200,"bu","13:20:42",373000
39.95,0.75,600,"bu","13:20:42",372800
39.9,0.7,200,"sd","13:20:26",372200
39.95,0.75,400,"bu","13:20:19",372000
39.95,0.75,2600,"bu","13:20:19",371600
39.95,0.75,1200,"bu","13:20:06",369000
39.95,0.75,500,"bu","13:20:06",367800
39.95,0.75,200,"bu","13:20:06",367300
39.95,0.75,3100,"bu","13:20:06",367100
39.95,0.75,500,"bu","13:20:04",364000
39.95,0.75,500,"bu","13:19:55",363500
39.95,0.75,400,"bu","13:18:30",363000
39.95,0.75,600,"bu","13:18:30",362600
39.95,0.75,400,"bu","13:17:48",362000
39.95,0.75,200,"bu","13:17:48",361600
39.95,0.75,200,"bu","13:17:48",361400
39.95,0.75,100,"bu","13:17:48",361200
39.95,0.75,500,"bu","13:17:48",361100
39.9,0.7,200,"bu","13:16:52",360600
39.9,0.7,1000,"bu","13:16:52",360400
39.9,0.7,1000,"bu","13:16:52",359400
39.9,0.7,1900,"bu","13:16:52",358400
39.9,0.7,600,"bu","13:16:52",356500
39.85,0.65,100,"sd","13:15:50",355900
39.85,0.65,100,"sd","13:15:50",355800
39.85,0.65,300,"sd","13:15:41",355700
39.85,0.65,500,"sd","13:15:37",355400
39.85,0.65,1000,"sd","13:15:23",354900
39.85,0.65,300,"sd","13:15:00",353900
39.85,0.65,300,"sd","13:14:35",353600
39.85,0.65,200,"sd","13:14:35",353300
39.85,0.65,300,"sd","13:14:27",353100
39.85,0.65,100,"sd","13:14:27",352800
39.85,0.65,100,"sd","13:14:27",352700
39.9,0.7,100,"bu","13:14:11",352600
39.9,0.7,300,"bu","13:14:11",352500
39.9,0.7,700,"bu","13:13:57",352200
39.9,0.7,100,"bu","13:13:41",351500
39.9,0.7,200,"bu","13:13:12",351400
39.9,0.7,100,"bu","13:13:12",351200
39.9,0.7,200,"bu","13:13:12",351100
39.9,0.7,400,"bu","13:13:12",350900
39.9,0.7,1000,"sd","13:12:53",350500
39.9,0.7,100,"sd","13:12:29",349500
39.9,0.7,100,"sd","13:12:24",349400
39.9,0.7,1900,"sd","13:12:24",349300
39.9,0.7,3000,"sd","13:12:00",347400
39.9,0.7,100,"sd","13:11:54",344400
39.9,0.7,200,"sd","13:10:16",344300
39.9,0.7,400,"sd","13:10:16",344100
39.9,0.7,600,"sd","13:10:16",343700
39.9,0.7,200,"sd","13:08:36",343100
39.9,0.7,100,"sd","13:08:10",342900
39.9,0.7,100,"sd","13:08:02",342800
39.9,0.7,100,"sd","13:08:02",342700
39.95,0.75,500,"bu","13:07:58",342600
39.95,0.75,500,"bu","13:07:58",342100
39.9,0.7,100,"bu","13:07:31",341600
39.9,0.7,100,"bu","13:07:29",341500
39.9,0.7,300,"bu","13:07:05",341400
39.9,0.7,700,"bu","13:07:05",341100
39.85,0.65,100,"sd","13:05:58",339500
39.8,0.6,900,"sd","13:05:58",340400
39.9,0.7,800,"sd","13:05:57",339400
39.9,0.7,400,"sd","13:05:55",338600
39.9,0.7,300,"sd","13:05:51",338200
39.9,0.7,100,"sd","13:05:51",337900
39.9,0.7,200,"sd","13:05:51",337800
39.9,0.7,100,"sd","13:05:51",337600
39.9,0.7,300,"sd","13:05:51",337500
39.9,0.7,700,"sd","13:05:38",337200
39.9,0.7,300,"sd","13:05:38",336500
39.9,0.7,1000,"sd","13:05:38",336200
39.9,0.7,500,"sd","13:05:18",335200
39.9,0.7,300,"sd","13:04:49",334700
39.95,0.75,300,"sd","13:04:09",334400
39.95,0.75,200,"sd","13:04:09",334100
39.95,0.75,100,"sd","13:04:02",333900
39.95,0.75,700,"sd","13:04:00",333800
39.95,0.75,200,"sd","13:03:47",333100
39.95,0.75,800,"sd","13:03:47",332900
39.95,0.75,600,"sd","13:03:41",332100
39.95,0.75,600,"sd","13:03:40",331500
39.95,0.75,100,"sd","13:03:36",330900
39.95,0.75,100,"sd","13:03:23",330800
39.95,0.75,100,"sd","13:03:23",330700
39.95,0.75,100,"sd","13:03:23",330600
39.95,0.75,700,"sd","13:03:23",330500
39.95,0.75,300,"sd","13:03:06",329800
39.95,0.75,100,"sd","13:01:02",329500
40,0.8,500,"bu","13:00:58",329400
39.95,0.75,200,"sd","13:00:54",328900
39.95,0.75,100,"sd","13:00:53",328700
40,0.8,2000,"bu","13:00:47",328600
39.95,0.75,600,"sd","13:00:43",326600
39.95,0.75,400,"sd","13:00:43",326000
39.95,0.75,700,"sd","13:00:25",325600
39.95,0.75,300,"sd","13:00:22",324900
39.95,0.75,100,"sd","13:00:22",324600
39.95,0.75,1000,"sd","13:00:13",324500
39.95,0.75,500,"sd","13:00:10",323500
39.9,0.7,2000,"sd","13:00:10",323000
40,0.8,2000,"bu","13:00:02",321000
39.9,0.7,1000,"sd","13:00:02",319000
40,0.8,2000,"bu","13:00:02",318000
39.9,0.7,200,"sd","11:29:54",316000
39.95,0.75,100,"bu","11:29:39",315800
39.95,0.75,400,"bu","11:29:39",315700
39.95,0.75,100,"bu","11:28:27",315300
39.9,0.7,100,"sd","11:27:15",315200
39.9,0.7,500,"sd","11:26:39",315100
39.9,0.7,500,"sd","11:26:33",314600
39.9,0.7,1000,"sd","11:26:20",314100
39.9,0.7,2000,"sd","11:23:39",313100
39.95,0.75,500,"bu","11:22:02",311100
39.9,0.7,100,"sd","11:21:41",310600
39.95,0.75,2000,"bu","11:21:35",310500
39.95,0.75,2000,"bu","11:21:23",308500
39.95,0.75,1000,"bu","11:16:27",306500
39.9,0.7,400,"sd","11:14:02",305500
39.9,0.7,100,"sd","11:12:04",305100
39.9,0.7,400,"sd","11:12:04",305000
39.9,0.7,1000,"sd","11:12:04",304600
39.9,0.7,500,"sd","11:12:04",303600
39.9,0.7,100,"sd","11:11:28",303100
39.9,0.7,100,"sd","11:10:04",303000
39.9,0.7,1800,"bu","11:09:39",302900
39.9,0.7,500,"bu","11:08:54",301100
39.9,0.7,500,"bu","11:08:54",300600
39.85,0.65,1500,"bu","11:06:42",300100
39.85,0.65,500,"bu","11:05:36",298600
39.85,0.65,2000,"sd","11:03:10",298100
39.85,0.65,100,"sd","11:03:02",296100
39.85,0.65,700,"sd","11:03:02",296000
39.9,0.7,400,"bu","10:58:23",295300
39.9,0.7,2300,"bu","10:58:23",294900
39.95,0.75,100,"sd","10:53:18",292600
39.95,0.75,2700,"bu","10:52:23",292500
39.95,0.75,2000,"bu","10:52:23",289800
39.95,0.75,100,"bu","10:52:23",287800
39.95,0.75,100,"bu","10:52:23",287700
39.9,0.7,700,"bu","10:51:06",287600
39.9,0.7,800,"bu","10:50:49",286900
39.9,0.7,700,"bu","10:50:49",286100
39.85,0.65,1000,"sd","10:49:29",285400
39.85,0.65,700,"sd","10:48:23",284400
39.85,0.65,200,"bu","10:47:48",283700
39.85,0.65,100,"bu","10:47:48",283500
39.85,0.65,200,"bu","10:47:48",283400
39.85,0.65,100,"bu","10:47:26",283200
39.85,0.65,500,"bu","10:47:26",283100
39.85,0.65,500,"sd","10:46:29",282600
39.9,0.7,200,"bu","10:45:20",282100
39.9,0.7,1000,"bu","10:43:18",281900
39.9,0.7,200,"bu","10:39:22",280900
39.9,0.7,200,"bu","10:39:07",280700
39.9,0.7,700,"sd","10:38:08",280500
39.9,0.7,1300,"sd","10:37:27",279800
39.9,0.7,100,"sd","10:37:27",278500
39.9,0.7,100,"sd","10:37:27",278400
39.95,0.75,100,"bu","10:35:10",278300
39.95,0.75,100,"sd","10:34:36",278200
39.95,0.75,100,"sd","10:34:13",278100
40,0.8,100,"bu","10:33:56",278000
40,0.8,200,"bu","10:33:56",277900
40,0.8,200,"bu","10:32:23",277700
40,0.8,100,"bu","10:32:01",277500
39.9,0.7,300,"sd","10:30:53",277400
39.9,0.7,500,"sd","10:30:53",277100
39.95,0.75,200,"unknown","10:30:53",276600
39.95,0.75,100,"bu","10:30:45",276400
39.95,0.75,100,"bu","10:30:45",276300
39.95,0.75,100,"bu","10:30:45",276200
39.9,0.7,100,"bu","10:30:37",276100
39.9,0.7,100,"bu","10:30:37",276000
39.9,0.7,200,"bu","10:30:37",275900
39.9,0.7,100,"bu","10:30:37",275700
39.85,0.65,100,"bu","10:29:48",275600
39.85,0.65,200,"bu","10:29:48",275500
39.85,0.65,200,"bu","10:29:48",275300
39.85,0.65,100,"bu","10:28:25",275100
39.85,0.65,900,"bu","10:28:25",275000
39.85,0.65,100,"bu","10:25:51",274100
39.8,0.6,1000,"sd","10:25:39",274000
39.8,0.6,1100,"sd","10:25:24",273000
39.85,0.65,400,"sd","10:24:29",271900
39.85,0.65,100,"sd","10:24:26",271500
39.8,0.6,500,"bu","10:23:37",271400
39.8,0.6,100,"bu","10:23:37",270900
39.8,0.6,200,"bu","10:22:43",270800
39.8,0.6,200,"bu","10:22:28",270600
39.8,0.6,400,"bu","10:22:28",270400
39.8,0.6,400,"bu","10:22:28",270000
39.8,0.6,100,"bu","10:20:59",269600
39.8,0.6,300,"bu","10:20:40",269500
39.8,0.6,800,"bu","10:20:40",269200
39.8,0.6,200,"bu","10:19:32",268400
39.7,0.5,400,"sd","10:19:30",268200
39.7,0.5,200,"sd","10:19:30",267800
39.7,0.5,800,"sd","10:19:30",267600
39.8,0.6,800,"bu","10:19:20",266800
39.8,0.6,1000,"bu","10:19:20",266000
39.8,0.6,200,"bu","10:19:20",265000
39.9,0.7,900,"sd","10:16:24",264800
39.95,0.75,100,"unknown","10:16:24",263900
39.95,0.75,4900,"bu","10:16:10",263800
39.95,0.75,100,"bu","10:16:09",258900
39.95,0.75,100,"bu","10:16:09",258800
39.95,0.75,400,"bu","10:16:09",258700
39.9,0.7,800,"sd","10:14:58",258300
39.9,0.7,2000,"bu","10:14:33",257500
39.9,0.7,100,"bu","10:14:33",255500
39.9,0.7,400,"bu","10:14:33",255400
39.9,0.7,400,"bu","10:14:33",255000
39.8,0.6,400,"bu","10:14:33",254600
39.8,0.6,500,"bu","10:14:28",254200
39.8,0.6,100,"sd","10:14:11",253700
39.8,0.6,100,"sd","10:14:11",253600
39.8,0.6,1500,"sd","10:14:11",253500
39.8,0.6,500,"sd","10:14:11",252000
39.8,0.6,900,"sd","10:14:11",251500
39.8,0.6,300,"sd","10:13:18",250600
39.8,0.6,500,"sd","10:13:04",250300
39.85,0.65,100,"bu","10:12:39",249800
39.8,0.6,2000,"sd","10:11:44",249700
39.8,0.6,500,"sd","10:11:33",247700
39.8,0.6,1000,"sd","10:11:32",247200
39.8,0.6,500,"sd","10:11:18",246200
39.8,0.6,2000,"sd","10:10:57",245700
39.8,0.6,500,"sd","10:10:46",243700
39.8,0.6,100,"sd","10:10:44",243200
39.8,0.6,500,"sd","10:10:33",243100
39.85,0.65,400,"sd","10:09:53",242600
39.9,0.7,200,"bu","10:09:02",242200
39.9,0.7,400,"sd","10:08:26",242000
39.9,0.7,200,"sd","10:07:40",241600
39.9,0.7,200,"sd","10:07:40",241400
39.9,0.7,4800,"sd","10:07:37",241200
39.9,0.7,200,"sd","10:07:37",236400
39.9,0.7,100,"sd","10:07:27",236200
39.95,0.75,2000,"bu","10:06:45",236100
39.95,0.75,2600,"bu","10:06:12",234100
39.8,0.6,1700,"sd","10:06:10",231500
39.8,0.6,1300,"sd","10:06:10",229800
39.9,0.7,100,"unknown","10:06:02",228500
39.9,0.7,200,"bu","10:05:46",228400
39.9,0.7,2600,"sd","10:05:37",228200
39.9,0.7,300,"sd","10:05:34",225600
39.9,0.7,800,"sd","10:04:35",225300
39.9,0.7,500,"sd","10:04:31",224500
39.9,0.7,200,"bu","10:04:07",224000
39.9,0.7,200,"bu","10:04:07",223800
39.9,0.7,400,"bu","10:04:07",223600
39.8,0.6,1000,"sd","10:04:00",223200
39.8,0.6,200,"sd","10:03:51",222200
39.8,0.6,200,"bu","10:03:30",222000
39.8,0.6,500,"bu","10:03:18",221800
39.8,0.6,100,"sd","10:03:14",221300
39.8,0.6,900,"bu","10:03:09",221200
39.8,0.6,2100,"sd","10:02:42",220300
39.8,0.6,300,"sd","10:02:37",218200
39.8,0.6,2600,"sd","10:02:18",217900
39.8,0.6,1500,"sd","10:02:18",215300
39.8,0.6,200,"sd","10:02:18",213800
39.8,0.6,3200,"sd","10:02:18",213600
39.8,0.6,4000,"sd","10:02:15",210400
39.9,0.7,100,"bu","10:02:07",206400
39.9,0.7,200,"sd","10:01:56",206300
39.95,0.75,3000,"sd","10:01:26",206100
39.95,0.75,300,"sd","10:01:26",203100
40,0.8,2000,"bu","10:00:55",202800
40,0.8,1000,"bu","10:00:26",200800
40.05,0.85,100,"sd","10:00:16",199800
40,0.8,300,"unknown","10:00:02",199700
40,0.8,1000,"unknown","10:00:02",199400
40,0.8,100,"unknown","10:00:02",198400
40,0.8,100,"unknown","10:00:02",198300
40,0.8,500,"unknown","10:00:02",198200
40,0.8,100,"unknown","10:00:02",197700
40,0.8,500,"unknown","10:00:02",197600
40,0.8,900,"unknown","10:00:02",197100
40,0.8,100,"sd","10:00:02",196200
40,0.8,500,"sd","10:00:02",196100
40.05,0.85,500,"sd","09:59:48",195600
40.05,0.85,1300,"sd","09:59:48",195100
40.05,0.85,100,"sd","09:59:40",193800
40.1,0.9,200,"sd","09:59:05",193700
40.1,0.9,200,"sd","09:58:58",193500
40.1,0.9,100,"sd","09:58:58",193300
40.1,0.9,200,"sd","09:58:58",193200
40.1,0.9,300,"bu","09:58:58",193000
40.1,0.9,200,"bu","09:58:26",192700
40.1,0.9,100,"sd","09:58:18",192500
40.1,0.9,400,"sd","09:58:18",192400
40.2,1,100,"bu","09:57:43",192000
40.2,1,400,"bu","09:56:44",191900
40.2,1,100,"bu","09:56:44",191500
40.2,1,500,"bu","09:56:44",191400
40.2,1,500,"bu","09:56:06",190900
40.2,1,2000,"bu","09:55:40",190400
40.2,1,100,"bu","09:55:26",188400
40.2,1,300,"bu","09:54:53",188300
40.2,1,100,"bu","09:54:53",188000
40.05,0.85,3600,"sd","09:54:07",187900
40.05,0.85,400,"sd","09:54:07",184300
40.05,0.85,500,"sd","09:54:07",183400
40.05,0.85,500,"sd","09:54:07",183900
40.2,1,500,"sd","09:53:02",182900
40.2,1,200,"sd","09:53:02",182400
40.2,1,100,"sd","09:52:56",182200
40.2,1,100,"bu","09:52:44",182100
40.2,1,100,"bu","09:52:44",182000
40.2,1,2500,"bu","09:52:44",181900
40.2,1,1500,"bu","09:52:38",179400
40.2,1,100,"bu","09:52:38",177900
40.2,1,100,"bu","09:52:38",177800
40.2,1,200,"bu","09:52:38",177700
40.1,0.9,100,"bu","09:52:11",177400
40.2,1,100,"bu","09:52:11",177500
40.2,1,400,"bu","09:51:49",177300
40.2,1,100,"bu","09:51:49",176900
40.2,1,200,"bu","09:51:22",176800
40.2,1,200,"bu","09:51:12",176600
40,0.8,100,"sd","09:51:07",176400
40,0.8,100,"sd","09:50:58",176300
40,0.8,500,"bu","09:50:54",176200
40,0.8,6200,"bu","09:50:54",175700
40,0.8,2000,"bu","09:50:50",169500
40,0.8,800,"bu","09:50:50",167500
40,0.8,700,"bu","09:50:50",166700
40,0.8,300,"bu","09:50:49",166000
40,0.8,100,"bu","09:50:49",165700
40,0.8,600,"bu","09:50:49",165600
40,0.8,1200,"bu","09:50:48",165000
40,0.8,1000,"bu","09:50:46",163800
40,0.8,200,"bu","09:50:36",162800
40,0.8,100,"bu","09:50:36",162600
40,0.8,2900,"bu","09:50:29",162500
40,0.8,1000,"bu","09:50:29",159600
40,0.8,2000,"bu","09:50:29",158600
40,0.8,1000,"bu","09:50:29",156600
40,0.8,100,"bu","09:50:29",155600
40,0.8,200,"bu","09:50:29",155500
40,0.8,300,"bu","09:50:29",155300
40,0.8,2500,"bu","09:50:29",155000
40,0.8,500,"bu","09:50:29",152500
40,0.8,500,"bu","09:50:17",152000
40,0.8,1500,"bu","09:49:57",151500
40,0.8,2000,"bu","09:49:57",150000
40,0.8,800,"bu","09:49:57",148000
40,0.8,200,"bu","09:49:57",147200
40,0.8,100,"bu","09:49:57",147000
40,0.8,400,"bu","09:49:57",146900
40,0.8,100,"bu","09:49:51",146500
40,0.8,200,"bu","09:49:51",146400
40,0.8,100,"bu","09:49:32",146200
40,0.8,100,"bu","09:49:32",146100
40,0.8,800,"bu","09:49:31",146000
40,0.8,100,"bu","09:49:31",145200
40,0.8,100,"bu","09:49:31",145100
40,0.8,300,"bu","09:49:31",145000
40,0.8,3000,"bu","09:49:19",144700
40,0.8,2000,"bu","09:49:19",141700
39.95,0.75,500,"bu","09:49:14",139700
39.95,0.75,100,"bu","09:49:14",139200
39.95,0.75,1600,"bu","09:49:14",139100
39.9,0.7,100,"sd","09:49:13",137500
39.95,0.75,1000,"bu","09:49:06",137400
39.95,0.75,900,"bu","09:48:59",136400
39.95,0.75,100,"bu","09:48:59",135500
39.9,0.7,200,"sd","09:48:01",135400
39.9,0.7,100,"sd","09:47:55",135200
39.9,0.7,300,"bu","09:47:31",135100
39.9,0.7,100,"bu","09:47:31",134800
39.9,0.7,200,"bu","09:47:31",134700
39.9,0.7,500,"bu","09:47:31",134500
39.9,0.7,2500,"bu","09:47:31",134000
39.9,0.7,100,"bu","09:47:31",131500
39.85,0.65,100,"bu","09:47:31",131400
39.85,0.65,500,"bu","09:47:31",131300
39.8,0.6,500,"sd","09:47:21",130800
39.8,0.6,100,"sd","09:47:16",130300
39.8,0.6,1000,"bu","09:47:11",130200
39.8,0.6,6200,"bu","09:47:11",129200
39.8,0.6,100,"bu","09:47:10",123000
39.8,0.6,100,"bu","09:47:10",122900
39.8,0.6,200,"bu","09:47:10",122800
39.8,0.6,300,"bu","09:47:10",122600
39.8,0.6,6500,"bu","09:47:10",122300
39.8,0.6,300,"bu","09:47:10",115800
39.8,0.6,100,"bu","09:47:10",115500
39.8,0.6,400,"bu","09:47:10",115400
39.8,0.6,100,"bu","09:47:01",115000
39.8,0.6,100,"bu","09:47:01",114900
39.75,0.55,200,"bu","09:46:33",114800
39.7,0.5,100,"sd","09:46:00",114600
39.7,0.5,800,"bu","09:45:44",114500
39.7,0.5,800,"bu","09:45:44",113700
39.7,0.5,500,"bu","09:45:31",112900
39.7,0.5,200,"bu","09:45:31",112400
39.7,0.5,1300,"bu","09:45:31",112200
39.7,0.5,500,"bu","09:45:11",110900
39.7,0.5,200,"bu","09:45:08",110400
39.65,0.45,500,"sd","09:44:57",110200
39.7,0.5,3000,"bu","09:44:52",109700
39.7,0.5,100,"bu","09:44:22",106700
39.7,0.5,500,"bu","09:43:14",106600
39.7,0.5,400,"bu","09:43:06",106100
39.7,0.5,500,"bu","09:43:06",105700
39.7,0.5,100,"bu","09:43:06",105200
39.7,0.5,100,"bu","09:42:36",105100
39.65,0.45,200,"sd","09:41:50",105000
39.65,0.45,300,"bu","09:41:29",104800
39.65,0.45,200,"bu","09:40:57",104500
39.65,0.45,100,"bu","09:40:57",104300
39.65,0.45,200,"bu","09:40:57",104200
39.65,0.45,500,"bu","09:40:57",104000
39.6,0.4,400,"sd","09:40:45",103500
39.6,0.4,100,"sd","09:40:13",103100
39.6,0.4,100,"sd","09:38:44",103000
39.65,0.45,500,"bu","09:38:25",102900
39.6,0.4,500,"sd","09:38:21",102400
39.65,0.45,100,"bu","09:38:04",101900
39.65,0.45,400,"bu","09:37:35",101800
39.6,0.4,300,"bu","09:37:35",101400
39.6,0.4,200,"bu","09:37:35",101100
39.6,0.4,4100,"bu","09:37:35",100900
39.6,0.4,1300,"bu","09:37:10",96800
39.55,0.35,200,"bu","09:37:10",95500
39.55,0.35,1000,"bu","09:37:10",95300
39.5,0.3,500,"sd","09:37:03",94300
39.5,0.3,800,"sd","09:36:54",93800
39.5,0.3,200,"sd","09:36:54",93000
39.5,0.3,200,"bu","09:36:35",92800
39.5,0.3,300,"bu","09:36:35",92600
39.5,0.3,1000,"bu","09:36:30",92300
39.45,0.25,200,"bu","09:35:59",91300
39.45,0.25,1300,"bu","09:35:59",91100
39.45,0.25,5000,"bu","09:35:52",89800
39.45,0.25,500,"bu","09:35:41",84800
39.45,0.25,2000,"bu","09:35:35",84300
39.4,0.2,200,"bu","09:34:41",82300
39.4,0.2,300,"bu","09:34:41",82100
39.35,0.15,100,"sd","09:34:23",81800
39.35,0.15,1000,"sd","09:32:54",81700
39.15,-0.05,100,"sd","09:30:01",80700
39.2,0,100,"sd","09:30:01",80600
39.2,0,400,"sd","09:30:01",80500
39.2,0,600,"sd","09:29:42",80100
39.2,0,300,"sd","09:29:42",78500
39.2,0,1000,"sd","09:29:42",79500
39.3,0.1,100,"unknown","09:29:42",78200
39.3,0.1,1000,"unknown","09:29:42",78100
39.3,0.1,1000,"unknown","09:29:42",77100
39.3,0.1,1000,"unknown","09:29:42",76100
39.3,0.1,2700,"unknown","09:29:42",75100
39.4,0.2,300,"unknown","09:29:42",72400
39.4,0.2,1700,"bu","09:29:42",72100
39.4,0.2,1100,"bu","09:29:42",70400
39.4,0.2,200,"bu","09:29:28",69300
39.4,0.2,800,"bu","09:29:28",69100
39.3,0.1,200,"sd","09:28:36",68300
39.3,0.1,100,"sd","09:28:19",68100
39.4,0.2,200,"sd","09:27:52",68000
39.5,0.3,800,"bu","09:27:41",67800
39.5,0.3,1000,"bu","09:27:22",67000
39.5,0.3,1000,"bu","09:27:22",66000
39.5,0.3,5000,"bu","09:27:22",65000
39.5,0.3,5000,"bu","09:27:22",60000
39.5,0.3,5000,"bu","09:27:22",55000
39.5,0.3,200,"bu","09:27:22",50000
39.5,0.3,200,"bu","09:27:22",49800
39.55,0.35,600,"sd","09:27:22",49600
39.5,0.3,200,"sd","09:27:22",49000
39.5,0.3,2200,"sd","09:27:22",48800
39.6,0.4,1000,"sd","09:27:05",46600
39.6,0.4,1000,"sd","09:27:05",45600
39.6,0.4,500,"sd","09:27:05",44600
39.6,0.4,500,"sd","09:26:53",44100
39.6,0.4,200,"sd","09:26:53",43600
39.6,0.4,400,"sd","09:26:44",43400
39.6,0.4,400,"sd","09:26:20",43000
39.6,0.4,1000,"sd","09:26:20",42600
39.6,0.4,1000,"sd","09:26:20",41600
39.6,0.4,100,"sd","09:26:20",40600
39.6,0.4,100,"sd","09:26:20",40500
39.6,0.4,400,"sd","09:26:20",40400
39.6,0.4,100,"sd","09:25:48",40000
39.65,0.45,1100,"bu","09:25:40",39900
39.6,0.4,200,"sd","09:25:24",38800
39.6,0.4,800,"sd","09:25:24",38600
39.6,0.4,200,"sd","09:25:14",37800
39.6,0.4,100,"sd","09:24:48",37600
39.6,0.4,500,"sd","09:24:36",37500
39.65,0.45,100,"bu","09:24:26",37000
39.65,0.45,400,"sd","09:24:26",36900
39.65,0.45,400,"sd","09:24:23",36500
39.65,0.45,200,"sd","09:24:15",36100
39.65,0.45,1000,"sd","09:24:15",35900
39.65,0.45,800,"sd","09:24:15",34900
39.7,0.5,900,"bu","09:24:04",34100
39.7,0.5,100,"bu","09:24:04",33200
39.7,0.5,100,"bu","09:24:04",33100
39.65,0.45,100,"sd","09:24:02",33000
39.65,0.45,100,"sd","09:23:40",32900
39.65,0.45,1000,"sd","09:23:40",32800
39.65,0.45,100,"sd","09:22:54",31800
39.7,0.5,200,"sd","09:22:54",31700
39.7,0.5,1000,"bu","09:22:45",31500
39.65,0.45,900,"sd","09:22:35",30500
39.65,0.45,2700,"sd","09:22:35",29600
39.65,0.45,300,"sd","09:22:03",26900
39.65,0.45,600,"sd","09:22:03",26600
39.75,0.55,200,"bu","09:22:00",26000
39.75,0.55,100,"bu","09:22:00",25800
39.65,0.45,1000,"sd","09:21:56",25700
39.65,0.45,100,"sd","09:21:56",24700
39.65,0.45,300,"sd","09:21:44",24600
39.7,0.5,800,"bu","09:21:26",24300
39.7,0.5,1000,"sd","09:21:15",23500
39.7,0.5,100,"sd","09:21:15",22500
39.7,0.5,100,"sd","09:21:15",22400
39.7,0.5,100,"sd","09:21:08",22300
39.7,0.5,900,"sd","09:21:08",22200
39.7,0.5,100,"sd","09:20:52",21300
39.7,0.5,900,"sd","09:20:52",21200
39.7,0.5,100,"sd","09:20:50",20300
39.8,0.6,200,"bu","09:20:37",20200
39.8,0.6,800,"bu","09:20:11",20000
39.75,0.55,200,"bu","09:20:11",19200
39.7,0.5,200,"sd","09:20:05",19000
39.7,0.5,1000,"unknown","09:19:34",18800
39.8,0.6,100,"bu","09:19:08",17800
39.8,0.6,300,"bu","09:18:51",17700
39.8,0.6,1900,"sd","09:18:34",17400
39.8,0.6,100,"sd","09:18:34",15500
39.85,0.65,3000,"sd","09:18:34",15400
39.9,0.7,100,"bu","09:18:26",12400
39.8,0.6,100,"bu","09:18:10",12300
39.8,0.6,100,"sd","09:18:03",12200
39.8,0.6,100,"sd","09:18:01",12100
39.7,0.5,300,"sd","09:17:50",12000
39.55,0.35,100,"sd","09:17:16",11700
40,0.8,600,"bu","09:17:15",11600
40,0.8,200,"bu","09:17:15",11000
39.5,0.3,200,"sd","09:16:43",10800
39.5,0.3,100,"bu","09:16:24",10600
39.5,0.3,700,"bu","09:16:24",10500
39.5,0.3,100,"bu","09:15:58",9800
39.5,0.3,200,"bu","09:15:51",9700
39.5,0.3,700,"bu","09:15:25",9500
39.25,0.05,8800,"unknown","09:15:03",8800
