"price","change","match_qtty","side","time","total_vol"
83900,900,8800,"bu","14:45:00",190500
83500,500,400,"sd","14:29:05",181700
83500,500,100,"sd","14:29:05",181300
83600,600,200,"bu","14:28:54",181200
83600,600,500,"bu","14:28:00",181000
83600,600,300,"bu","14:27:45",180500
83400,400,100,"sd","14:27:09",180200
83400,400,100,"sd","14:26:59",180100
83500,500,1000,"bu","14:26:11",180000
83500,500,1000,"bu","14:26:11",179000
83300,300,100,"sd","14:25:40",178000
83300,300,100,"sd","14:25:32",177900
83300,300,300,"sd","14:25:24",177800
83300,300,100,"sd","14:25:22",177500
83300,300,800,"bu","14:23:38",177400
83200,200,300,"sd","14:23:26",176600
83200,200,100,"sd","14:23:17",176300
83200,200,100,"sd","14:23:15",176200
83200,200,300,"sd","14:23:05",176100
83300,300,2000,"bu","14:22:49",175800
83300,300,5000,"sd","14:22:28",173800
83300,300,100,"sd","14:22:28",168800
83400,400,600,"sd","14:22:28",168700
83400,400,100,"sd","14:22:20",168100
83400,400,2000,"sd","14:22:12",168000
83400,400,1000,"sd","14:21:37",166000
83400,400,100,"sd","14:21:31",165000
83500,500,100,"sd","14:20:55",164900
83500,500,100,"sd","14:20:48",164800
83400,400,100,"sd","14:20:41",164700
83400,400,100,"sd","14:20:25",164600
83400,400,1000,"sd","14:20:02",164500
83500,500,500,"bu","14:19:51",163500
83300,300,400,"sd","14:17:24",163000
83200,200,200,"sd","14:15:11",162600
83300,300,100,"sd","14:15:11",162400
83300,300,100,"sd","14:15:11",162300
83400,400,300,"sd","14:15:11",162200
83400,400,200,"sd","14:15:11",161900
83400,400,100,"sd","14:15:11",161700
83600,600,100,"bu","14:14:02",161600
83600,600,200,"bu","14:14:02",161500
83500,500,300,"bu","14:13:07",161300
83300,300,200,"sd","14:12:33",161000
83300,300,100,"sd","14:12:33",160800
83400,400,100,"sd","14:12:33",160700
83400,400,100,"sd","14:12:33",160600
83400,400,500,"sd","14:12:33",160500
83500,500,300,"sd","14:11:29",160000
83500,500,400,"sd","14:11:29",159700
83500,500,100,"sd","14:10:25",159300
83500,500,500,"sd","14:10:25",159200
83600,600,100,"sd","14:10:25",158700
83600,600,300,"sd","14:10:25",158600
83700,700,200,"sd","14:10:12",158300
83600,600,100,"sd","14:09:03",158100
83600,600,100,"sd","14:07:51",158000
83900,900,100,"bu","14:03:46",157900
83900,900,100,"bu","14:03:25",157800
83900,900,200,"bu","14:02:36",157700
83900,900,500,"bu","14:02:09",157500
83900,900,100,"bu","14:00:09",157000
83500,500,100,"sd","13:55:16",156900
83200,200,1000,"sd","13:50:55",156800
83200,200,100,"sd","13:50:53",155800
83200,200,1000,"sd","13:50:35",155700
83200,200,1000,"sd","13:49:49",154700
83200,200,500,"sd","13:49:49",153700
83600,600,1000,"sd","13:49:49",153200
83000,0,200,"sd","13:49:49",152200
83100,100,500,"sd","13:49:49",152000
83700,700,100,"sd","13:49:49",151500
83700,700,900,"sd","13:49:49",151400
83100,100,1200,"sd","13:49:49",150500
83100,100,100,"sd","13:49:49",149300
83900,900,300,"bu","13:49:01",149200
83800,800,200,"sd","13:48:38",148900
83800,800,800,"sd","13:48:38",148700
83800,800,1000,"sd","13:48:19",147900
83900,900,100,"sd","13:47:31",146900
83900,900,200,"sd","13:47:12",146800
83900,900,700,"sd","13:46:18",146600
84000,1000,300,"sd","13:46:18",145900
84000,1000,300,"bu","13:45:42",145600
84000,1000,1000,"bu","13:43:40",145300
83800,800,200,"sd","13:43:39",144300
83800,800,800,"sd","13:43:39",144100
84000,1000,300,"bu","13:42:20",143300
84000,1000,200,"bu","13:42:20",143000
84000,1000,100,"sd","13:41:09",142800
84000,1000,100,"sd","13:41:09",142700
84000,1000,100,"sd","13:41:09",142600
84000,1000,100,"bu","13:37:02",142500
84000,1000,100,"bu","13:37:02",142400
84500,1500,600,"bu","13:37:02",142300
84500,1500,200,"bu","13:37:02",141700
84500,1500,100,"bu","13:37:02",141500
84400,1400,100,"bu","13:37:02",141400
84400,1400,1000,"bu","13:37:02",141300
84300,1300,100,"bu","13:37:02",140300
84300,1300,500,"bu","13:37:02",140200
84200,1200,100,"bu","13:37:02",139700
84100,1100,100,"bu","13:37:02",139600
84000,1000,200,"bu","13:37:01",139500
84000,1000,300,"bu","13:36:56",139300
84000,1000,1400,"bu","13:36:10",139000
84000,1000,1000,"bu","13:36:10",137600
84000,1000,100,"bu","13:36:10",136600
84000,1000,200,"bu","13:36:10",136500
84000,1000,300,"bu","13:36:10",136300
83900,900,100,"sd","13:36:05",136000
83800,800,200,"sd","13:34:50",135900
84000,1000,100,"bu","13:34:42",135700
83900,900,500,"bu","13:33:46",135600
83900,900,1500,"bu","13:33:40",135100
83900,900,100,"bu","13:33:40",133600
83900,900,100,"bu","13:33:40",133500
83700,700,700,"bu","13:32:39",133400
83700,700,100,"bu","13:32:39",132700
83600,600,300,"bu","13:32:39",132600
83600,600,100,"bu","13:32:02",132300
83500,500,1200,"bu","13:31:56",132200
83500,500,800,"bu","13:31:52",131000
83500,500,200,"bu","13:31:52",130200
83400,400,1000,"bu","13:30:59",130000
83400,400,1100,"bu","13:30:59",129000
83300,300,100,"bu","13:30:43",127900
83100,100,1000,"sd","13:30:32",127800
83200,200,100,"sd","13:27:15",126800
83200,200,1000,"bu","13:24:51",126700
83400,400,100,"bu","13:22:32",125700
83500,500,100,"sd","13:19:53",125600
83500,500,1900,"bu","13:18:42",125500
83500,500,100,"bu","13:18:26",123600
83400,400,1000,"bu","13:18:07",123500
83400,400,2000,"bu","13:17:59",122500
83200,200,200,"bu","13:17:40",120500
83200,200,800,"bu","13:17:33",120300
83200,200,1200,"bu","13:17:33",119500
83000,0,2000,"bu","13:16:53",118300
83000,0,100,"bu","13:16:53",116300
83000,0,200,"bu","13:16:53",116200
83000,0,400,"bu","13:16:38",116000
83000,0,100,"sd","13:15:38",115600
83000,0,300,"sd","13:15:38",115500
83000,0,700,"bu","13:14:47",115200
83000,0,200,"sd","13:14:39",114500
83000,0,100,"sd","13:14:39",114300
83000,0,200,"sd","13:13:37",114200
83000,0,500,"sd","13:13:28",114000
83000,0,200,"bu","13:12:51",113500
83000,0,1800,"bu","13:12:17",113300
83000,0,1000,"bu","13:12:16",111500
83000,0,200,"bu","13:12:16",110500
83000,0,1000,"bu","13:10:49",110300
83000,0,300,"bu","13:06:04",109300
83000,0,100,"sd","13:04:57",109000
83000,0,200,"bu","13:03:51",108900
83000,0,500,"bu","13:03:09",108700
83000,0,100,"bu","13:00:04",108200
83000,0,200,"bu","13:00:03",108100
83000,0,100,"bu","11:28:20",107900
83000,0,1000,"sd","11:24:42",107800
83000,0,100,"sd","11:23:36",106800
83000,0,100,"sd","11:21:34",106700
83000,0,1000,"sd","11:21:31",106600
83000,0,700,"sd","11:21:04",105600
83000,0,100,"sd","11:20:54",104900
83000,0,1000,"sd","11:20:17",104800
83000,0,200,"sd","11:19:26",103800
83000,0,300,"sd","11:18:01",103600
83000,0,1000,"sd","11:17:44",103300
83000,0,1000,"sd","11:16:59",102300
83000,0,1000,"sd","11:15:39",101300
83000,0,1000,"sd","11:15:23",100300
83000,0,3000,"sd","11:15:06",99300
83000,0,3500,"bu","11:14:26",96300
83000,0,200,"bu","11:12:19",92800
83000,0,1000,"bu","11:11:35",92600
83000,0,300,"bu","11:09:47",91600
83000,0,200,"bu","11:09:47",91300
82800,-200,800,"sd","11:07:40",91100
82800,-200,200,"sd","11:06:07",90300
82800,-200,100,"sd","11:06:07",90100
82900,-100,1500,"sd","11:05:42",90000
82800,-200,100,"sd","11:05:42",88500
82800,-200,100,"sd","11:05:42",88400
82900,-100,200,"sd","11:05:41",88300
82900,-100,500,"sd","11:05:41",88100
82900,-100,200,"sd","11:05:41",87600
82900,-100,100,"sd","11:05:41",87400
83000,0,100,"bu","11:05:24",87300
83000,0,100,"bu","11:03:56",87200
83000,0,100,"bu","11:03:31",87100
83000,0,500,"sd","11:03:16",87000
83000,0,100,"sd","11:03:16",86500
83000,0,100,"sd","11:03:16",86400
83000,0,100,"sd","11:03:16",86300
83000,0,500,"sd","11:03:16",86200
83000,0,200,"sd","11:03:16",85700
83100,100,100,"sd","11:02:52",85500
83000,0,400,"sd","11:02:14",85400
83000,0,800,"sd","11:02:11",85000
83000,0,100,"sd","11:02:11",84200
83000,0,100,"sd","11:02:11",84100
83000,0,500,"sd","11:01:49",84000
83000,0,500,"sd","11:01:49",83500
83000,0,1500,"sd","11:01:36",83000
83000,0,200,"sd","11:01:36",81500
83000,0,300,"sd","11:01:36",81300
83200,200,800,"bu","10:57:47",81000
83000,0,400,"sd","10:57:43",80200
83000,0,100,"sd","10:57:43",79800
83000,0,400,"sd","10:57:34",79700
83000,0,500,"sd","10:56:44",79300
83000,0,200,"sd","10:56:44",78800
83000,0,100,"sd","10:56:44",78600
83000,0,100,"sd","10:56:44",78500
83100,100,100,"sd","10:56:44",78400
83000,0,500,"sd","10:55:48",78300
83200,200,1000,"unknown","10:55:16",77800
83100,100,100,"sd","10:54:59",76800
83000,0,100,"sd","10:52:21",76700
83100,100,500,"bu","10:50:56",76600
83000,0,500,"sd","10:50:54",76100
83000,0,1400,"sd","10:50:35",75600
83000,0,100,"sd","10:50:35",74200
83000,0,100,"sd","10:50:35",74100
83000,0,600,"sd","10:50:35",74000
83000,0,200,"sd","10:50:35",73400
83100,100,100,"sd","10:50:35",73200
83000,0,1900,"sd","10:50:35",73100
83000,0,800,"sd","10:50:35",71200
83100,100,200,"sd","10:50:35",70400
83100,100,100,"sd","10:50:35",70200
83100,100,100,"sd","10:50:35",70100
83100,100,100,"sd","10:50:35",70000
83100,100,200,"sd","10:50:35",69900
83100,100,200,"sd","10:43:14",69700
83100,100,500,"sd","10:43:14",69500
83100,100,200,"sd","10:43:14",69000
83100,100,100,"sd","10:43:14",68800
83000,0,200,"sd","10:40:05",68700
83500,500,300,"sd","10:38:18",68500
83500,500,200,"sd","10:38:18",68200
83500,500,500,"sd","10:38:18",68000
83500,500,500,"sd","10:37:22",67500
83500,500,300,"sd","10:37:22",67000
83500,500,200,"sd","10:37:22",66700
83700,700,200,"sd","10:33:49",66500
83700,700,100,"sd","10:33:49",66300
83700,700,100,"sd","10:33:00",66200
83200,200,300,"unknown","10:31:59",66100
83300,300,200,"unknown","10:31:59",65800
83300,300,200,"sd","10:31:59",65600
83500,500,700,"sd","10:31:59",65400
83500,500,700,"sd","10:31:59",64700
83600,600,100,"sd","10:31:59",64000
82800,-200,1700,"sd","10:31:59",63900
83000,0,200,"sd","10:31:59",62200
83200,200,100,"sd","10:31:59",62000
83700,700,100,"bu","10:30:45",61900
83600,600,200,"bu","10:30:06",61800
83500,500,100,"bu","10:29:48",61600
83500,500,200,"bu","10:29:48",61500
83500,500,500,"bu","10:29:40",61300
83400,400,100,"sd","10:29:21",60800
83500,500,500,"bu","10:29:06",60700
83400,400,100,"sd","10:27:51",60200
83400,400,200,"unknown","10:23:19",60100
83400,400,1800,"bu","10:23:08",59900
83400,400,200,"bu","10:23:08",58100
83200,200,2000,"bu","10:22:20",57900
83000,0,700,"bu","10:19:44",55900
83000,0,600,"bu","10:19:44",55200
83000,0,1400,"bu","10:19:44",54600
82800,-200,500,"sd","10:19:00",53200
82800,-200,200,"sd","10:19:00",52700
82800,-200,400,"bu","10:17:06",52500
82800,-200,100,"bu","10:17:05",52100
82700,-300,100,"bu","10:16:46",52000
82700,-300,1000,"bu","10:16:46",51900
82700,-300,500,"bu","10:16:17",50900
82700,-300,100,"bu","10:16:16",50400
82700,-300,100,"bu","10:15:39",50300
82600,-400,400,"sd","10:15:00",50200
82600,-400,100,"sd","10:15:00",49800
82600,-400,200,"sd","10:15:00",49700
82700,-300,100,"sd","10:15:00",49500
82700,-300,1000,"bu","10:13:45",49400
82600,-400,1000,"sd","10:13:27",48400
82700,-300,100,"sd","10:12:53",47400
82700,-300,100,"sd","10:12:53",47300
82700,-300,100,"sd","10:12:53",47000
82700,-300,200,"sd","10:12:53",47200
82800,-200,200,"bu","10:12:28",46900
82800,-200,100,"sd","10:12:07",46700
82800,-200,100,"sd","10:12:07",46600
82800,-200,400,"sd","10:11:57",46500
82800,-200,300,"sd","10:11:23",46100
82800,-200,1000,"sd","10:11:14",45800
82800,-200,200,"sd","10:11:00",44800
82900,-100,100,"bu","10:10:47",44600
82900,-100,200,"sd","10:09:36",44500
82900,-100,2000,"sd","10:09:36",44300
83000,0,100,"sd","10:08:57",42300
83000,0,200,"sd","10:08:57",42200
83000,0,900,"sd","10:08:15",42000
83000,0,1000,"sd","10:08:15",41100
83000,0,700,"sd","10:08:15",40100
83000,0,400,"sd","10:08:15",39400
83300,300,500,"sd","10:07:45",39000
83100,100,2000,"sd","10:06:52",38500
83100,100,700,"sd","10:06:52",36500
83400,400,100,"bu","10:06:14",35800
83100,100,200,"sd","10:06:08",35700
83200,200,300,"sd","10:06:08",35500
83200,200,500,"sd","10:05:49",35200
83200,200,300,"sd","10:03:53",34700
83200,200,100,"sd","10:03:53",34400
83200,200,1000,"sd","10:02:48",34300
83300,300,100,"sd","10:00:36",33300
83400,400,100,"bu","09:59:51",33200
83400,400,100,"bu","09:58:48",33100
83400,400,200,"bu","09:57:22",33000
83400,400,100,"sd","09:57:19",32800
83400,400,100,"sd","09:57:19",32700
83400,400,100,"sd","09:57:19",32600
83500,500,800,"bu","09:55:39",32500
83500,500,100,"bu","09:54:26",31700
83500,500,1000,"bu","09:52:57",31600
83500,500,900,"bu","09:51:01",30600
83400,400,1100,"bu","09:51:01",29700
83400,400,100,"bu","09:50:42",28600
83400,400,1000,"bu","09:49:31",28500
83100,100,300,"sd","09:47:42",27500
83100,100,500,"sd","09:47:42",27200
83100,100,1000,"sd","09:47:42",26700
83100,100,100,"sd","09:47:42",25700
83200,200,100,"sd","09:47:42",25600
83100,100,100,"bu","09:44:02",25500
83100,100,100,"bu","09:43:39",25400
83100,100,100,"sd","09:42:07",25300
83100,100,100,"sd","09:42:07",25200
83200,200,200,"sd","09:42:07",25100
83200,200,300,"bu","09:41:54",24900
83200,200,1200,"sd","09:40:00",24600
83200,200,100,"sd","09:40:00",23400
83200,200,300,"sd","09:39:49",23300
83300,300,100,"bu","09:39:34",23000
83300,300,200,"sd","09:39:07",22900
83300,300,400,"bu","09:38:14",22700
83300,300,100,"bu","09:38:14",22300
83300,300,500,"bu","09:37:39",22200
83300,300,100,"bu","09:36:48",21700
83300,300,300,"bu","09:36:42",21600
83300,300,700,"bu","09:35:23",21300
83300,300,1000,"bu","09:34:39",20600
83300,300,200,"sd","09:32:59",19600
83400,400,100,"sd","09:32:59",19400
83500,500,100,"bu","09:31:17",19300
83400,400,300,"bu","09:31:17",19200
83400,400,100,"sd","09:31:11",18900
83400,400,100,"sd","09:31:11",18800
83500,500,900,"sd","09:29:26",18700
83500,500,800,"sd","09:28:56",17800
83500,500,200,"sd","09:28:56",17000
83500,500,300,"sd","09:26:40",16800
83500,500,9700,"sd","09:26:28",16500
83500,500,300,"sd","09:26:28",6800
84000,1000,100,"bu","09:26:07",6500
84000,1000,100,"bu","09:26:07",6400
84000,1000,800,"bu","09:26:07",6300
84000,1000,100,"bu","09:24:52",5500
84000,1000,300,"sd","09:23:40",5400
84000,1000,500,"sd","09:23:39",5100
84000,1000,400,"sd","09:23:07",4600
84000,1000,100,"sd","09:23:07",4200
84700,1700,800,"bu","09:22:05",4100
84700,1700,200,"bu","09:22:05",3300
84700,1700,100,"bu","09:19:58",3100
84700,1700,100,"bu","09:19:58",3000
84900,1900,100,"bu","09:17:33",2900
84500,1500,100,"bu","09:17:33",2800
83800,800,100,"bu","09:17:33",2700
83500,500,700,"sd","09:16:23",2600
83100,100,1900,"bu","09:15:00",1900
