"price","change","match_qtty","side","time","total_vol"
24900,100,82200,"bu","14:45:00",627800
24500,-300,1100,"sd","14:29:47",545600
24600,-200,100,"bu","14:29:45",544500
24600,-200,1000,"sd","14:29:22",544400
24600,-200,900,"sd","14:29:22",543400
24600,-200,3900,"sd","14:29:18",542500
24600,-200,300,"sd","14:29:18",538600
24650,-150,400,"sd","14:28:42",538300
24700,-100,100,"bu","14:27:56",537900
24800,0,300,"bu","14:27:03",537800
24800,0,600,"bu","14:27:03",537500
24800,0,200,"bu","14:27:03",536900
24800,0,500,"bu","14:27:03",536700
24800,0,100,"bu","14:27:03",536200
24800,0,100,"bu","14:27:03",536100
24800,0,5000,"bu","14:27:03",536000
24800,0,4200,"bu","14:27:03",531000
24700,-100,100,"sd","14:26:05",526800
24700,-100,100,"sd","14:26:02",526700
24700,-100,1200,"sd","14:23:53",526600
24700,-100,2000,"sd","14:23:53",525400
24700,-100,3700,"sd","14:23:53",523400
24750,-50,100,"sd","14:23:53",519700
24750,-50,2900,"sd","14:23:50",519600
24750,-50,100,"sd","14:23:50",516700
24800,0,800,"bu","14:23:03",516600
24800,0,300,"bu","14:23:03",515800
24800,0,500,"bu","14:23:03",515500
24800,0,1000,"bu","14:23:03",515000
24800,0,7400,"bu","14:23:03",514000
24750,-50,500,"bu","14:22:29",506600
24750,-50,500,"bu","14:22:06",506100
24750,-50,1000,"bu","14:22:06",505600
24750,-50,400,"bu","14:22:06",504600
24700,-100,300,"sd","14:22:05",504200
24750,-50,4600,"bu","14:20:53",503900
24750,-50,400,"bu","14:20:53",499300
24750,-50,100,"sd","14:20:20",498900
24800,0,800,"bu","14:18:34",498800
24800,0,1700,"bu","14:16:31",498000
24750,-50,2300,"bu","14:16:31",496300
24750,-50,1200,"bu","14:16:31",494000
24750,-50,100,"bu","14:16:23",492800
24750,-50,7800,"sd","14:16:01",492700
24750,-50,300,"sd","14:16:01",484900
24750,-50,600,"sd","14:16:01",484600
24750,-50,100,"sd","14:15:06",484000
24750,-50,500,"sd","14:14:56",483900
24800,0,100,"bu","14:14:53",483400
24750,-50,1000,"bu","14:14:02",483300
24750,-50,400,"bu","14:14:02",482300
24750,-50,400,"bu","14:13:22",481900
24750,-50,600,"bu","14:13:22",481500
24700,-100,500,"sd","14:12:55",480900
24700,-100,100,"sd","14:12:39",480400
24700,-100,100,"sd","14:12:21",480300
24700,-100,800,"sd","14:11:46",480200
24700,-100,100,"sd","14:11:40",479400
24700,-100,900,"sd","14:11:08",479300
24700,-100,1000,"sd","14:10:47",478400
24750,-50,1100,"bu","14:10:08",477400
24750,-50,300,"sd","14:09:57",476300
24750,-50,1000,"bu","14:09:27",476000
24700,-100,1000,"sd","14:09:15",475000
24800,0,100,"sd","14:08:11",474000
24800,0,500,"sd","14:07:55",473900
24700,-100,2500,"bu","14:07:05",473400
24700,-100,500,"sd","14:06:42",470900
24850,50,100,"bu","14:06:42",470400
24700,-100,100,"sd","14:06:39",470300
24700,-100,400,"sd","14:06:00",470200
24650,-150,500,"sd","14:05:45",469800
24650,-150,2100,"bu","13:58:31",469300
24650,-150,1200,"sd","13:57:26",467200
24650,-150,300,"sd","13:57:26",466000
24650,-150,1000,"sd","13:57:26",465700
24650,-150,400,"sd","13:57:26",464700
24650,-150,500,"sd","13:56:59",464300
24650,-150,500,"sd","13:54:57",463800
24650,-150,700,"sd","13:54:57",463300
24650,-150,1000,"sd","13:54:44",462600
24650,-150,200,"sd","13:52:26",461600
24800,0,1800,"sd","13:52:26",461400
24800,0,300,"bu","13:52:25",459600
24800,0,100,"bu","13:52:25",459300
24800,0,500,"bu","13:52:25",459200
24800,0,100,"bu","13:52:25",458700
24800,0,100,"bu","13:52:25",458600
24800,0,400,"bu","13:52:25",458500
24800,0,2000,"bu","13:52:25",458100
24800,0,1000,"bu","13:52:25",456100
24800,0,400,"bu","13:52:25",455100
24800,0,2000,"bu","13:52:25",454700
24800,0,1000,"bu","13:52:25",452700
24800,0,5000,"bu","13:52:25",451700
24800,0,1000,"bu","13:52:25",446700
24800,0,200,"bu","13:52:25",445700
24800,0,200,"bu","13:52:25",445500
24750,-50,400,"bu","13:52:25",445300
24800,0,500,"bu","13:52:25",444900
24750,-50,100,"bu","13:52:25",444400
24800,0,1000,"bu","13:52:25",444300
24750,-50,200,"bu","13:52:25",443300
24750,-50,1000,"bu","13:52:25",443100
24750,-50,100,"bu","13:52:25",442100
24700,-100,500,"bu","13:52:25",442000
24700,-100,100,"bu","13:52:25",441500
24650,-150,100,"sd","13:51:55",441400
24650,-150,400,"sd","13:51:33",441300
24650,-150,300,"sd","13:51:21",440900
24650,-150,1700,"sd","13:51:08",440600
24700,-100,100,"bu","13:50:44",438900
24700,-100,100,"sd","13:50:21",438800
24700,-100,400,"bu","13:49:53",438700
24700,-100,200,"sd","13:49:16",438300
24700,-100,400,"sd","13:49:16",438100
24700,-100,1300,"bu","13:47:54",437700
24700,-100,300,"bu","13:47:54",436400
24700,-100,100,"bu","13:47:45",436100
24700,-100,600,"bu","13:47:42",436000
24650,-150,100,"sd","13:47:14",435400
24650,-150,200,"sd","13:46:29",435300
24650,-150,1000,"sd","13:46:04",435100
24650,-150,5700,"sd","13:45:51",434100
24650,-150,2200,"sd","13:45:12",428400
24650,-150,400,"sd","13:45:03",426200
24650,-150,200,"sd","13:44:42",425800
24650,-150,300,"sd","13:44:42",425600
24650,-150,200,"sd","13:44:37",425300
24650,-150,2000,"sd","13:43:19",425100
24650,-150,2000,"sd","13:43:16",423100
24650,-150,2000,"sd","13:42:36",421100
24700,-100,300,"bu","13:41:48",419100
24700,-100,200,"sd","13:40:42",418800
24700,-100,1800,"sd","13:40:42",418600
24700,-100,300,"sd","13:40:18",416800
24700,-100,100,"bu","13:38:51",416500
24700,-100,100,"bu","13:38:51",416400
24700,-100,400,"bu","13:38:51",416300
24700,-100,100,"bu","13:38:51",415900
24700,-100,200,"bu","13:38:51",415800
24700,-100,500,"bu","13:37:36",415600
24650,-150,3000,"sd","13:35:56",415100
24700,-100,100,"bu","13:35:49",412100
24650,-150,100,"sd","13:35:33",412000
24650,-150,400,"bu","13:34:33",411900
24650,-150,200,"sd","13:31:55",411500
24650,-150,1000,"bu","13:31:35",411300
24650,-150,200,"bu","13:31:35",410300
24650,-150,5000,"bu","13:31:35",410100
24650,-150,3400,"bu","13:31:35",405100
24650,-150,400,"bu","13:31:35",401700
24600,-200,8000,"sd","13:31:19",401300
24600,-200,1900,"bu","13:30:52",393300
24600,-200,100,"bu","13:30:48",391400
24500,-300,900,"sd","13:30:33",391300
24500,-300,100,"sd","13:30:33",390400
24600,-200,500,"sd","13:28:41",390300
24600,-200,5000,"sd","13:28:24",389800
24600,-200,2000,"sd","13:26:40",384800
24600,-200,100,"sd","13:26:18",382800
24600,-200,2400,"bu","13:26:08",382700
24600,-200,100,"bu","13:26:02",380300
24600,-200,100,"bu","13:25:52",380200
24600,-200,100,"sd","13:24:31",380100
24600,-200,100,"sd","13:24:16",380000
24600,-200,200,"sd","13:24:04",379900
24600,-200,300,"bu","13:23:43",379700
24600,-200,1000,"bu","13:23:42",379400
24600,-200,1000,"bu","13:23:42",378400
24600,-200,100,"bu","13:23:42",377400
24600,-200,200,"bu","13:23:42",377300
24500,-300,6700,"bu","13:23:42",377100
24500,-300,200,"bu","13:23:42",370400
24500,-300,100,"bu","13:23:42",370200
24300,-500,9800,"sd","13:23:36",370100
24300,-500,400,"sd","13:23:36",360300
24400,-400,500,"sd","13:23:36",359900
24400,-400,200,"sd","13:23:36",359400
24400,-400,600,"sd","13:23:36",359200
24400,-400,4000,"sd","13:22:50",358600
24400,-400,200,"sd","13:21:11",354600
24500,-300,400,"sd","13:18:51",354400
24500,-300,600,"sd","13:18:21",354000
24600,-200,100,"bu","13:17:30",353400
24600,-200,400,"bu","13:15:55",353300
24600,-200,1000,"bu","13:15:31",352900
24600,-200,1000,"bu","13:15:31",351900
24600,-200,800,"bu","13:15:31",350900
24500,-300,500,"sd","13:11:38",350100
24500,-300,100,"sd","13:11:25",349600
24600,-200,1000,"bu","13:11:12",349500
24600,-200,1100,"bu","13:11:12",348500
24600,-200,300,"bu","13:11:12",347400
24600,-200,300,"bu","13:11:12",347100
24600,-200,300,"bu","13:11:12",346800
24500,-300,100,"bu","13:09:56",346500
24500,-300,200,"bu","13:09:56",346400
24500,-300,800,"bu","13:09:56",346200
24500,-300,200,"bu","13:09:49",345400
24500,-300,100,"bu","13:09:49",345200
24500,-300,1400,"bu","13:09:49",345100
24500,-300,1000,"bu","13:09:49",343700
24500,-300,1000,"bu","13:09:49",342700
24500,-300,700,"bu","13:09:49",341700
24500,-300,2100,"bu","13:09:49",341000
24500,-300,100,"bu","13:09:49",338900
24500,-300,500,"bu","13:09:49",338800
24500,-300,100,"bu","13:09:49",338300
24500,-300,1300,"bu","13:09:49",338200
24500,-300,2600,"bu","13:09:14",336900
24500,-300,1100,"bu","13:08:12",334300
24500,-300,800,"bu","13:08:12",333200
24500,-300,3100,"bu","13:08:12",332400
24450,-350,100,"bu","13:07:48",329300
24450,-350,600,"bu","13:07:48",329200
24450,-350,100,"bu","13:07:48",328600
24450,-350,100,"bu","13:07:48",328500
24450,-350,100,"bu","13:07:48",328400
24400,-400,100,"sd","13:07:15",328300
24400,-400,100,"bu","13:06:19",328200
24350,-450,500,"sd","13:06:05",328100
24350,-450,200,"sd","13:05:36",327600
24350,-450,100,"sd","13:05:34",327400
24350,-450,100,"sd","13:05:05",327300
24350,-450,1000,"sd","13:04:52",327200
24350,-450,400,"sd","13:01:47",326200
24350,-450,2300,"sd","13:01:02",325800
24350,-450,100,"sd","13:00:39",323500
24350,-450,500,"sd","13:00:17",323400
24500,-300,1000,"bu","13:00:05",322900
24500,-300,4500,"bu","13:00:04",321900
24400,-400,100,"unknown","13:00:04",317400
24500,-300,600,"bu","13:00:03",317300
24350,-450,1700,"sd","13:00:00",316700
24500,-300,100,"sd","13:00:00",315000
24500,-300,700,"sd","13:00:00",314900
24500,-300,1600,"sd","11:29:40",314200
24500,-300,400,"sd","11:29:40",312600
24500,-300,4600,"sd","11:29:07",312200
24500,-300,400,"sd","11:29:07",307600
24600,-200,1700,"sd","11:28:24",307200
24600,-200,200,"bu","11:27:28",305500
24600,-200,100,"bu","11:27:28",305300
24600,-200,300,"bu","11:27:28",305200
24600,-200,1000,"bu","11:26:46",304900
24600,-200,100,"bu","11:25:47",303900
24600,-200,600,"bu","11:25:10",303800
24600,-200,300,"bu","11:25:10",303200
24600,-200,100,"bu","11:25:10",302900
24500,-300,500,"bu","11:24:07",302800
24500,-300,2000,"bu","11:24:07",302300
24500,-300,100,"bu","11:24:07",300300
24500,-300,5000,"bu","11:24:07",300200
24500,-300,2000,"bu","11:24:07",295200
24500,-300,1000,"bu","11:24:07",293200
24500,-300,1100,"bu","11:24:07",292200
24500,-300,500,"bu","11:24:07",291100
24500,-300,100,"bu","11:24:07",290600
24500,-300,300,"bu","11:24:07",290500
24500,-300,300,"bu","11:24:07",290200
24500,-300,200,"bu","11:24:07",289900
24400,-400,500,"bu","11:24:07",289700
24400,-400,100,"bu","11:22:29",289200
24350,-450,100,"sd","11:20:38",289100
24350,-450,3900,"bu","11:16:21",289000
24350,-450,200,"bu","11:16:21",285100
24350,-450,1700,"bu","11:16:21",284900
24350,-450,100,"bu","11:16:21",283200
24300,-500,4800,"sd","11:16:16",283100
24300,-500,3000,"bu","11:15:43",278300
24250,-550,300,"bu","11:15:43",275300
24250,-550,3400,"bu","11:15:43",275000
24100,-700,1000,"sd","11:13:31",271600
24150,-650,1400,"sd","11:11:09",270600
24250,-550,100,"bu","11:05:42",269200
24300,-500,3300,"bu","11:04:55",269100
24300,-500,100,"bu","11:04:55",265800
24250,-550,200,"bu","11:04:55",265700
24200,-600,100,"bu","11:04:55",265500
24200,-600,300,"bu","11:04:55",265400
24200,-600,100,"bu","11:04:39",265100
24200,-600,400,"bu","11:04:02",265000
24200,-600,4000,"bu","11:03:48",264600
24200,-600,900,"bu","11:03:39",260600
24200,-600,100,"bu","11:03:02",259700
24100,-700,400,"bu","11:01:19",259600
24100,-700,200,"bu","11:00:56",259200
24100,-700,1400,"bu","11:00:16",259000
24100,-700,3000,"bu","10:59:53",257600
24100,-700,1000,"sd","10:57:13",254600
24050,-750,200,"sd","10:52:57",253600
24050,-750,1000,"sd","10:52:57",253400
24050,-750,800,"sd","10:52:57",252400
24200,-600,100,"sd","10:51:17",251600
24200,-600,400,"sd","10:51:17",251500
24250,-550,300,"bu","10:48:44",251100
24250,-550,100,"bu","10:48:44",250800
24200,-600,100,"bu","10:47:47",250700
24200,-600,1100,"bu","10:47:47",250600
24150,-650,200,"bu","10:47:47",249500
24150,-650,200,"bu","10:47:47",249300
24100,-700,100,"bu","10:44:26",249100
24100,-700,700,"bu","10:44:13",249000
24100,-700,100,"bu","10:43:59",248300
24100,-700,100,"sd","10:43:30",248200
24100,-700,300,"bu","10:43:02",248100
24100,-700,700,"bu","10:43:02",247800
24100,-700,200,"bu","10:41:38",247100
24100,-700,100,"bu","10:41:38",246900
24050,-750,400,"bu","10:40:53",246800
24000,-800,300,"sd","10:40:23",246400
24000,-800,500,"sd","10:37:48",246100
24050,-750,100,"bu","10:37:16",245600
24000,-800,100,"sd","10:37:16",245500
24050,-750,100,"bu","10:34:55",245400
24000,-800,900,"bu","10:33:34",245300
24000,-800,100,"bu","10:33:27",244400
24000,-800,4100,"bu","10:33:21",244300
24000,-800,100,"sd","10:32:56",240200
24000,-800,100,"sd","10:32:56",240100
24000,-800,1000,"sd","10:32:56",240000
24000,-800,600,"sd","10:32:56",239000
24000,-800,3100,"sd","10:32:56",238400
24000,-800,1900,"sd","10:29:11",235300
24000,-800,1800,"sd","10:29:11",233400
24000,-800,8200,"bu","10:26:35",231600
23950,-850,300,"sd","10:25:59",223400
23950,-850,200,"sd","10:25:59",223100
24000,-800,10000,"bu","10:25:52",222900
24000,-800,500,"sd","10:25:14",212900
24000,-800,1300,"sd","10:25:14",212400
24000,-800,100,"sd","10:24:19",211100
24000,-800,1600,"sd","10:23:37",211000
24000,-800,1300,"sd","10:23:37",209400
24000,-800,7400,"sd","10:23:37",208100
24100,-700,200,"sd","10:23:29",200700
24100,-700,100,"sd","10:23:29",200500
24100,-700,500,"bu","10:20:36",200400
24000,-800,500,"sd","10:20:35",199900
24000,-800,200,"sd","10:20:05",199400
24000,-800,100,"sd","10:17:42",199200
24000,-800,1000,"bu","10:16:44",199100
24000,-800,10000,"bu","10:16:44",198100
24000,-800,800,"bu","10:16:44",188100
23950,-850,300,"sd","10:16:32",187300
23950,-850,500,"sd","10:16:32",187000
23950,-850,200,"sd","10:16:32",186500
23950,-850,1000,"sd","10:15:40",186300
23950,-850,8800,"sd","10:14:10",185300
23950,-850,1200,"sd","10:14:10",176500
24000,-800,200,"bu","10:14:02",175300
24000,-800,500,"bu","10:11:03",175100
23950,-850,100,"sd","10:10:24",174600
24000,-800,200,"bu","10:08:36",174500
23950,-850,700,"sd","10:08:15",174300
23950,-850,100,"sd","10:08:15",173600
24000,-800,1000,"sd","10:08:09",173500
24000,-800,300,"sd","10:08:09",172500
24000,-800,600,"sd","10:08:09",172200
24050,-750,1000,"sd","10:08:09",171600
24050,-750,400,"sd","10:08:09",170600
24050,-750,2400,"sd","10:08:03",170200
24050,-750,2400,"sd","10:07:33",167800
24050,-750,1000,"bu","10:07:26",165400
24050,-750,200,"bu","10:07:26",164400
24000,-800,300,"sd","10:06:20",164200
24000,-800,2300,"sd","10:05:25",163900
24000,-800,2500,"sd","10:04:20",161600
24000,-800,100,"bu","10:04:04",159100
24000,-800,5000,"bu","10:04:04",159000
24000,-800,2000,"bu","10:04:04",154000
24000,-800,3700,"bu","10:04:04",152000
24000,-800,1500,"bu","10:04:04",148300
24000,-800,10000,"bu","10:04:04",146800
24000,-800,900,"bu","10:04:04",136800
23950,-850,500,"bu","10:04:04",135900
23950,-850,200,"bu","10:04:04",135400
23950,-850,400,"bu","10:04:04",135200
23900,-900,100,"sd","10:03:26",134800
23900,-900,500,"sd","10:02:38",134700
23900,-900,100,"sd","10:02:33",134200
23950,-850,100,"bu","10:02:05",134100
23950,-850,500,"bu","10:01:22",134000
23950,-850,500,"bu","10:00:50",133500
24000,-800,200,"bu","10:00:12",133000
24000,-800,900,"sd","09:59:03",132800
24000,-800,100,"unknown","09:59:00",131900
23850,-950,500,"sd","09:57:10",131800
23800,-1000,6000,"sd","09:56:43",131300
23800,-1000,11200,"sd","09:55:56",125300
23850,-950,600,"sd","09:55:56",114100
23850,-950,500,"sd","09:55:56",113500
23900,-900,400,"sd","09:55:56",113000
23900,-900,5000,"sd","09:55:56",112600
23900,-900,600,"sd","09:55:56",107600
24200,-600,1700,"sd","09:55:56",107000
24200,-600,3300,"bu","09:55:48",105300
24000,-800,400,"bu","09:55:17",102000
24000,-800,1000,"sd","09:54:55",101600
23900,-900,1400,"sd","09:54:34",100600
23900,-900,1000,"sd","09:54:34",99200
23900,-900,400,"sd","09:54:34",98200
23900,-900,300,"sd","09:54:34",97800
23950,-850,1000,"sd","09:54:34",97500
23950,-850,200,"sd","09:54:34",96500
23950,-850,100,"sd","09:54:34",96300
23950,-850,500,"sd","09:54:34",96200
24000,-800,3000,"sd","09:54:34",95700
24000,-800,500,"sd","09:54:34",92700
24000,-800,1000,"sd","09:54:34",92200
24000,-800,100,"sd","09:54:34",91200
24000,-800,8400,"sd","09:54:34",91100
24050,-750,2100,"sd","09:54:34",82700
24050,-750,1800,"sd","09:54:34",80600
24050,-750,1100,"bu","09:54:30",78800
24050,-750,500,"bu","09:54:10",77700
24250,-550,100,"sd","09:53:40",77200
24000,-800,500,"sd","09:53:13",77100
24000,-800,100,"sd","09:53:13",76600
24000,-800,1000,"sd","09:53:13",76500
24000,-800,100,"sd","09:53:13",75500
24000,-800,500,"sd","09:53:13",75400
24000,-800,200,"sd","09:53:13",74900
24000,-800,1000,"sd","09:53:13",74700
24000,-800,600,"sd","09:53:13",73700
24150,-650,500,"sd","09:53:13",72400
24150,-650,700,"sd","09:53:13",73100
24200,-600,1000,"sd","09:53:13",71900
24300,-500,3800,"sd","09:53:13",70900
24250,-550,500,"unknown","09:53:01",67100
24250,-550,2000,"unknown","09:53:01",66600
24250,-550,100,"unknown","09:53:01",64600
24250,-550,300,"bu","09:52:26",64500
24200,-600,500,"sd","09:51:23",64200
24200,-600,500,"sd","09:51:23",63700
24250,-550,100,"bu","09:50:42",63200
24250,-550,400,"bu","09:50:42",63100
24250,-550,500,"bu","09:47:54",62700
24300,-500,100,"sd","09:47:52",62200
24300,-500,100,"sd","09:47:46",62100
24300,-500,300,"sd","09:47:46",62000
24300,-500,500,"bu","09:46:05",61700
24300,-500,2700,"bu","09:46:05",61200
24300,-500,100,"bu","09:46:04",58500
24300,-500,1400,"bu","09:46:04",58400
24000,-800,1100,"sd","09:44:04",57000
24000,-800,100,"sd","09:43:49",55900
24000,-800,500,"bu","09:42:51",55800
24000,-800,300,"bu","09:42:51",55300
23900,-900,400,"sd","09:42:45",55000
23900,-900,300,"sd","09:42:06",54600
24300,-500,300,"bu","09:41:38",54300
24300,-500,100,"bu","09:41:38",54000
24000,-800,100,"bu","09:41:38",53900
23900,-900,500,"sd","09:41:37",53800
23900,-900,300,"sd","09:41:32",53300
23900,-900,700,"sd","09:41:32",53000
23900,-900,500,"sd","09:40:31",52300
23900,-900,200,"sd","09:39:57",51800
24000,-800,2500,"sd","09:39:57",51600
24000,-800,3300,"sd","09:39:51",49100
24000,-800,500,"sd","09:39:49",45800
24000,-800,100,"bu","09:39:44",45300
24000,-800,200,"bu","09:39:44",45200
24000,-800,100,"bu","09:39:44",45000
23900,-900,500,"bu","09:39:44",44900
23850,-950,2800,"bu","09:39:44",44400
23900,-900,1600,"sd","09:39:27",41600
23900,-900,400,"sd","09:39:17",40000
23900,-900,300,"sd","09:39:17",39600
23950,-850,5000,"bu","09:39:11",39300
23950,-850,100,"bu","09:39:03",34300
24000,-800,100,"sd","09:38:38",34200
24000,-800,100,"bu","09:37:49",34100
24000,-800,1000,"bu","09:37:49",34000
24000,-800,500,"bu","09:37:49",33000
24000,-800,300,"bu","09:37:49",32500
23900,-900,700,"sd","09:37:42",32200
24000,-800,300,"sd","09:36:39",31500
24000,-800,100,"sd","09:35:51",31200
24000,-800,200,"sd","09:35:51",31100
24000,-800,500,"sd","09:35:51",30900
24000,-800,300,"sd","09:35:51",30400
24000,-800,1000,"sd","09:35:51",30100
24050,-750,5400,"sd","09:35:51",29100
24350,-450,100,"bu","09:35:30",23700
24400,-400,600,"sd","09:33:58",23600
24500,-300,500,"bu","09:33:46",23000
24400,-400,500,"sd","09:31:49",22500
24400,-400,500,"sd","09:31:07",22000
24400,-400,200,"sd","09:31:07",21500
24400,-400,800,"sd","09:28:51",21300
24400,-400,100,"sd","09:28:51",20500
24400,-400,100,"sd","09:28:51",20400
24500,-300,100,"bu","09:28:40",20300
24500,-300,100,"sd","09:28:22",20200
24500,-300,100,"sd","09:28:22",20100
24500,-300,1000,"sd","09:27:36",20000
24500,-300,5000,"sd","09:27:36",19000
24500,-300,1400,"sd","09:27:36",14000
24600,-200,200,"sd","09:27:36",12600
24600,-200,300,"sd","09:26:55",12400
24600,-200,300,"sd","09:26:23",12100
24600,-200,600,"sd","09:25:58",11800
24500,-300,200,"sd","09:25:02",11200
24500,-300,300,"sd","09:24:09",11000
24500,-300,2000,"sd","09:23:57",10700
24500,-300,100,"sd","09:23:46",8700
24500,-300,200,"sd","09:23:21",8600
24500,-300,800,"sd","09:23:10",8400
24500,-300,200,"sd","09:23:10",7600
24500,-300,600,"sd","09:23:04",7400
24500,-300,200,"sd","09:23:04",6800
24500,-300,1000,"sd","09:23:04",6400
24500,-300,200,"sd","09:23:04",6600
24800,0,300,"bu","09:19:56",5400
24800,0,100,"sd","09:16:42",5100
24800,0,100,"sd","09:16:42",5000
24900,100,500,"bu","09:15:37",4900
25000,200,4400,"unknown","09:14:59",4400
