"price","change","match_qtty","side","time","total_vol"
28500,1250,300,"bu","14:45:01",78400
28500,1250,100,"sd","14:20:11",78100
28500,1250,900,"bu","14:19:22",78000
28500,1250,100,"bu","14:18:53",77100
28500,1250,700,"bu","14:18:53",77000
28500,1250,300,"bu","14:17:42",76300
28500,1250,2000,"bu","14:17:42",76000
28500,1250,200,"bu","14:17:42",74000
28450,1200,1200,"bu","14:17:42",73800
28300,1050,300,"bu","14:17:42",72600
28300,1050,400,"sd","14:15:59",72300
28300,1050,1000,"bu","14:14:13",71900
28200,950,100,"bu","14:14:13",70900
28200,950,100,"bu","14:14:13",70800
28200,950,100,"bu","14:14:13",70700
28200,950,2000,"bu","14:14:13",70600
28150,900,1000,"bu","14:14:13",68600
28050,800,500,"sd","14:14:09",67600
28100,850,500,"bu","14:13:38",67100
28100,850,300,"bu","14:13:38",66600
28100,850,100,"bu","14:13:38",66300
28100,850,1200,"bu","14:13:38",66200
28000,750,200,"bu","14:12:59",65000
28000,750,900,"bu","14:12:59",64800
28000,750,500,"bu","14:12:38",63900
28000,750,600,"bu","14:12:13",63400
28000,750,100,"bu","14:12:13",62800
27950,700,300,"bu","14:12:13",62700
27950,700,600,"bu","14:12:13",62400
27900,650,500,"bu","14:12:13",61800
27550,300,1000,"bu","14:11:11",61300
27950,700,1400,"bu","14:09:04",60300
27950,700,600,"bu","14:09:04",58900
27900,650,100,"bu","14:09:04",58300
27850,600,100,"bu","14:09:04",58200
27850,600,200,"sd","14:08:47",58100
27850,600,300,"sd","14:08:32",57900
27850,600,500,"sd","14:07:32",57600
27950,700,400,"bu","13:48:27",57100
27950,700,100,"bu","13:48:27",56700
27950,700,100,"bu","13:48:27",56600
27950,700,4900,"sd","13:46:09",56500
27950,700,500,"bu","13:45:46",51600
27950,700,500,"bu","13:45:46",51100
27950,700,300,"bu","13:45:46",50600
27950,700,100,"bu","13:45:46",50300
27900,650,500,"bu","13:45:46",50200
27900,650,3000,"bu","13:45:46",49700
27800,550,100,"bu","13:45:46",46700
27400,150,600,"sd","13:44:48",46600
27400,150,400,"sd","13:43:33",46000
27500,250,200,"sd","13:43:33",45600
27550,300,200,"sd","13:43:33",45400
27800,550,900,"bu","13:40:26",45200
27800,550,800,"bu","13:40:26",44300
27750,500,300,"bu","13:40:26",43500
27800,550,500,"bu","13:34:15",43200
27800,550,900,"bu","13:30:51",42700
27800,550,100,"bu","13:30:12",41800
27950,700,200,"bu","13:16:40",41700
27950,700,500,"sd","13:06:33",41500
27950,700,200,"bu","13:05:26",41000
27800,550,300,"sd","13:05:21",40800
27800,550,200,"sd","13:05:01",40500
27950,700,100,"sd","13:02:40",40300
28000,750,200,"sd","13:02:40",40200
28000,750,300,"bu","13:02:20",40000
27950,700,100,"sd","13:01:59",39700
28000,750,700,"bu","13:00:43",39600
28000,750,100,"bu","13:00:43",38900
28000,750,9900,"bu","13:00:40",38800
28000,750,100,"bu","13:00:40",28900
28000,750,1600,"bu","13:00:40",28800
28000,750,3100,"bu","13:00:40",27200
27900,650,2800,"bu","13:00:14",24100
27900,650,200,"bu","13:00:03",21300
27950,700,500,"bu","13:00:03",21100
28000,750,300,"bu","13:00:00",20600
27950,700,100,"unknown","13:00:00",20300
27950,700,200,"unknown","13:00:00",20200
27950,700,1400,"bu","13:00:00",20000
27950,700,600,"sd","11:29:49",18600
27950,700,100,"bu","11:29:40",18000
27950,700,300,"bu","11:29:40",17900
27900,650,300,"bu","11:29:17",17600
27900,650,200,"sd","11:28:23",17300
27900,650,1800,"bu","11:28:19",17100
27900,650,500,"bu","11:27:16",15300
27900,650,100,"bu","11:27:16",14800
27900,650,300,"bu","11:27:16",14700
27900,650,300,"bu","11:27:16",14400
27900,650,500,"bu","11:26:50",14100
27900,650,100,"bu","11:26:50",13600
27900,650,1500,"bu","11:26:50",13500
27900,650,400,"bu","11:26:09",12000
27850,600,400,"bu","11:26:09",11600
27850,600,100,"bu","11:26:09",11200
27850,600,300,"bu","11:26:09",11100
27800,550,100,"bu","11:26:09",10800
27800,550,500,"bu","11:26:09",10700
27800,550,100,"bu","11:26:09",10200
27800,550,500,"bu","11:26:09",10100
27800,550,400,"bu","11:26:09",9600
27800,550,200,"bu","11:26:09",9200
27800,550,100,"bu","11:26:09",9000
27800,550,100,"bu","11:25:35",8900
27800,550,100,"bu","11:25:35",8800
27800,550,100,"bu","11:25:35",8700
27800,550,100,"bu","11:25:35",8600
27750,500,1000,"bu","11:25:35",8500
27750,500,100,"bu","11:25:35",7500
27700,450,500,"bu","11:25:35",6400
27700,450,1000,"bu","11:25:35",7400
27600,350,1000,"bu","11:25:35",5900
27600,350,300,"bu","11:25:35",4900
27550,300,500,"bu","11:25:35",4600
27550,300,500,"bu","11:24:21",4100
27500,250,200,"bu","11:20:22",3600
27500,250,100,"bu","11:20:11",3400
27500,250,100,"bu","11:20:11",3300
27500,250,300,"bu","11:20:11",3200
27400,150,200,"bu","11:19:28",2900
27400,150,200,"bu","11:16:12",2700
27400,150,100,"bu","11:15:59",2500
27500,250,200,"bu","10:46:27",2400
27500,250,800,"bu","10:25:56",2200
27800,550,100,"bu","09:40:33",1400
27800,550,800,"bu","09:38:53",1300
27800,550,200,"bu","09:38:53",500
27800,550,200,"bu","09:25:05",300
27900,650,100,"unknown","09:15:01",100
