"price","change","match_qtty","side","time","total_vol"
11250,200,12800,"bu","14:45:02",537200
11200,150,300,"sd","14:29:20",524400
11200,150,700,"sd","14:29:20",524100
11200,150,300,"sd","14:29:15",523400
11200,150,700,"sd","14:29:15",523100
11200,150,9300,"sd","14:29:04",522400
11200,150,200,"sd","14:29:04",513100
11200,150,200,"sd","14:28:48",512900
11200,150,600,"bu","14:28:35",512700
11200,150,100,"bu","14:28:31",512100
11200,150,500,"bu","14:28:27",512000
11200,150,100,"bu","14:28:26",511500
11200,150,100,"bu","14:28:10",511400
11200,150,100,"bu","14:28:02",511300
11200,150,5300,"bu","14:28:02",511200
11200,150,1000,"bu","14:28:02",505900
11200,150,1000,"bu","14:28:02",504900
11200,150,1000,"bu","14:28:02",503900
11200,150,100,"bu","14:28:02",502900
11200,150,500,"bu","14:28:02",502800
11200,150,1000,"bu","14:28:02",502300
11200,150,200,"bu","14:27:38",501300
11200,150,8800,"bu","14:27:33",501100
11200,150,600,"bu","14:27:33",492300
11200,150,6300,"bu","14:27:33",491700
11200,150,200,"bu","14:27:33",485400
11200,150,4100,"bu","14:27:33",485200
11200,150,900,"bu","14:27:28",481100
11200,150,100,"bu","14:27:28",480200
11200,150,100,"bu","14:27:17",480100
11200,150,4000,"bu","14:27:08",480000
11200,150,100,"bu","14:27:02",476000
11200,150,1500,"bu","14:26:16",475900
11200,150,100,"bu","14:25:39",474400
11200,150,200,"bu","14:25:34",474300
11200,150,600,"bu","14:25:29",474100
11200,150,400,"bu","14:25:14",473500
11200,150,100,"bu","14:24:55",473100
11200,150,800,"bu","14:24:08",473000
11200,150,200,"bu","14:24:08",472200
11200,150,100,"bu","14:23:57",472000
11200,150,200,"bu","14:23:51",471900
11200,150,2000,"bu","14:23:34",471700
11200,150,100,"bu","14:23:24",469700
11200,150,1000,"sd","14:23:18",469600
11200,150,200,"sd","14:23:18",468600
11200,150,3000,"sd","14:23:18",468400
11200,150,100,"sd","14:23:18",465400
11200,150,100,"sd","14:23:18",465300
11200,150,3000,"sd","14:23:18",465200
11200,150,2000,"sd","14:22:41",462200
11200,150,500,"sd","14:22:41",460200
11200,150,500,"sd","14:22:41",459700
11200,150,200,"sd","14:22:41",459200
11200,150,1000,"sd","14:22:41",459000
11200,150,800,"sd","14:22:41",458000
11200,150,200,"sd","14:22:20",457200
11200,150,100,"sd","14:22:20",457000
11250,200,500,"bu","14:22:18",456900
11250,200,1500,"bu","14:22:18",456400
11250,200,600,"bu","14:22:12",454900
11200,150,2000,"sd","14:21:53",454300
11200,150,1000,"sd","14:21:53",452300
11200,150,300,"sd","14:21:53",451300
11200,150,200,"sd","14:21:53",451000
11200,150,6500,"sd","14:21:53",450800
11250,200,500,"bu","14:21:35",444300
11250,200,500,"bu","14:21:35",443800
11250,200,3000,"bu","14:21:35",443300
11250,200,3000,"bu","14:21:35",440300
11250,200,300,"bu","14:21:35",437300
11250,200,2000,"bu","14:21:35",437000
11250,200,6700,"bu","14:21:35",435000
11250,200,200,"bu","14:21:35",428300
11250,200,2000,"bu","14:21:35",428100
11250,200,3500,"bu","14:21:35",426100
11250,200,2000,"bu","14:21:35",422600
11250,200,100,"bu","14:21:35",420600
11250,200,100,"bu","14:21:35",420500
11250,200,500,"bu","14:21:35",420400
11250,200,100,"bu","14:21:35",419900
11250,200,500,"bu","14:21:35",419800
11200,150,300,"sd","14:19:48",419300
11200,150,200,"sd","14:19:48",419000
11200,150,100,"sd","14:18:34",418800
11200,150,500,"sd","14:18:22",418700
11200,150,500,"bu","14:18:16",418200
11200,150,700,"bu","14:18:16",417700
11200,150,500,"bu","14:18:16",417000
11200,150,300,"bu","14:18:16",416500
11200,150,500,"bu","14:17:52",416200
11200,150,3200,"bu","14:17:44",415700
11200,150,10000,"bu","14:17:44",412500
11200,150,100,"bu","14:17:44",402500
11200,150,1700,"bu","14:17:44",402400
11200,150,1000,"bu","14:17:43",400700
11200,150,300,"bu","14:17:35",399700
11200,150,100,"bu","14:17:35",399400
11200,150,400,"bu","14:17:35",399300
11200,150,100,"bu","14:17:17",398900
11200,150,500,"bu","14:17:17",398800
11200,150,1000,"bu","14:17:17",398300
11200,150,300,"bu","14:17:17",397300
11200,150,100,"bu","14:17:17",397000
11200,150,100,"bu","14:17:17",396900
11200,150,300,"bu","14:17:17",396800
11200,150,1200,"bu","14:17:14",396500
11200,150,400,"bu","14:17:11",395300
11200,150,100,"bu","14:16:49",394900
11200,150,500,"bu","14:16:49",394800
11200,150,1400,"bu","14:16:49",394300
11200,150,1500,"bu","14:16:46",392900
11200,150,100,"bu","14:16:43",391400
11200,150,500,"bu","14:16:07",391300
11200,150,2000,"bu","14:15:56",390800
11150,100,300,"sd","14:15:45",388800
11150,100,100,"sd","14:15:45",388500
11150,100,100,"sd","14:15:45",388400
11150,100,100,"sd","14:15:31",388300
11150,100,900,"sd","14:15:31",388200
11200,150,100,"bu","14:15:29",387300
11150,100,500,"sd","14:13:58",387200
11200,150,700,"bu","14:13:24",386700
11200,150,1000,"bu","14:13:20",386000
11200,150,6200,"bu","14:13:18",385000
11200,150,2700,"bu","14:13:18",378800
11200,150,100,"bu","14:13:18",376100
11200,150,1000,"bu","14:13:18",376000
11200,150,100,"bu","14:12:24",375000
11200,150,1000,"bu","14:09:20",374900
11150,100,200,"sd","14:09:01",373900
11150,100,2000,"sd","14:08:02",373700
11150,100,1400,"sd","14:06:34",371700
11150,100,100,"sd","14:06:34",370300
11150,100,400,"sd","14:06:34",370200
11200,150,2700,"bu","14:05:56",369800
11200,150,1400,"bu","14:05:56",367100
11200,150,1000,"bu","14:05:36",365700
11200,150,5000,"bu","14:05:34",364700
11200,150,800,"bu","14:05:21",359700
11200,150,100,"bu","14:04:55",358900
11200,150,100,"bu","14:04:55",358800
11200,150,300,"bu","14:04:55",358700
11200,150,200,"bu","14:04:46",358400
11200,150,200,"bu","14:04:46",358200
11200,150,100,"bu","14:04:46",358000
11200,150,200,"bu","14:04:42",357900
11200,150,100,"bu","14:04:27",357700
11200,150,1000,"bu","14:04:27",357600
11200,150,4000,"bu","14:04:27",356600
11200,150,900,"bu","14:04:27",352600
11200,150,100,"bu","14:04:14",351700
11200,150,100,"bu","14:04:14",351600
11200,150,700,"bu","14:03:48",351500
11200,150,500,"bu","14:03:48",350800
11200,150,500,"bu","14:03:48",350300
11200,150,100,"bu","14:03:48",349800
11200,150,800,"bu","14:03:48",349700
11200,150,500,"bu","14:03:38",348900
11200,150,100,"bu","14:03:14",348400
11150,100,2000,"sd","14:03:04",348300
11200,150,1100,"bu","14:02:38",346300
11200,150,1500,"bu","14:02:38",345200
11200,150,200,"bu","14:02:21",343700
11200,150,100,"bu","14:01:31",343500
11200,150,200,"bu","14:00:56",343400
11200,150,1500,"bu","14:00:56",343200
11200,150,1000,"bu","14:00:56",341700
11200,150,900,"bu","14:00:56",340700
11200,150,1200,"bu","14:00:56",339800
11200,150,2800,"bu","14:00:52",338600
11200,150,1300,"bu","13:59:05",335800
11200,150,1700,"bu","13:59:05",334500
11150,100,300,"sd","13:58:58",332800
11150,100,600,"bu","13:56:55",332500
11150,100,1000,"sd","13:56:10",331900
11150,100,400,"sd","13:56:10",330900
11150,100,200,"bu","13:55:37",330500
11150,100,200,"sd","13:55:20",330300
11150,100,100,"sd","13:55:20",330100
11150,100,100,"sd","13:55:16",330000
11150,100,1000,"sd","13:55:08",329900
11150,100,1000,"bu","13:53:28",328900
11150,100,500,"bu","13:53:28",327900
11150,100,500,"bu","13:53:28",327400
11150,100,1000,"bu","13:52:13",326900
11150,100,100,"bu","13:51:16",325900
11100,50,100,"sd","13:51:11",325800
11100,50,100,"sd","13:51:11",325700
11100,50,100,"sd","13:51:11",325600
11100,50,100,"sd","13:51:11",325500
11100,50,100,"sd","13:51:11",325400
11100,50,100,"sd","13:51:11",325300
11100,50,200,"sd","13:51:11",325200
11100,50,500,"sd","13:51:11",325000
11100,50,500,"sd","13:51:11",324500
11100,50,3000,"sd","13:51:11",324000
11100,50,8400,"sd","13:51:11",321000
11150,100,2000,"bu","13:50:52",312600
11150,100,500,"bu","13:50:52",310600
11150,100,500,"bu","13:50:47",310100
11150,100,200,"bu","13:50:37",309600
11150,100,100,"bu","13:50:14",309400
11150,100,1000,"bu","13:49:56",309300
11100,50,5000,"sd","13:49:08",308300
11100,50,300,"sd","13:48:59",303300
11150,100,3000,"sd","13:48:31",303000
11150,100,500,"sd","13:48:31",300000
11150,100,1000,"sd","13:48:31",299500
11150,100,100,"sd","13:48:31",298500
11150,100,300,"sd","13:48:31",298400
11150,100,100,"sd","13:48:31",298100
11150,100,2300,"sd","13:48:31",298000
11200,150,300,"bu","13:48:30",295700
11200,150,700,"bu","13:48:30",295400
11150,100,1400,"sd","13:46:35",294700
11150,100,3600,"sd","13:46:35",293300
11200,150,200,"bu","13:46:22",289700
11200,150,200,"bu","13:46:22",289500
11200,150,100,"bu","13:46:22",289300
11200,150,500,"bu","13:46:22",289200
11200,150,2000,"bu","13:46:22",288700
11150,100,1400,"bu","13:45:51",286700
11150,100,300,"bu","13:45:49",285300
11150,100,2500,"bu","13:45:47",285000
11150,100,2000,"bu","13:45:47",282500
11150,100,300,"bu","13:45:47",280500
11150,100,200,"bu","13:45:47",280200
11150,100,400,"bu","13:45:34",280000
11150,100,100,"bu","13:45:34",279600
11150,100,100,"bu","13:45:34",279500
11150,100,100,"bu","13:45:34",279400
11150,100,100,"bu","13:45:34",279300
11150,100,200,"bu","13:45:34",279200
11150,100,1500,"bu","13:45:34",279000
11150,100,1000,"bu","13:45:34",277500
11150,100,100,"bu","13:45:34",276500
11150,100,200,"bu","13:45:34",276400
11150,100,1100,"bu","13:45:34",276200
11150,100,100,"bu","13:45:34",275100
11150,100,3500,"bu","13:45:24",275000
11150,100,600,"bu","13:45:04",271500
11150,100,100,"bu","13:44:30",270900
11150,100,700,"bu","13:44:15",270800
11150,100,200,"bu","13:44:15",270100
11150,100,300,"bu","13:44:15",269900
11150,100,1000,"bu","13:43:46",269600
11150,100,500,"bu","13:43:27",268600
11150,100,100,"bu","13:43:06",268100
11150,100,100,"bu","13:43:04",268000
11150,100,100,"bu","13:42:54",267900
11150,100,100,"bu","13:42:30",267800
11150,100,500,"bu","13:42:06",267700
11150,100,300,"bu","13:42:05",267200
11150,100,100,"bu","13:41:29",266900
11150,100,100,"bu","13:41:05",266800
11150,100,200,"bu","13:40:41",266700
11150,100,200,"bu","13:40:29",266500
11150,100,1100,"bu","13:40:29",266300
11150,100,200,"bu","13:40:05",265200
11100,50,200,"sd","13:39:44",265000
11150,100,100,"bu","13:39:18",264800
11150,100,100,"bu","13:39:18",264700
11150,100,2000,"bu","13:39:18",264600
11150,100,2000,"bu","13:39:18",262600
11150,100,300,"bu","13:39:18",260600
11150,100,200,"bu","13:39:18",260300
11150,100,300,"bu","13:39:18",260100
11150,100,1000,"bu","13:38:31",259800
11150,100,500,"bu","13:38:15",258800
11150,100,2000,"bu","13:38:10",258300
11150,100,100,"bu","13:37:14",256300
11150,100,200,"bu","13:37:11",256200
11150,100,100,"bu","13:37:07",256000
11150,100,500,"bu","13:37:04",255900
11150,100,300,"bu","13:34:04",255400
11150,100,300,"bu","13:34:04",255100
11150,100,1000,"bu","13:34:04",254800
11150,100,400,"bu","13:34:04",253800
11150,100,1000,"bu","13:32:56",253400
11150,100,1000,"bu","13:26:00",252400
11150,100,200,"bu","13:25:52",251400
11150,100,1300,"bu","13:22:40",251200
11100,50,1900,"sd","13:21:29",249900
11100,50,300,"sd","13:21:14",248000
11100,50,900,"sd","13:20:39",247700
11100,50,300,"sd","13:20:39",246800
11100,50,100,"sd","13:20:39",246500
11100,50,100,"sd","13:20:39",246400
11100,50,1600,"sd","13:20:39",246300
11100,50,400,"sd","13:19:46",244700
11100,50,1000,"sd","13:19:46",244300
11100,50,100,"sd","13:19:46",243300
11100,50,200,"sd","13:19:46",243200
11100,50,400,"sd","13:19:46",243000
11100,50,100,"sd","13:19:46",242600
11100,50,900,"sd","13:19:46",242500
11100,50,100,"sd","13:19:45",241600
11100,50,800,"sd","13:19:13",241500
11100,50,1000,"sd","13:16:38",240700
11100,50,400,"sd","13:15:20",239700
11100,50,1800,"sd","13:15:03",239300
11100,50,200,"sd","13:15:03",237500
11150,100,300,"bu","13:14:44",237300
11150,100,300,"bu","13:13:22",237000
11150,100,500,"bu","13:12:45",236700
11150,100,400,"bu","13:12:45",236200
11150,100,100,"bu","13:12:45",235800
11150,100,2500,"bu","13:11:15",235700
11150,100,1400,"bu","13:11:15",233200
11100,50,100,"bu","13:11:15",231800
11150,100,900,"bu","13:11:15",231700
11100,50,4400,"bu","13:11:15",230800
11150,100,2500,"bu","13:11:15",226400
11150,100,1000,"bu","13:11:15",223900
11150,100,3000,"bu","13:11:15",222900
11150,100,300,"bu","13:11:15",219900
11150,100,500,"bu","13:11:15",219600
11150,100,400,"bu","13:11:15",219100
11150,100,3000,"bu","13:11:15",218700
11100,50,100,"bu","13:09:44",215700
11100,50,3500,"bu","13:09:24",215600
11100,50,100,"sd","13:09:23",212100
11100,50,1400,"sd","13:09:23",212000
11100,50,100,"sd","13:09:23",210600
11100,50,200,"sd","13:09:23",210500
11100,50,500,"sd","13:09:23",210300
11100,50,200,"sd","13:09:23",209800
11100,50,200,"sd","13:09:23",209600
11100,50,300,"sd","13:09:23",209400
11100,50,1000,"sd","13:09:23",209100
11100,50,1300,"sd","13:09:23",208100
11100,50,300,"sd","13:09:23",206800
11100,50,100,"sd","13:09:23",206500
11100,50,1300,"sd","13:09:23",206400
11100,50,100,"sd","13:08:35",205100
11100,50,100,"sd","13:06:12",205000
11150,100,100,"bu","13:01:55",204900
11150,100,3500,"bu","13:01:36",204800
11150,100,500,"bu","13:01:36",201300
11150,100,100,"bu","13:01:36",200800
11150,100,900,"bu","13:01:36",200700
11100,50,200,"sd","13:00:31",199800
11100,50,100,"sd","13:00:02",199600
11100,50,200,"sd","13:00:00",199500
11100,50,1000,"sd","13:00:00",199300
11100,50,100,"sd","13:00:00",198300
11100,50,300,"sd","13:00:00",198200
11100,50,1000,"sd","13:00:00",197900
11100,50,5000,"sd","13:00:00",196900
11100,50,400,"sd","13:00:00",191900
11100,50,100,"sd","13:00:00",191500
11100,50,100,"sd","11:29:12",191400
11100,50,200,"sd","11:29:12",191300
11100,50,500,"sd","11:29:12",191100
11100,50,500,"sd","11:29:12",190600
11100,50,2000,"sd","11:29:12",190100
11100,50,500,"sd","11:29:12",188100
11100,50,100,"sd","11:29:12",187600
11100,50,100,"sd","11:29:12",187500
11100,50,200,"sd","11:29:12",187400
11100,50,800,"sd","11:29:12",187200
11150,100,2000,"bu","11:29:06",186400
11100,50,1200,"sd","11:28:57",184400
11100,50,1000,"sd","11:28:57",183200
11100,50,300,"sd","11:28:57",182200
11100,50,600,"sd","11:28:57",181900
11100,50,1900,"sd","11:28:57",181300
11100,50,1100,"sd","11:27:08",179400
11100,50,100,"sd","11:27:08",178300
11100,50,2800,"sd","11:27:08",178200
11100,50,100,"sd","11:25:55",175400
11100,50,4000,"sd","11:25:42",175300
11100,50,2000,"sd","11:24:23",171300
11100,50,500,"sd","11:24:23",169300
11100,50,500,"sd","11:23:54",168800
11100,50,900,"sd","11:21:51",168300
11100,50,100,"sd","11:21:51",167400
11100,50,1500,"sd","11:21:51",167300
11100,50,3000,"sd","11:21:26",165800
11100,50,300,"sd","11:21:26",162800
11100,50,100,"sd","11:21:26",162500
11100,50,2100,"sd","11:21:26",162400
11100,50,1200,"sd","11:21:16",160300
11100,50,500,"sd","11:21:16",159100
11100,50,800,"sd","11:21:16",158600
11100,50,200,"sd","11:21:13",157800
11100,50,400,"sd","11:21:13",157600
11100,50,500,"sd","11:21:13",157200
11100,50,800,"sd","11:21:13",156700
11150,100,100,"bu","11:16:31",155900
11150,100,400,"bu","11:14:19",155800
11150,100,1600,"bu","11:13:55",155400
11150,100,400,"bu","11:13:55",153800
11150,100,2100,"bu","11:13:15",153400
11150,100,2000,"bu","11:13:15",151300
11150,100,200,"bu","11:13:15",149300
11150,100,500,"bu","11:13:15",149100
11150,100,1000,"bu","11:13:15",148600
11150,100,4200,"bu","11:13:15",147600
11150,100,200,"bu","11:10:27",143400
11150,100,100,"bu","11:07:32",143200
11150,100,100,"bu","11:06:52",143100
11150,100,100,"bu","11:05:05",143000
11150,100,200,"bu","10:59:26",142900
11100,50,1000,"sd","10:56:29",142700
11150,100,100,"bu","10:56:02",141700
11100,50,200,"sd","10:48:22",141600
11100,50,100,"sd","10:48:22",141400
11150,100,100,"bu","10:46:36",141300
11150,100,500,"bu","10:46:30",141200
11150,100,100,"bu","10:46:20",140700
11150,100,400,"bu","10:42:55",140600
11100,50,100,"bu","10:41:15",140200
11100,50,300,"bu","10:40:19",140100
11100,50,100,"sd","10:39:22",139800
11100,50,100,"bu","10:38:41",139700
11100,50,100,"sd","10:38:34",139600
11100,50,100,"sd","10:37:41",139500
11100,50,100,"sd","10:37:41",139400
11100,50,100,"sd","10:37:38",139300
11100,50,500,"sd","10:37:14",139200
11100,50,300,"sd","10:37:14",138700
11100,50,100,"sd","10:37:14",138400
11150,100,1100,"bu","10:37:10",138300
11100,50,900,"bu","10:36:09",137200
11100,50,2000,"bu","10:36:09",136300
11100,50,3000,"bu","10:35:50",134300
11100,50,100,"bu","10:35:22",131300
11100,50,1000,"sd","10:35:12",131200
11100,50,200,"sd","10:35:12",130200
11100,50,700,"sd","10:35:12",130000
11100,50,100,"sd","10:35:12",129300
11100,50,300,"sd","10:35:12",129200
11100,50,1700,"sd","10:35:12",128900
11150,100,100,"bu","10:30:49",127200
11100,50,1000,"sd","10:29:40",127100
11100,50,1000,"bu","10:26:56",126100
11100,50,1000,"bu","10:26:56",125100
11100,50,500,"bu","10:26:56",124100
11100,50,1000,"bu","10:26:56",123600
11100,50,100,"bu","10:26:56",122600
11100,50,1000,"bu","10:26:56",122500
11100,50,200,"bu","10:26:56",121500
11100,50,1000,"bu","10:26:56",121300
11100,50,1500,"bu","10:26:56",120300
11100,50,500,"bu","10:26:20",118800
11100,50,100,"bu","10:25:59",118300
11100,50,800,"bu","10:25:25",118200
11050,0,100,"sd","10:24:14",117400
11100,50,400,"bu","10:24:07",117300
11100,50,1000,"bu","10:23:34",116900
11050,0,100,"sd","10:22:34",115900
11050,0,400,"sd","10:22:34",115800
11050,0,2000,"sd","10:22:34",115400
11050,0,1000,"sd","10:22:33",113400
11050,0,200,"sd","10:22:33",112400
11050,0,1300,"sd","10:22:33",112200
11050,0,100,"sd","10:20:27",110900
11100,50,600,"bu","10:20:27",110800
11100,50,100,"bu","10:18:13",110200
11100,50,2500,"bu","10:17:51",110100
11050,0,500,"sd","10:16:00",107600
11050,0,200,"sd","10:12:58",107100
11050,0,200,"sd","10:12:58",106900
11050,0,100,"sd","10:12:58",106700
11100,50,1000,"bu","10:11:19",106600
11100,50,500,"bu","10:10:35",105600
11050,0,500,"bu","10:07:08",105100
11050,0,100,"sd","10:06:56",104600
11050,0,100,"sd","10:06:56",104500
11050,0,300,"sd","10:06:56",104400
11050,0,2700,"sd","10:06:52",104100
11050,0,100,"sd","10:06:52",101400
11050,0,100,"sd","10:06:52",101300
11050,0,100,"sd","10:06:52",101200
11050,0,100,"sd","10:06:52",101100
11050,0,200,"sd","10:06:52",101000
11050,0,100,"sd","10:06:52",100800
11050,0,100,"sd","10:06:52",100700
11050,0,100,"sd","10:06:52",100600
11050,0,200,"sd","10:06:52",100500
11050,0,500,"sd","10:06:52",100300
11050,0,100,"sd","10:06:52",99800
11050,0,100,"sd","10:06:52",99700
11050,0,1500,"sd","10:06:52",99600
11050,0,5000,"sd","10:06:52",98100
11050,0,1000,"sd","10:06:52",93100
11050,0,1000,"sd","10:06:52",92100
11050,0,200,"sd","10:06:52",91100
11050,0,100,"sd","10:06:52",90900
11050,0,100,"sd","10:06:52",90800
11050,0,100,"sd","10:06:52",90700
11050,0,100,"sd","10:06:52",90600
11050,0,100,"sd","10:06:52",90500
11050,0,700,"sd","10:06:52",90400
11100,50,900,"bu","10:06:37",89700
11100,50,100,"bu","10:01:24",88800
11100,50,900,"bu","10:01:24",88700
11100,50,500,"bu","09:59:26",87800
11050,0,300,"sd","09:58:26",87300
11050,0,300,"sd","09:58:26",87000
11050,0,1700,"sd","09:57:31",86700
11050,0,100,"sd","09:57:31",85000
11050,0,100,"sd","09:57:31",84900
11050,0,100,"sd","09:57:31",84800
11050,0,200,"sd","09:57:17",84700
11050,0,3800,"sd","09:57:17",84500
11050,0,200,"sd","09:57:17",80700
11050,0,300,"sd","09:57:17",80500
11050,0,1000,"sd","09:57:17",80200
11050,0,100,"sd","09:57:17",79200
11100,50,500,"bu","09:56:23",79100
11100,50,1000,"sd","09:55:43",78600
11100,50,3000,"sd","09:55:43",77600
11100,50,100,"sd","09:55:43",74600
11100,50,100,"sd","09:55:43",74500
11100,50,500,"sd","09:55:43",74400
11100,50,3400,"sd","09:55:43",73900
11100,50,1600,"sd","09:55:32",70500
11100,50,400,"sd","09:55:32",68900
11100,50,500,"sd","09:55:17",68500
11100,50,100,"sd","09:52:13",68000
11100,50,2200,"sd","09:51:54",67900
11100,50,100,"sd","09:51:11",65700
11100,50,2400,"sd","09:50:41",65600
11100,50,100,"sd","09:50:41",63200
11100,50,500,"sd","09:50:02",63100
11100,50,100,"sd","09:50:02",62600
11100,50,200,"sd","09:50:02",62500
11100,50,100,"sd","09:50:02",62300
11100,50,500,"sd","09:50:02",62200
11100,50,100,"sd","09:50:02",61700
11100,50,500,"sd","09:50:02",61600
11100,50,100,"sd","09:50:02",61100
11100,50,200,"sd","09:50:02",61000
11100,50,1800,"sd","09:50:02",60800
11100,50,100,"sd","09:50:02",59000
11100,50,1000,"sd","09:50:02",58900
11150,100,200,"bu","09:48:28",57900
11100,50,3000,"sd","09:46:35",57700
11100,50,100,"sd","09:43:57",54700
11100,50,900,"sd","09:41:18",54600
11100,50,100,"sd","09:41:18",53700
11100,50,1000,"bu","09:40:23",53600
11100,50,600,"bu","09:39:32",52600
11100,50,900,"sd","09:39:12",52000
11100,50,1000,"sd","09:39:12",51100
11100,50,5000,"sd","09:39:12",50100
11100,50,100,"sd","09:39:12",45100
11100,50,400,"sd","09:39:12",45000
11100,50,200,"sd","09:39:12",44600
11150,100,300,"bu","09:39:04",44400
11150,100,500,"bu","09:38:48",44100
11150,100,1000,"bu","09:38:48",43600
11150,100,200,"bu","09:38:21",42600
11100,50,500,"sd","09:37:53",42400
11100,50,500,"bu","09:36:42",41900
11100,50,300,"bu","09:36:42",41400
11100,50,5000,"bu","09:36:07",41100
11050,0,1200,"sd","09:30:58",36100
11050,0,200,"sd","09:30:58",34900
11050,0,200,"sd","09:30:58",34700
11050,0,100,"sd","09:30:58",34500
11050,0,300,"sd","09:30:58",34400
11100,50,200,"bu","09:30:48",34100
11100,50,4500,"bu","09:30:41",33900
11100,50,100,"bu","09:29:38",29400
11050,0,400,"sd","09:29:15",29300
11050,0,900,"sd","09:29:15",28900
11100,50,1000,"sd","09:29:15",28000
11100,50,100,"sd","09:29:15",27000
11100,50,100,"sd","09:29:15",26900
11100,50,500,"sd","09:29:15",26800
11100,50,500,"sd","09:29:15",26300
11100,50,100,"sd","09:29:15",25800
11100,50,1000,"sd","09:29:15",25700
11100,50,100,"sd","09:29:15",24700
11100,50,2000,"sd","09:29:15",24600
11100,50,3000,"sd","09:29:15",22600
11100,50,300,"sd","09:29:15",19600
11100,50,1200,"sd","09:29:07",19300
11100,50,200,"sd","09:29:07",18100
11100,50,500,"sd","09:28:26",17900
11100,50,2000,"sd","09:28:21",17400
11150,100,500,"bu","09:25:51",15400
11150,100,200,"bu","09:25:43",14900
11150,100,200,"bu","09:25:31",14700
11150,100,100,"bu","09:25:28",14500
11150,100,500,"bu","09:25:28",14400
11150,100,400,"bu","09:25:28",13900
11150,100,100,"bu","09:25:09",13500
11150,100,2500,"bu","09:24:34",13400
11100,50,800,"sd","09:23:59",10900
11100,50,300,"sd","09:22:03",10100
11100,50,700,"sd","09:20:55",9800
11050,0,200,"sd","09:18:13",9100
11050,0,1000,"sd","09:17:32",8900
11050,0,1900,"sd","09:17:10",7900
11050,0,2300,"sd","09:17:10",6000
11050,0,1500,"sd","09:16:16",3700
11050,0,400,"sd","09:15:31",2200
11050,0,1800,"sd","09:15:01",1800
