"price","change","match_qtty","side","time","total_vol"
4100,-120,3800,"sd","14:45:01",233500
4070,-150,1100,"bu","14:29:32",229700
4060,-160,2300,"sd","14:28:46",228600
4060,-160,1900,"sd","14:28:40",226300
4060,-160,1000,"sd","14:28:40",224400
4060,-160,1000,"sd","14:28:40",223400
4070,-150,1500,"sd","14:28:21",222400
4070,-150,700,"sd","14:28:09",220900
4070,-150,1100,"sd","14:27:54",220200
4070,-150,100,"sd","14:27:54",219100
4080,-140,100,"sd","14:26:34",219000
4080,-140,500,"sd","14:26:34",218900
4080,-140,200,"sd","14:26:34",218400
4080,-140,1600,"sd","14:26:34",218200
4090,-130,2700,"sd","14:26:32",216600
4090,-130,900,"sd","14:24:46",213900
4100,-120,200,"sd","14:24:46",213000
4090,-130,1400,"sd","14:24:06",212800
4090,-130,900,"sd","14:24:06",211400
4090,-130,200,"sd","14:24:06",210500
4090,-130,500,"sd","14:24:06",210300
4100,-120,2000,"sd","14:24:06",209800
4100,-120,600,"sd","14:23:52",207800
4100,-120,2400,"bu","14:21:46",207200
4100,-120,1000,"bu","14:21:35",204800
4100,-120,200,"sd","14:20:57",203800
4100,-120,1400,"sd","14:20:57",203600
4100,-120,100,"sd","14:19:56",202200
4120,-100,100,"bu","14:18:13",202100
4100,-120,700,"bu","14:16:54",202000
4100,-120,1000,"bu","14:16:40",201300
4100,-120,200,"bu","14:16:35",200300
4100,-120,2000,"bu","14:16:22",200100
4100,-120,11800,"bu","14:15:36",198100
4090,-130,900,"bu","14:13:00",186300
4090,-130,100,"bu","14:12:11",185400
4100,-120,2200,"bu","14:11:02",185300
4090,-130,1000,"bu","14:11:02",183100
4090,-130,1800,"bu","14:11:02",182100
4090,-130,2000,"bu","14:10:54",180300
4080,-140,3200,"sd","14:09:30",178300
4090,-130,100,"bu","14:09:20",175100
4080,-140,200,"sd","14:08:35",175000
4090,-130,2000,"bu","14:08:01",174800
4090,-130,100,"bu","14:06:51",172800
4080,-140,4000,"bu","14:06:33",172700
4080,-140,100,"bu","14:06:02",168700
4080,-140,200,"sd","14:05:32",168600
4080,-140,5000,"sd","14:05:32",168400
4080,-140,1000,"sd","14:05:32",163400
4080,-140,1200,"sd","14:05:32",162400
4080,-140,900,"sd","14:05:24",161200
4090,-130,4000,"sd","14:04:53",160300
4090,-130,1300,"bu","14:04:22",156300
4090,-130,700,"sd","14:03:24",155000
4100,-120,200,"bu","14:01:42",154300
4100,-120,200,"bu","14:01:03",154100
4090,-130,300,"bu","14:00:19",153900
4090,-130,3000,"bu","13:59:59",153600
4080,-140,500,"sd","13:57:56",150600
4080,-140,2400,"sd","13:53:55",150100
4080,-140,100,"sd","13:53:55",147700
4080,-140,1000,"sd","13:53:55",147600
4080,-140,1800,"sd","13:53:55",146600
4090,-130,300,"sd","13:53:55",144800
4090,-130,1000,"sd","13:53:55",144500
4090,-130,500,"sd","13:53:55",143500
4080,-140,8200,"sd","13:47:34",143000
4080,-140,1000,"sd","13:47:34",134800
4110,-110,2900,"bu","13:47:27",133800
4100,-120,1600,"unknown","13:47:27",130900
4100,-120,500,"sd","13:47:05",129300
4100,-120,900,"sd","13:47:05",128800
4100,-120,1100,"sd","13:46:46",127900
4100,-120,200,"sd","13:46:46",126800
4100,-120,2000,"sd","13:46:46",126600
4100,-120,4700,"sd","13:46:46",124600
4100,-120,300,"sd","13:46:42",119900
4100,-120,5000,"sd","13:46:42",119600
4100,-120,100,"sd","13:46:42",114600
4100,-120,1000,"sd","13:46:42",114500
4100,-120,100,"sd","13:46:42",113500
4100,-120,200,"sd","13:46:42",113400
4110,-110,1000,"sd","13:45:58",113200
4120,-100,400,"sd","13:45:18",112200
4120,-100,1000,"sd","13:45:18",109900
4120,-100,1900,"sd","13:45:18",111800
4130,-90,2000,"sd","13:42:55",108900
4130,-90,100,"bu","13:42:22",106900
4130,-90,2900,"sd","13:41:59",106800
4150,-70,1000,"bu","13:41:56",103900
4150,-70,2000,"bu","13:41:56",102900
4150,-70,3000,"sd","13:40:45",100900
4130,-90,1000,"sd","13:40:21",97800
4130,-90,100,"sd","13:40:21",97900
4140,-80,200,"sd","13:40:21",96800
4140,-80,2700,"sd","13:40:21",96600
4150,-70,1000,"sd","13:40:21",93900
4140,-80,1300,"sd","13:38:42",92900
4160,-60,2700,"sd","13:38:42",91600
4160,-60,300,"sd","13:35:10",88900
4140,-80,1000,"sd","13:33:35",82600
4140,-80,6000,"sd","13:33:35",88600
4150,-70,2000,"sd","13:33:35",81600
4150,-70,3000,"sd","13:33:35",79600
4150,-70,100,"sd","13:33:35",76600
4160,-60,500,"sd","13:33:35",76500
4170,-50,200,"sd","13:33:35",76000
4160,-60,2500,"sd","13:32:20",75800
4160,-60,400,"sd","13:32:20",73300
4160,-60,200,"sd","13:32:20",72900
4170,-50,1000,"sd","13:32:20",72700
4170,-50,900,"sd","13:32:20",71700
4170,-50,1100,"sd","13:29:55",70800
4160,-60,800,"sd","13:23:39",69700
4160,-60,100,"sd","13:23:39",68900
4160,-60,100,"sd","13:23:39",68800
4200,-20,700,"sd","13:22:35",68700
4200,-20,1000,"bu","13:18:43",68000
4200,-20,100,"bu","13:18:43",67000
4200,-20,4900,"bu","13:18:43",66900
4200,-20,200,"bu","13:18:13",62000
4200,-20,1100,"bu","13:17:38",61800
4200,-20,8600,"bu","13:17:15",60700
4190,-30,2500,"bu","13:17:15",52100
4150,-70,600,"sd","13:11:02",49600
4150,-70,1700,"sd","13:10:18",49000
4200,-20,200,"sd","13:09:24",47300
4200,-20,3600,"sd","13:09:24",47100
4200,-20,1400,"sd","13:08:43",43500
4200,-20,100,"sd","13:08:43",42100
4210,-10,400,"sd","13:08:03",42000
4210,-10,2600,"sd","13:07:52",41600
4210,-10,100,"sd","13:07:52",39000
4220,0,1300,"sd","13:07:52",38900
4230,10,1500,"sd","13:06:46",37600
4240,20,400,"sd","13:06:13",36100
4240,20,700,"sd","13:04:12",35700
4240,20,300,"sd","13:04:12",35000
4240,20,1000,"sd","13:04:09",34700
4240,20,200,"sd","13:02:58",33700
4250,30,1300,"bu","13:02:06",33500
4240,20,500,"sd","13:00:06",32200
4250,30,1000,"sd","13:00:06",31700
4250,30,100,"sd","13:00:06",30700
4250,30,200,"sd","13:00:06",30600
4260,40,200,"bu","11:24:05",30400
4260,40,200,"bu","11:23:27",30200
4250,30,200,"sd","11:19:17",30000
4250,30,500,"sd","11:18:31",29800
4250,30,1000,"sd","11:17:52",29300
4260,40,1000,"bu","11:15:56",28300
4260,40,600,"sd","11:13:42",27300
4260,40,100,"sd","11:00:58",26700
4270,50,100,"bu","11:00:41",26600
4270,50,100,"bu","10:49:00",26500
4270,50,600,"bu","10:47:11",26400
4270,50,100,"bu","10:47:11",25800
4270,50,500,"sd","10:43:20",25700
4270,50,1000,"bu","10:40:01",25200
4270,50,500,"bu","10:40:01",24200
4270,50,100,"sd","10:39:22",23700
4270,50,2000,"bu","10:33:54",23600
4260,40,100,"sd","10:32:51",21600
4260,40,200,"bu","10:30:19",21500
4260,40,200,"bu","10:30:09",21300
4260,40,500,"sd","10:29:33",21100
4250,30,100,"sd","10:25:35",20600
4260,40,900,"sd","10:25:09",20500
4280,60,100,"bu","10:20:36",19600
4260,40,100,"bu","10:19:43",19500
4260,40,200,"bu","10:19:07",19400
4250,30,100,"sd","10:14:54",19200
4250,30,900,"sd","10:12:06",19100
4250,30,200,"sd","10:12:06",18200
4250,30,1800,"sd","10:10:31",18000
4260,40,800,"sd","10:08:53",16200
4260,40,1000,"sd","10:08:19",15400
4260,40,200,"sd","10:07:42",14400
4260,40,200,"sd","10:07:42",14200
4260,40,600,"sd","10:07:42",14000
4260,40,300,"sd","10:01:49",13400
4270,50,300,"sd","10:01:35",13100
4280,60,1000,"sd","09:56:05",12800
4280,60,500,"sd","09:56:05",11800
4280,60,1000,"sd","09:56:05",11300
4290,70,500,"bu","09:53:55",10300
4290,70,200,"sd","09:51:51",9800
4290,70,800,"bu","09:50:20",9600
4290,70,200,"sd","09:49:40",8800
4290,70,200,"sd","09:46:38",8600
4290,70,500,"sd","09:43:59",8400
4300,80,900,"sd","09:43:37",7900
4300,80,100,"sd","09:42:10",7000
4350,130,200,"bu","09:31:49",6900
4260,40,1500,"bu","09:31:33",6700
4260,40,1500,"sd","09:30:44",5200
4260,40,300,"sd","09:28:10",3700
4260,40,200,"sd","09:26:44",3400
4400,180,100,"bu","09:24:27",3200
4400,180,100,"bu","09:24:27",3100
4250,30,200,"sd","09:19:24",3000
4250,30,400,"sd","09:18:03",2800
4250,30,100,"sd","09:18:03",2400
4250,30,2300,"sd","09:15:01",2300
