"price","change","match_qtty","side","time","total_vol"
26300,0,272900,"unknown","14:45:00",1962600
26150,-150,100,"sd","14:29:57",1689700
26150,-150,1500,"bu","14:29:31",1689600
26150,-150,1900,"bu","14:29:31",1688100
26150,-150,200,"bu","14:29:31",1686200
26150,-150,3600,"bu","14:29:27",1686000
26150,-150,1400,"bu","14:29:27",1682400
26150,-150,100,"bu","14:29:11",1681000
26150,-150,1900,"bu","14:28:59",1680900
26150,-150,200,"bu","14:28:52",1679000
26100,-200,400,"sd","14:28:50",1678800
26150,-150,100,"bu","14:28:33",1678400
26150,-150,100,"bu","14:28:31",1678300
26100,-200,22400,"sd","14:28:28",1678200
26100,-200,100,"sd","14:28:28",1655800
26100,-200,2000,"sd","14:28:28",1655700
26100,-200,1000,"sd","14:28:28",1653700
26100,-200,300,"sd","14:28:28",1652700
26100,-200,200,"sd","14:28:28",1652400
26100,-200,2000,"sd","14:28:28",1652200
26100,-200,200,"sd","14:28:28",1650200
26100,-200,200,"sd","14:28:28",1650000
26100,-200,600,"sd","14:28:28",1649800
26100,-200,1000,"sd","14:28:28",1649200
26100,-200,1000,"sd","14:28:28",1648200
26100,-200,1000,"sd","14:28:28",1647200
26100,-200,100,"sd","14:28:28",1646200
26100,-200,100,"sd","14:28:28",1646100
26100,-200,100,"sd","14:28:28",1646000
26150,-150,1000,"bu","14:28:23",1645900
26150,-150,300,"bu","14:28:22",1644900
26150,-150,200,"bu","14:27:55",1644600
26150,-150,4400,"bu","14:27:48",1644400
26100,-200,100,"sd","14:27:47",1640000
26100,-200,100,"sd","14:27:47",1639900
26100,-200,100,"sd","14:27:47",1639800
26150,-150,800,"bu","14:27:47",1639700
26150,-150,100,"bu","14:27:40",1638900
26150,-150,200,"bu","14:27:36",1638800
26150,-150,2000,"sd","14:27:35",1638600
26150,-150,100,"sd","14:27:35",1636600
26150,-150,100,"sd","14:27:35",1636500
26150,-150,300,"sd","14:27:35",1636400
26150,-150,200,"sd","14:27:35",1636100
26150,-150,1000,"sd","14:27:35",1635900
26150,-150,3000,"sd","14:27:35",1634900
26150,-150,9000,"sd","14:27:35",1631900
26150,-150,100,"sd","14:27:35",1622900
26150,-150,800,"sd","14:27:35",1622800
26150,-150,2000,"sd","14:27:35",1622000
26150,-150,100,"sd","14:27:35",1620000
26150,-150,2500,"sd","14:27:35",1619900
26150,-150,100,"sd","14:27:35",1617400
26150,-150,200,"sd","14:27:35",1617300
26150,-150,1500,"sd","14:27:35",1617100
26150,-150,200,"sd","14:27:01",1615600
26200,-100,2200,"bu","14:27:00",1615400
26200,-100,100,"bu","14:26:29",1613200
26200,-100,3800,"bu","14:26:27",1613100
26200,-100,13800,"bu","14:26:23",1609300
26150,-150,300,"sd","14:26:18",1595500
26200,-100,1000,"bu","14:26:10",1595200
26200,-100,200,"bu","14:26:00",1594200
26200,-100,3600,"bu","14:25:56",1594000
26200,-100,500,"bu","14:25:51",1590400
26200,-100,100,"sd","14:25:36",1589900
26200,-100,1400,"sd","14:25:36",1589800
26200,-100,100,"sd","14:25:36",1588400
26200,-100,600,"sd","14:25:36",1588300
26200,-100,200,"sd","14:25:36",1587700
26200,-100,2000,"sd","14:25:36",1587500
26200,-100,5000,"sd","14:25:36",1585500
26200,-100,5000,"sd","14:25:36",1580500
26200,-100,5000,"sd","14:25:36",1575500
26200,-100,300,"sd","14:25:36",1570500
26200,-100,100,"sd","14:25:36",1570200
26200,-100,1300,"sd","14:25:36",1570100
26250,-50,500,"bu","14:25:33",1568800
26250,-50,100,"bu","14:25:33",1568300
26250,-50,1000,"bu","14:25:33",1568200
26250,-50,2000,"bu","14:25:33",1567200
26200,-100,400,"sd","14:25:28",1565200
26200,-100,400,"sd","14:24:19",1564800
26250,-50,100,"bu","14:24:16",1564400
26250,-50,100,"bu","14:23:56",1564300
26250,-50,200,"bu","14:23:56",1564200
26250,-50,1000,"bu","14:23:56",1564000
26250,-50,1000,"bu","14:23:56",1563000
26250,-50,700,"bu","14:23:56",1562000
26250,-50,1300,"bu","14:23:41",1561300
26250,-50,100,"bu","14:23:39",1560000
26250,-50,100,"bu","14:23:31",1559900
26250,-50,800,"sd","14:23:29",1559800
26250,-50,200,"sd","14:23:21",1559000
26300,0,100,"bu","14:23:19",1558800
26200,-100,200,"sd","14:22:35",1558700
26250,-50,100,"sd","14:22:35",1558500
26250,-50,100,"sd","14:22:35",1558400
26250,-50,200,"sd","14:22:33",1558300
26300,0,200,"bu","14:22:32",1558100
26250,-50,1000,"sd","14:22:26",1557900
26250,-50,100,"bu","14:22:12",1556900
26250,-50,300,"bu","14:22:10",1556800
26250,-50,100,"sd","14:21:55",1556500
26250,-50,1000,"sd","14:21:55",1556400
26250,-50,900,"sd","14:21:55",1555400
26250,-50,1000,"sd","14:21:55",1554500
26250,-50,1000,"sd","14:21:55",1553500
26250,-50,3600,"sd","14:21:55",1552500
26300,0,1400,"bu","14:21:51",1548900
26300,0,1400,"bu","14:21:50",1547500
26300,0,1400,"bu","14:21:50",1546100
26300,0,1400,"bu","14:21:50",1544700
26300,0,1300,"bu","14:21:50",1543300
26250,-50,500,"sd","14:21:45",1542000
26250,-50,300,"sd","14:21:35",1541500
26250,-50,200,"sd","14:21:29",1541200
26300,0,3600,"bu","14:21:26",1541000
26250,-50,1000,"sd","14:21:18",1537400
26250,-50,300,"sd","14:20:53",1536400
26300,0,200,"bu","14:20:48",1536100
26300,0,100,"bu","14:20:45",1535900
26300,0,1000,"bu","14:20:45",1535800
26300,0,1300,"bu","14:20:42",1534800
26300,0,3000,"bu","14:20:42",1533500
26300,0,500,"bu","14:20:41",1530500
26300,0,300,"bu","14:20:28",1530000
26250,-50,500,"sd","14:20:13",1529700
26250,-50,400,"sd","14:20:03",1529200
26300,0,1300,"bu","14:19:55",1528800
26250,-50,1700,"bu","14:19:12",1527500
26250,-50,100,"bu","14:19:04",1525800
26250,-50,100,"bu","14:18:59",1525700
26250,-50,700,"bu","14:18:59",1525600
26200,-100,300,"sd","14:18:57",1524900
26250,-50,1200,"sd","14:18:30",1524600
26250,-50,100,"bu","14:18:26",1523400
26250,-50,400,"bu","14:18:17",1523300
26250,-50,100,"bu","14:18:17",1522900
26250,-50,100,"bu","14:18:09",1522800
26200,-100,200,"sd","14:18:07",1522700
26250,-50,300,"bu","14:17:51",1522500
26250,-50,300,"bu","14:17:47",1522200
26250,-50,4900,"bu","14:17:47",1521900
26250,-50,100,"bu","14:17:38",1517000
26250,-50,900,"bu","14:17:38",1516900
26250,-50,200,"bu","14:17:31",1516000
26250,-50,1100,"bu","14:17:31",1515800
26250,-50,800,"bu","14:17:24",1514700
26250,-50,500,"bu","14:17:24",1513900
26250,-50,300,"bu","14:17:24",1513400
26250,-50,100,"bu","14:17:24",1513100
26250,-50,1900,"bu","14:17:24",1513000
26200,-100,300,"sd","14:17:22",1511100
26250,-50,200,"bu","14:17:20",1510800
26200,-100,1000,"bu","14:17:16",1510600
26200,-100,1000,"bu","14:17:16",1509600
26200,-100,100,"bu","14:17:16",1508600
26200,-100,3800,"bu","14:17:16",1508500
26200,-100,1200,"bu","14:17:13",1504700
26200,-100,500,"bu","14:17:13",1503500
26200,-100,600,"bu","14:17:13",1503000
26200,-100,2700,"bu","14:17:13",1502400
26200,-100,200,"bu","14:17:12",1499700
26200,-100,3600,"bu","14:17:08",1499500
26200,-100,1400,"bu","14:17:07",1495900
26200,-100,400,"bu","14:17:05",1494500
26200,-100,2000,"bu","14:16:51",1494100
26200,-100,3600,"bu","14:16:51",1492100
26150,-150,200,"sd","14:16:38",1488500
26200,-100,100,"bu","14:16:37",1488300
26200,-100,3600,"bu","14:16:37",1488200
26200,-100,200,"bu","14:16:26",1484600
26200,-100,2400,"bu","14:16:23",1484400
26200,-100,1300,"bu","14:16:20",1482000
26200,-100,2600,"bu","14:16:16",1480700
26200,-100,200,"bu","14:16:16",1478100
26200,-100,1800,"bu","14:16:03",1477900
26200,-100,500,"bu","14:16:03",1476100
26200,-100,200,"bu","14:16:03",1475600
26150,-150,1100,"bu","14:16:03",1475400
26150,-150,1200,"bu","14:16:02",1474300
26150,-150,1400,"bu","14:16:02",1473100
26150,-150,1300,"bu","14:16:02",1471700
26150,-150,1300,"bu","14:16:02",1470400
26100,-200,200,"sd","14:16:01",1469100
26150,-150,2300,"bu","14:15:55",1468900
26150,-150,800,"bu","14:15:55",1466600
26150,-150,1300,"bu","14:15:48",1465800
26150,-150,500,"bu","14:15:46",1464500
26150,-150,2200,"bu","14:15:46",1464000
26150,-150,900,"bu","14:15:46",1461800
26150,-150,800,"bu","14:15:45",1460900
26150,-150,500,"bu","14:15:45",1460100
26150,-150,1200,"bu","14:15:45",1459600
26150,-150,700,"bu","14:15:36",1458400
26150,-150,1500,"bu","14:15:36",1457700
26150,-150,300,"bu","14:15:36",1456200
26150,-150,100,"bu","14:15:36",1455900
26150,-150,200,"bu","14:15:36",1455800
26150,-150,1300,"bu","14:15:27",1455600
26150,-150,3400,"bu","14:15:27",1454300
26150,-150,200,"bu","14:15:27",1450900
26150,-150,1100,"bu","14:15:23",1450700
26150,-150,1300,"bu","14:15:23",1449600
26150,-150,700,"bu","14:15:23",1448300
26100,-200,300,"sd","14:15:22",1447600
26100,-200,2000,"sd","14:15:22",1447300
26150,-150,600,"bu","14:15:12",1445300
26150,-150,1300,"bu","14:15:12",1444700
26150,-150,200,"bu","14:15:12",1443400
26150,-150,1000,"bu","14:15:12",1443200
26150,-150,2500,"bu","14:14:59",1442200
26150,-150,200,"bu","14:14:54",1439700
26150,-150,2800,"bu","14:14:47",1439500
26100,-200,200,"sd","14:14:44",1436700
26150,-150,100,"bu","14:14:43",1436500
26150,-150,2500,"bu","14:14:37",1436400
26150,-150,3100,"bu","14:14:29",1433900
26100,-200,200,"sd","14:14:09",1430800
26150,-150,200,"bu","14:13:51",1430600
26100,-200,200,"sd","14:13:31",1430400
26100,-200,100,"sd","14:13:31",1430200
26150,-150,1400,"bu","14:13:10",1430100
26150,-150,1000,"bu","14:12:58",1428700
26150,-150,100,"bu","14:12:45",1427700
26100,-200,300,"sd","14:12:36",1427600
26100,-200,3600,"sd","14:12:08",1427300
26100,-200,2000,"sd","14:12:08",1423700
26100,-200,2300,"sd","14:12:08",1421700
26100,-200,1300,"sd","14:12:08",1419400
26150,-150,200,"bu","14:12:07",1418100
26100,-200,200,"sd","14:11:55",1417900
26100,-200,200,"sd","14:11:20",1417700
26100,-200,400,"sd","14:10:38",1417500
26150,-150,1400,"bu","14:10:33",1417100
26150,-150,200,"bu","14:10:22",1415700
26150,-150,3000,"bu","14:10:02",1415500
26100,-200,200,"sd","14:09:44",1412500
26150,-150,200,"bu","14:09:38",1412300
26150,-150,100,"bu","14:09:20",1412100
26150,-150,400,"bu","14:09:15",1412000
26100,-200,200,"sd","14:08:58",1411600
26150,-150,100,"bu","14:08:46",1411400
26150,-150,100,"bu","14:08:39",1411300
26150,-150,300,"bu","14:08:38",1411200
26100,-200,200,"sd","14:08:25",1410900
26150,-150,200,"bu","14:08:20",1410700
26150,-150,500,"bu","14:08:02",1410500
26100,-200,300,"sd","14:07:52",1410000
26150,-150,2000,"bu","14:07:24",1409700
26150,-150,100,"bu","14:07:16",1407700
26050,-250,300,"sd","14:07:16",1407600
26150,-150,200,"bu","14:06:55",1407300
26000,-300,300,"sd","14:06:43",1407100
26000,-300,2000,"sd","14:06:43",1406800
26000,-300,2000,"sd","14:06:43",1404800
26000,-300,500,"sd","14:06:43",1402800
26000,-300,5000,"sd","14:06:43",1402300
26050,-250,400,"sd","14:06:43",1397300
26050,-250,5000,"sd","14:06:43",1396900
26050,-250,100,"sd","14:06:43",1391900
26050,-250,400,"sd","14:06:43",1391800
26050,-250,2000,"sd","14:06:43",1391400
26050,-250,200,"sd","14:06:43",1389400
26050,-250,5000,"sd","14:06:43",1389200
26050,-250,100,"sd","14:06:43",1384200
26050,-250,5000,"sd","14:06:43",1384100
26050,-250,500,"sd","14:06:43",1379100
26050,-250,1000,"sd","14:06:43",1378600
26050,-250,100,"sd","14:06:43",1377600
26050,-250,1000,"sd","14:06:43",1377500
26050,-250,900,"sd","14:06:43",1376500
26100,-200,1400,"sd","14:06:43",1375600
26100,-200,200,"sd","14:06:43",1374200
26100,-200,100,"sd","14:06:43",1374000
26100,-200,200,"sd","14:06:43",1373900
26100,-200,5000,"sd","14:06:43",1373700
26100,-200,500,"sd","14:06:43",1368700
26100,-200,1100,"sd","14:06:43",1368200
26100,-200,900,"sd","14:06:25",1367100
26100,-200,2000,"sd","14:06:25",1366200
26100,-200,200,"sd","14:06:25",1364200
26100,-200,100,"sd","14:06:25",1364000
26100,-200,100,"sd","14:06:25",1363900
26100,-200,100,"sd","14:06:25",1363800
26100,-200,500,"sd","14:06:25",1363700
26100,-200,1700,"sd","14:06:25",1363200
26150,-150,500,"bu","14:06:25",1361500
26150,-150,3300,"bu","14:06:20",1361000
26100,-200,300,"sd","14:06:20",1357700
26150,-150,500,"bu","14:06:16",1357400
26150,-150,1000,"bu","14:06:12",1356900
26150,-150,600,"bu","14:06:12",1355900
26150,-150,600,"bu","14:06:01",1355300
26150,-150,1000,"bu","14:05:45",1354700
26150,-150,100,"bu","14:05:40",1353700
26150,-150,4600,"bu","14:05:26",1353600
26150,-150,1300,"bu","14:05:17",1349000
26150,-150,2800,"bu","14:05:16",1347700
26150,-150,200,"bu","14:05:15",1344900
26150,-150,3700,"bu","14:05:13",1344700
26150,-150,100,"bu","14:05:13",1341000
26150,-150,200,"bu","14:05:11",1340900
26100,-200,2400,"bu","14:04:58",1340700
26100,-200,100,"bu","14:04:57",1338300
26100,-200,1000,"bu","14:04:56",1338200
26100,-200,500,"bu","14:04:55",1337200
26100,-200,700,"bu","14:04:55",1336700
26100,-200,5000,"bu","14:04:55",1336000
26100,-200,200,"bu","14:04:51",1331000
26100,-200,600,"bu","14:04:49",1330800
26100,-200,1300,"bu","14:04:49",1330200
26100,-200,1700,"bu","14:04:49",1328900
26100,-200,200,"bu","14:04:46",1327200
26100,-200,100,"bu","14:04:44",1327000
26100,-200,2700,"bu","14:04:44",1326900
26050,-250,200,"sd","14:04:43",1324200
26100,-200,1700,"bu","14:04:35",1324000
26100,-200,1200,"bu","14:04:35",1322300
26100,-200,200,"bu","14:04:34",1321100
26100,-200,100,"bu","14:04:30",1320900
26100,-200,500,"bu","14:04:30",1320800
26100,-200,200,"bu","14:04:30",1320300
26100,-200,1000,"bu","14:04:30",1320100
26100,-200,200,"bu","14:04:30",1319100
26100,-200,1600,"bu","14:04:30",1318900
26100,-200,2500,"bu","14:04:25",1317300
26100,-200,2600,"bu","14:04:22",1314800
26100,-200,2900,"bu","14:04:18",1312200
26100,-200,3600,"bu","14:04:13",1309300
26100,-200,2600,"bu","14:04:07",1305700
26050,-250,200,"sd","14:04:05",1303100
26100,-200,1400,"bu","14:03:59",1302900
26100,-200,2800,"bu","14:03:56",1301500
26100,-200,300,"bu","14:03:56",1298700
26100,-200,500,"bu","14:03:55",1298400
26100,-200,3100,"bu","14:03:55",1297900
26100,-200,6500,"bu","14:03:51",1294800
26100,-200,3100,"bu","14:03:48",1288300
26100,-200,3100,"bu","14:03:38",1285200
26100,-200,1000,"bu","14:03:35",1282100
26100,-200,200,"bu","14:03:32",1281100
26050,-250,200,"sd","14:03:27",1280900
26050,-250,100,"sd","14:03:27",1280700
26100,-200,1100,"bu","14:03:26",1280600
26100,-200,1900,"bu","14:03:16",1279500
26100,-200,300,"bu","14:03:16",1277600
26100,-200,900,"bu","14:03:16",1277300
26050,-250,200,"sd","14:02:46",1276400
26100,-200,1400,"bu","14:02:40",1276200
26100,-200,1000,"bu","14:02:35",1274800
26050,-250,200,"sd","14:02:06",1273800
26100,-200,300,"bu","14:01:59",1273600
26100,-200,5000,"bu","14:01:48",1273300
26100,-200,200,"bu","14:01:43",1268300
26100,-200,500,"bu","14:01:39",1268100
26050,-250,200,"sd","14:01:27",1267600
26100,-200,1300,"bu","14:01:21",1267400
26050,-250,2400,"sd","14:01:21",1266100
26050,-250,10000,"sd","14:01:21",1263700
26050,-250,100,"sd","14:01:21",1253700
26050,-250,500,"sd","14:01:21",1253600
26050,-250,3000,"sd","14:01:21",1253100
26050,-250,500,"sd","14:01:21",1250100
26050,-250,500,"sd","14:01:21",1249600
26050,-250,100,"sd","14:01:21",1249100
26050,-250,1000,"sd","14:01:21",1249000
26050,-250,600,"sd","14:01:21",1248000
26050,-250,100,"sd","14:01:21",1247400
26050,-250,100,"sd","14:01:21",1247300
26050,-250,100,"sd","14:01:21",1247200
26050,-250,1000,"sd","14:01:21",1247100
26100,-200,500,"bu","14:00:54",1246100
26050,-250,300,"sd","14:00:52",1245600
26050,-250,300,"sd","14:00:05",1245300
26100,-200,500,"bu","14:00:03",1245000
26100,-200,900,"bu","14:00:03",1244500
26100,-200,200,"bu","13:59:59",1243600
26050,-250,200,"sd","13:59:19",1243400
26050,-250,100,"sd","13:58:41",1243200
26050,-250,200,"sd","13:58:41",1243100
26100,-200,100,"bu","13:58:36",1242900
26100,-200,100,"bu","13:58:14",1242800
26050,-250,300,"sd","13:57:55",1242700
26100,-200,600,"bu","13:57:37",1242400
26100,-200,700,"bu","13:57:37",1241800
26050,-250,300,"sd","13:57:03",1241100
26100,-200,3000,"bu","13:56:56",1240800
26100,-200,100,"bu","13:56:51",1237800
26100,-200,1000,"bu","13:56:43",1237700
26100,-200,200,"bu","13:56:30",1236700
26050,-250,200,"sd","13:56:19",1236500
26050,-250,1000,"sd","13:56:06",1236300
26050,-250,300,"sd","13:55:39",1235300
26050,-250,100,"sd","13:55:02",1235000
26050,-250,600,"bu","13:55:01",1234900
26050,-250,2000,"bu","13:54:54",1234300
26050,-250,3000,"bu","13:54:52",1232300
26050,-250,2000,"bu","13:54:52",1229300
26000,-300,200,"sd","13:54:52",1227300
26050,-250,1500,"bu","13:54:48",1227100
26050,-250,200,"bu","13:54:47",1225600
26050,-250,2000,"bu","13:54:45",1225400
26050,-250,3100,"bu","13:54:38",1223400
26050,-250,1200,"bu","13:54:30",1220300
26050,-250,1600,"bu","13:54:30",1219100
26050,-250,500,"bu","13:54:28",1217500
26050,-250,3000,"bu","13:54:25",1217000
26050,-250,1000,"bu","13:54:25",1214000
26050,-250,2700,"bu","13:54:19",1213000
26000,-300,300,"sd","13:54:13",1210300
26050,-250,10000,"bu","13:54:10",1210000
26050,-250,200,"bu","13:54:00",1200000
26000,-300,200,"sd","13:53:32",1199800
26050,-250,200,"bu","13:53:02",1199600
26000,-300,300,"sd","13:52:51",1199400
26050,-250,200,"bu","13:52:26",1199100
26000,-300,700,"sd","13:52:24",1198900
26050,-250,500,"bu","13:52:23",1198200
26050,-250,100,"bu","13:52:05",1197700
26000,-300,200,"sd","13:52:04",1197600
26000,-300,100,"sd","13:51:51",1197400
26000,-300,5000,"sd","13:51:50",1197300
26000,-300,500,"sd","13:51:50",1192300
26000,-300,500,"sd","13:51:50",1191800
26000,-300,1000,"sd","13:51:50",1191300
26000,-300,300,"sd","13:51:50",1190300
26000,-300,100,"sd","13:51:50",1190000
26000,-300,100,"sd","13:51:50",1189900
26000,-300,100,"sd","13:51:50",1189800
26000,-300,100,"sd","13:51:50",1189700
26000,-300,100,"sd","13:51:50",1189600
26000,-300,1000,"sd","13:51:50",1189500
26000,-300,1100,"sd","13:51:50",1188500
26000,-300,200,"sd","13:51:30",1187400
26000,-300,400,"sd","13:51:26",1187200
26000,-300,300,"sd","13:51:19",1186800
26000,-300,300,"sd","13:51:19",1186500
26000,-300,200,"sd","13:51:19",1186200
26000,-300,500,"sd","13:51:19",1186000
26000,-300,1000,"sd","13:51:19",1185500
26000,-300,600,"sd","13:51:19",1184500
26100,-200,200,"bu","13:51:18",1183900
26000,-300,100,"sd","13:51:17",1183700
26000,-300,1000,"sd","13:51:17",1183600
26000,-300,100,"sd","13:51:17",1182600
26000,-300,1500,"sd","13:51:17",1182500
26000,-300,500,"sd","13:51:17",1181000
26000,-300,100,"sd","13:51:17",1180500
26000,-300,300,"sd","13:51:17",1180400
26000,-300,1000,"sd","13:51:17",1180100
26000,-300,100,"sd","13:51:17",1179100
26000,-300,100,"sd","13:51:17",1179000
26000,-300,100,"sd","13:51:17",1178900
26000,-300,1500,"sd","13:51:17",1178800
26000,-300,100,"sd","13:51:17",1177300
26000,-300,2400,"sd","13:51:17",1177200
26000,-300,200,"sd","13:51:17",1174800
26000,-300,100,"sd","13:51:17",1174600
26000,-300,100,"sd","13:51:17",1174500
26000,-300,500,"sd","13:51:17",1174400
26000,-300,2000,"sd","13:51:17",1173900
26000,-300,100,"sd","13:51:17",1171900
26000,-300,100,"sd","13:51:17",1171800
26000,-300,400,"sd","13:51:17",1171700
26000,-300,3000,"sd","13:51:17",1171300
26000,-300,300,"sd","13:51:17",1168300
26000,-300,2000,"sd","13:51:17",1168000
26000,-300,100,"sd","13:51:17",1166000
26000,-300,200,"sd","13:51:17",1165900
26000,-300,100,"sd","13:51:17",1165700
26000,-300,300,"sd","13:51:17",1165600
26000,-300,100,"sd","13:51:17",1165300
26000,-300,1000,"sd","13:51:17",1165200
26000,-300,100,"sd","13:51:17",1164200
26000,-300,100,"sd","13:51:17",1164100
26000,-300,100,"sd","13:51:17",1164000
26000,-300,2000,"sd","13:51:17",1163900
26000,-300,300,"sd","13:51:17",1161900
26000,-300,1000,"sd","13:51:17",1161600
26000,-300,100,"sd","13:51:17",1160600
26000,-300,4000,"sd","13:51:17",1160500
26000,-300,500,"sd","13:51:17",1156500
26000,-300,200,"sd","13:51:17",1156000
26000,-300,100,"sd","13:51:17",1155800
26000,-300,100,"sd","13:51:17",1155700
26000,-300,1000,"sd","13:51:17",1155600
26000,-300,10000,"sd","13:51:17",1154600
26000,-300,200,"sd","13:51:17",1144600
26000,-300,500,"sd","13:51:17",1144400
26000,-300,200,"sd","13:51:17",1143900
26000,-300,100,"sd","13:50:59",1143700
26000,-300,100,"sd","13:50:59",1143600
26000,-300,100,"sd","13:50:59",1143500
26000,-300,500,"sd","13:50:59",1143400
26000,-300,1000,"sd","13:50:59",1142900
26000,-300,100,"sd","13:50:59",1141900
26050,-250,100,"sd","13:50:59",1141800
26000,-300,200,"sd","13:50:58",1141700
26050,-250,500,"sd","13:50:49",1141500
26000,-300,400,"sd","13:50:41",1141000
26000,-300,300,"sd","13:50:41",1140600
26000,-300,200,"sd","13:50:41",1140300
26000,-300,500,"sd","13:50:41",1140100
26000,-300,2000,"sd","13:50:41",1139600
26000,-300,1000,"sd","13:50:41",1137600
26000,-300,100,"sd","13:50:41",1136600
26000,-300,100,"sd","13:50:41",1136500
26000,-300,400,"sd","13:50:41",1136400
26000,-300,100,"sd","13:50:41",1136000
26000,-300,100,"sd","13:50:41",1135900
26000,-300,500,"sd","13:50:41",1135800
26000,-300,200,"sd","13:50:41",1135300
26000,-300,200,"sd","13:50:41",1135100
26000,-300,700,"sd","13:50:41",1134900
26000,-300,1000,"sd","13:50:41",1134200
26000,-300,100,"sd","13:50:41",1133200
26000,-300,500,"sd","13:50:41",1133100
26000,-300,100,"sd","13:50:41",1132600
26000,-300,100,"sd","13:50:41",1132500
26000,-300,300,"sd","13:50:41",1132400
26000,-300,200,"sd","13:50:41",1132100
26000,-300,100,"sd","13:50:41",1131900
26000,-300,400,"sd","13:50:41",1131800
26000,-300,200,"sd","13:50:41",1131400
26000,-300,1000,"sd","13:50:41",1131200
26000,-300,100,"sd","13:50:41",1130200
26000,-300,100,"sd","13:50:41",1130100
26000,-300,200,"sd","13:50:41",1130000
26000,-300,100,"sd","13:50:41",1129800
26000,-300,300,"sd","13:50:41",1129700
26000,-300,1000,"sd","13:50:41",1129400
26000,-300,3800,"sd","13:50:41",1128400
26000,-300,100,"sd","13:50:41",1124600
26000,-300,700,"sd","13:50:41",1124500
26000,-300,100,"sd","13:50:41",1123800
26000,-300,1300,"sd","13:50:41",1123700
26000,-300,100,"sd","13:50:41",1122400
26000,-300,900,"sd","13:50:41",1122300
26000,-300,200,"sd","13:50:41",1121400
26000,-300,100,"sd","13:50:41",1121200
26000,-300,1000,"sd","13:50:41",1121100
26000,-300,100,"sd","13:50:41",1120100
26000,-300,100,"sd","13:50:41",1120000
26000,-300,1000,"sd","13:50:41",1119900
26000,-300,200,"sd","13:50:41",1118900
26000,-300,500,"sd","13:50:41",1118700
26000,-300,100,"sd","13:50:41",1118200
26000,-300,1400,"sd","13:50:41",1118100
26000,-300,1000,"sd","13:50:41",1116700
26000,-300,200,"sd","13:50:41",1115700
26000,-300,1900,"sd","13:50:41",1115500
26000,-300,100,"sd","13:50:41",1113600
26000,-300,500,"sd","13:50:41",1113500
26000,-300,200,"sd","13:50:41",1113000
26000,-300,1000,"sd","13:50:41",1112800
26000,-300,100,"sd","13:50:41",1111800
26000,-300,2000,"sd","13:50:41",1111700
26000,-300,1300,"sd","13:50:41",1109700
26000,-300,200,"sd","13:50:41",1108400
26000,-300,200,"sd","13:50:41",1108200
26000,-300,5000,"sd","13:50:41",1108000
26000,-300,200,"sd","13:50:41",1103000
26000,-300,500,"sd","13:50:41",1102800
26000,-300,3000,"sd","13:50:41",1102300
26000,-300,600,"sd","13:50:41",1099300
26000,-300,200,"sd","13:50:41",1098700
26000,-300,1000,"sd","13:50:41",1098500
26000,-300,5000,"sd","13:50:41",1097500
26000,-300,1300,"sd","13:50:41",1092500
26000,-300,200,"sd","13:50:41",1091200
26050,-250,3900,"sd","13:50:36",1091000
26050,-250,1000,"sd","13:50:36",1087100
26050,-250,500,"sd","13:50:35",1086100
26050,-250,500,"sd","13:50:28",1085600
26000,-300,200,"sd","13:50:23",1085100
26050,-250,500,"sd","13:50:17",1084900
26050,-250,100,"sd","13:50:03",1084400
26050,-250,2000,"sd","13:49:49",1084300
26050,-250,100,"sd","13:49:49",1082300
26050,-250,1000,"sd","13:49:49",1082200
26050,-250,500,"sd","13:49:49",1081200
26050,-250,500,"sd","13:49:49",1080700
26050,-250,4100,"sd","13:49:49",1080200
26050,-250,300,"sd","13:49:44",1076100
26050,-250,600,"sd","13:49:43",1075800
26050,-250,500,"sd","13:49:43",1075200
26050,-250,2000,"sd","13:49:43",1074700
26050,-250,100,"sd","13:49:43",1072700
26050,-250,100,"sd","13:49:43",1072600
26050,-250,100,"sd","13:49:43",1072500
26050,-250,500,"sd","13:49:43",1072400
26050,-250,300,"sd","13:49:43",1071900
26050,-250,100,"sd","13:49:43",1071600
26050,-250,2000,"sd","13:49:43",1071500
26050,-250,300,"sd","13:49:43",1069500
26050,-250,700,"sd","13:49:43",1069200
26050,-250,7600,"sd","13:49:43",1068500
26050,-250,2500,"sd","13:49:43",1060900
26050,-250,100,"sd","13:49:43",1058400
26050,-250,1000,"sd","13:49:43",1058300
26050,-250,10200,"sd","13:49:43",1057300
26050,-250,1800,"sd","13:49:43",1047100
26050,-250,500,"sd","13:49:43",1045300
26050,-250,700,"sd","13:49:43",1044800
26050,-250,100,"sd","13:49:43",1044100
26050,-250,100,"sd","13:49:43",1044000
26050,-250,200,"sd","13:49:43",1043900
26050,-250,200,"sd","13:49:43",1043700
26050,-250,10000,"sd","13:49:43",1043500
26050,-250,100,"sd","13:49:43",1033500
26050,-250,500,"sd","13:49:43",1033400
26050,-250,1000,"sd","13:49:43",1032900
26050,-250,500,"sd","13:49:43",1031900
26050,-250,100,"sd","13:49:43",1031400
26050,-250,1000,"sd","13:49:43",1031300
26050,-250,2000,"sd","13:49:43",1030300
26050,-250,200,"sd","13:49:43",1028300
26050,-250,800,"sd","13:49:43",1028100
26050,-250,100,"sd","13:49:43",1027300
26050,-250,1400,"sd","13:49:43",1027200
26100,-200,200,"bu","13:49:34",1025800
26100,-200,100,"bu","13:49:31",1025600
26050,-250,200,"sd","13:49:04",1025500
26050,-250,1900,"sd","13:48:57",1025300
26050,-250,200,"sd","13:48:26",1023400
26050,-250,300,"sd","13:47:51",1023200
26100,-200,100,"bu","13:47:50",1022900
26100,-200,1700,"bu","13:47:36",1022800
26100,-200,100,"bu","13:47:32",1021100
26050,-250,1000,"sd","13:47:27",1021000
26050,-250,5000,"sd","13:47:27",1020000
26050,-250,500,"sd","13:47:27",1015000
26050,-250,500,"sd","13:47:27",1014500
26050,-250,900,"sd","13:47:27",1014000
26050,-250,100,"sd","13:47:27",1013100
26050,-250,100,"sd","13:47:27",1013000
26050,-250,200,"sd","13:47:27",1012900
26050,-250,1000,"sd","13:47:27",1012700
26050,-250,100,"sd","13:47:27",1011700
26050,-250,100,"sd","13:47:27",1011600
26050,-250,500,"sd","13:47:27",1011500
26050,-250,400,"sd","13:47:27",1011000
26050,-250,400,"sd","13:47:27",1010600
26050,-250,100,"sd","13:47:27",1010200
26050,-250,500,"sd","13:47:27",1010100
26050,-250,500,"sd","13:47:27",1009600
26050,-250,100,"sd","13:47:27",1009100
26100,-200,100,"bu","13:47:23",1009000
26100,-200,100,"bu","13:47:17",1008900
26050,-250,200,"sd","13:47:08",1008800
26050,-250,1000,"sd","13:47:08",1008600
26050,-250,100,"sd","13:46:54",1007600
26050,-250,1000,"sd","13:46:54",1007500
26050,-250,100,"sd","13:46:54",1006500
26050,-250,500,"sd","13:46:54",1006400
26050,-250,3300,"sd","13:46:54",1005900
26050,-250,200,"sd","13:46:33",1002600
26050,-250,200,"sd","13:46:26",1002400
26100,-200,200,"bu","13:46:06",1002200
26050,-250,200,"sd","13:45:59",1002000
26050,-250,100,"sd","13:45:56",1001800
26100,-200,300,"bu","13:45:34",1001700
26050,-250,200,"sd","13:45:18",1001400
26100,-200,200,"bu","13:45:03",1001200
26050,-250,800,"sd","13:45:02",1001000
26050,-250,200,"sd","13:45:02",1000200
26050,-250,200,"sd","13:45:02",1000000
26050,-250,100,"sd","13:45:02",999800
26050,-250,700,"sd","13:45:02",999700
26100,-200,500,"bu","13:44:49",999000
26050,-250,300,"sd","13:44:44",998500
26100,-200,200,"bu","13:44:22",998200
26050,-250,200,"sd","13:44:07",998000
26050,-250,2000,"sd","13:43:47",997800
26050,-250,200,"sd","13:43:25",995800
26100,-200,300,"bu","13:43:21",995600
26050,-250,5600,"sd","13:43:19",995300
26050,-250,300,"sd","13:42:51",989700
26100,-200,200,"bu","13:42:38",989400
26050,-250,200,"sd","13:42:10",989200
26050,-250,200,"sd","13:41:30",989000
26100,-200,200,"bu","13:40:54",988800
26050,-250,300,"sd","13:40:53",988600
26050,-250,100,"sd","13:40:43",988300
26100,-200,1000,"bu","13:40:17",988200
26050,-250,200,"sd","13:40:10",987200
26100,-200,100,"bu","13:40:06",987000
26050,-250,300,"sd","13:39:25",986900
26100,-200,200,"bu","13:39:10",986600
26050,-250,200,"sd","13:38:48",986400
26050,-250,200,"sd","13:38:20",986200
26050,-250,100,"sd","13:38:20",986000
26050,-250,1000,"sd","13:38:20",985900
26050,-250,100,"sd","13:38:20",984900
26050,-250,500,"sd","13:38:20",984800
26050,-250,200,"sd","13:38:14",984300
26100,-200,100,"bu","13:37:42",984100
26050,-250,200,"sd","13:37:40",984000
26100,-200,100,"bu","13:37:26",983800
26050,-250,200,"sd","13:37:08",983700
26050,-250,1100,"sd","13:36:35",983500
26050,-250,500,"sd","13:36:35",982400
26050,-250,100,"sd","13:36:35",981900
26050,-250,100,"sd","13:36:35",981800
26100,-200,200,"bu","13:36:34",981700
26050,-250,200,"sd","13:36:25",981500
26100,-200,1300,"bu","13:36:17",981300
26050,-250,1000,"sd","13:36:16",980000
26050,-250,200,"sd","13:35:52",979000
26100,-200,200,"bu","13:35:42",978800
26050,-250,300,"sd","13:35:15",978600
26050,-250,500,"sd","13:34:54",978300
26050,-250,200,"sd","13:34:36",977800
26100,-200,100,"bu","13:34:34",977600
26050,-250,600,"sd","13:34:24",977500
26050,-250,100,"sd","13:34:24",976900
26050,-250,500,"sd","13:34:24",976800
26050,-250,100,"sd","13:34:24",976300
26050,-250,1000,"sd","13:34:24",976200
26050,-250,100,"sd","13:34:24",975200
26050,-250,200,"sd","13:34:24",975100
26050,-250,200,"sd","13:34:24",974900
26050,-250,2000,"sd","13:34:24",974700
26050,-250,500,"sd","13:34:24",972700
26050,-250,300,"sd","13:34:24",972200
26100,-200,2000,"bu","13:34:20",971900
26100,-200,2000,"bu","13:34:20",969900
26100,-200,1000,"bu","13:34:20",967900
26100,-200,5000,"bu","13:34:15",966900
26050,-250,200,"sd","13:33:59",961900
26100,-200,200,"bu","13:33:58",961700
26050,-250,700,"sd","13:33:55",961500
26050,-250,2500,"sd","13:33:55",960800
26050,-250,200,"sd","13:33:55",958300
26050,-250,100,"sd","13:33:55",958100
26050,-250,1000,"sd","13:33:55",958000
26050,-250,100,"sd","13:33:55",957000
26050,-250,1100,"sd","13:33:55",956900
26100,-200,200,"bu","13:33:43",955800
26050,-250,300,"sd","13:33:20",955600
26050,-250,200,"sd","13:32:42",955300
26100,-200,200,"bu","13:32:12",955100
26100,-200,100,"bu","13:32:12",954900
26050,-250,200,"sd","13:32:08",954800
26100,-200,1000,"bu","13:31:37",954600
26100,-200,2000,"bu","13:31:30",953600
26050,-250,200,"sd","13:31:27",951600
26050,-250,300,"sd","13:30:52",951400
26100,-200,300,"bu","13:30:47",951100
26100,-200,200,"bu","13:30:47",950800
26100,-200,700,"bu","13:30:47",950600
26100,-200,200,"bu","13:30:29",949900
26100,-200,3800,"bu","13:30:24",949700
26050,-250,200,"sd","13:30:10",945900
26100,-200,500,"bu","13:30:07",945700
26100,-200,500,"bu","13:29:55",945200
26100,-200,1000,"bu","13:29:32",944700
26050,-250,200,"sd","13:29:30",943700
26100,-200,500,"bu","13:29:12",943500
26100,-200,300,"bu","13:28:53",943000
26050,-250,300,"sd","13:28:52",942700
26100,-200,200,"bu","13:28:45",942400
26100,-200,100,"bu","13:28:44",942200
26100,-200,300,"bu","13:28:43",942100
26100,-200,700,"bu","13:28:30",941800
26050,-250,100,"sd","13:28:23",941100
26050,-250,1000,"sd","13:28:23",941000
26050,-250,800,"sd","13:28:23",940000
26050,-250,200,"sd","13:28:14",939200
26100,-200,500,"bu","13:28:07",939000
26100,-200,2000,"bu","13:27:45",938500
26050,-250,100,"sd","13:27:40",936500
26050,-250,300,"sd","13:27:40",936400
26050,-250,100,"sd","13:27:40",936100
26050,-250,200,"sd","13:27:40",936000
26050,-250,100,"sd","13:27:40",935800
26050,-250,100,"sd","13:27:40",935700
26050,-250,200,"sd","13:27:40",935600
26050,-250,100,"sd","13:27:40",935400
26050,-250,700,"sd","13:27:40",935300
26050,-250,200,"sd","13:27:37",934600
26050,-250,1100,"sd","13:27:09",934400
26050,-250,100,"sd","13:27:09",933300
26050,-250,200,"sd","13:27:09",933200
26050,-250,300,"sd","13:27:09",933000
26050,-250,200,"sd","13:27:09",932700
26050,-250,200,"sd","13:27:04",932500
26100,-200,100,"bu","13:27:01",932300
26100,-200,5000,"bu","13:26:32",932200
26050,-250,200,"sd","13:26:27",927200
26050,-250,200,"sd","13:25:52",927000
26050,-250,200,"sd","13:25:19",926800
26100,-200,1300,"bu","13:25:17",926600
26100,-200,200,"bu","13:25:17",925300
26100,-200,100,"bu","13:25:15",925100
26100,-200,200,"bu","13:25:06",925000
26050,-250,200,"sd","13:24:44",924800
26100,-200,1300,"bu","13:24:12",924600
26050,-250,200,"sd","13:24:08",923300
26050,-250,200,"sd","13:23:34",923100
26100,-200,200,"bu","13:23:32",922900
26050,-250,300,"sd","13:22:59",922700
26050,-250,100,"sd","13:22:35",922400
26050,-250,1500,"sd","13:22:35",922300
26050,-250,100,"sd","13:22:35",920800
26050,-250,200,"sd","13:22:35",920700
26100,-200,200,"bu","13:22:35",920500
26050,-250,200,"sd","13:22:20",920300
26100,-200,100,"sd","13:22:07",920100
26150,-150,200,"bu","13:21:49",920000
26100,-200,100,"sd","13:21:38",919800
26100,-200,100,"sd","13:21:38",919700
26100,-200,200,"sd","13:21:32",919600
26100,-200,400,"sd","13:21:32",919400
26100,-200,1300,"sd","13:21:32",919000
26100,-200,100,"sd","13:21:32",917700
26100,-200,800,"sd","13:21:32",917600
26100,-200,1300,"sd","13:21:32",916800
26100,-200,500,"sd","13:21:32",915500
26100,-200,3600,"sd","13:21:32",915000
26100,-200,1300,"sd","13:21:32",911400
26100,-200,500,"sd","13:21:32",910100
26100,-200,1500,"sd","13:21:03",909600
26100,-200,1000,"sd","13:21:03",908100
26100,-200,200,"sd","13:21:03",907100
26100,-200,2900,"sd","13:21:03",906900
26100,-200,100,"sd","13:20:59",904000
26100,-200,200,"sd","13:20:59",903900
26100,-200,200,"sd","13:20:22",903700
26150,-150,200,"bu","13:20:05",903500
26100,-200,200,"sd","13:19:48",903300
26100,-200,200,"sd","13:19:12",903100
26100,-200,200,"sd","13:18:37",902900
26150,-150,100,"bu","13:18:32",902700
26150,-150,1300,"bu","13:18:32",902600
26150,-150,200,"bu","13:18:21",901300
26150,-150,3600,"bu","13:18:18",901100
26100,-200,300,"sd","13:17:55",897500
26100,-200,900,"bu","13:17:37",897200
26100,-200,100,"bu","13:17:32",896300
26100,-200,500,"bu","13:17:27",896200
26100,-200,1500,"bu","13:17:27",895700
26100,-200,1000,"bu","13:17:20",894200
26100,-200,7500,"sd","13:17:18",893200
26100,-200,200,"sd","13:17:13",885700
26100,-200,3000,"bu","13:16:54",885500
26100,-200,20000,"bu","13:16:54",882500
26100,-200,19300,"bu","13:16:54",862500
26100,-200,1500,"bu","13:16:40",843200
26100,-200,100,"bu","13:16:37",841700
26050,-250,300,"sd","13:16:35",841600
26100,-200,1300,"bu","13:16:27",841300
26050,-250,200,"sd","13:15:55",840000
26100,-200,100,"bu","13:15:50",839800
26100,-200,1300,"bu","13:15:33",839700
26100,-200,1300,"bu","13:15:33",838400
26100,-200,1000,"bu","13:15:24",837100
26050,-250,200,"sd","13:15:20",836100
26100,-200,2000,"bu","13:15:03",835900
26100,-200,200,"bu","13:14:53",833900
26100,-200,400,"bu","13:14:50",833700
26100,-200,1200,"bu","13:14:41",833300
26050,-250,300,"sd","13:14:38",832100
26100,-200,300,"bu","13:14:28",831800
26100,-200,200,"bu","13:14:28",831500
26100,-200,800,"bu","13:14:28",831300
26050,-250,200,"sd","13:13:57",830500
26100,-200,200,"bu","13:13:32",830300
26100,-200,100,"bu","13:13:32",830100
26100,-200,100,"bu","13:13:31",830000
26100,-200,100,"bu","13:13:22",829900
26050,-250,200,"sd","13:13:18",829800
26100,-200,200,"bu","13:13:09",829600
26100,-200,1300,"bu","13:13:09",829400
26050,-250,300,"sd","13:12:39",828100
26100,-200,1300,"bu","13:12:16",827800
26050,-250,200,"sd","13:12:04",826500
26100,-200,1000,"bu","13:12:01",826300
26100,-200,1900,"bu","13:11:59",825300
26100,-200,1200,"bu","13:11:59",823400
26100,-200,1300,"bu","13:11:29",822200
26050,-250,200,"sd","13:11:29",820900
26100,-200,200,"bu","13:11:24",820700
26100,-200,5000,"bu","13:11:18",820500
26050,-250,200,"sd","13:10:52",815500
26100,-200,100,"bu","13:10:47",815300
26100,-200,100,"bu","13:10:20",815200
26050,-250,200,"sd","13:10:17",815100
26100,-200,100,"bu","13:10:16",814900
26100,-200,100,"bu","13:09:55",814800
26050,-250,200,"sd","13:09:45",814700
26100,-200,200,"bu","13:09:40",814500
26050,-250,1900,"sd","13:09:19",814300
26050,-250,100,"sd","13:09:19",812400
26050,-250,100,"sd","13:09:19",812300
26050,-250,2000,"sd","13:09:19",812200
26050,-250,1000,"sd","13:09:19",810200
26050,-250,2100,"sd","13:09:19",809200
26050,-250,300,"sd","13:09:10",807100
26050,-250,2000,"sd","13:08:59",806800
26050,-250,300,"sd","13:08:15",804800
26100,-200,100,"bu","13:08:13",804500
26100,-200,200,"bu","13:07:56",804400
26050,-250,200,"sd","13:07:33",804200
26100,-200,100,"bu","13:07:08",804000
26100,-200,100,"bu","13:07:01",803900
26050,-250,200,"sd","13:06:54",803800
26100,-200,1100,"bu","13:06:43",803600
26050,-250,200,"sd","13:06:15",802500
26100,-200,100,"bu","13:06:12",802300
26100,-200,500,"sd","13:05:56",802200
26100,-200,500,"sd","13:05:56",801700
26100,-200,500,"sd","13:05:56",801200
26100,-200,400,"sd","13:05:56",800700
26100,-200,1000,"sd","13:05:56",800300
26100,-200,1000,"sd","13:05:56",799300
26100,-200,900,"sd","13:05:56",798300
26100,-200,1000,"sd","13:05:56",797400
26100,-200,1000,"sd","13:05:56",796400
26100,-200,100,"sd","13:05:56",795400
26100,-200,100,"sd","13:05:56",795300
26100,-200,2000,"sd","13:05:56",795200
26100,-200,100,"sd","13:05:56",793200
26100,-200,1000,"sd","13:05:56",793100
26100,-200,200,"sd","13:05:56",792100
26100,-200,100,"sd","13:05:56",791900
26100,-200,1000,"sd","13:05:56",791800
26100,-200,1000,"sd","13:05:56",790800
26100,-200,400,"sd","13:05:56",789800
26100,-200,1000,"sd","13:05:56",789400
26100,-200,3000,"sd","13:05:56",788400
26100,-200,500,"sd","13:05:56",785400
26100,-200,1000,"sd","13:05:56",784900
26100,-200,1000,"sd","13:05:56",783900
26100,-200,100,"sd","13:05:56",782900
26100,-200,100,"sd","13:05:56",782800
26100,-200,6600,"sd","13:05:56",782700
26100,-200,200,"sd","13:05:42",776100
26100,-200,200,"sd","13:05:09",775900
26100,-200,2000,"sd","13:04:55",775700
26100,-200,200,"sd","13:04:32",773700
26150,-150,100,"sd","13:04:32",773500
26200,-100,200,"bu","13:04:28",773400
26150,-150,100,"bu","13:03:22",773200
26150,-150,2800,"bu","13:03:22",773100
26150,-150,1300,"bu","13:03:12",770300
26100,-200,300,"sd","13:03:11",769000
26150,-150,200,"bu","13:02:44",768700
26100,-200,100,"sd","13:02:34",768500
26150,-150,100,"bu","13:02:25",768400
26150,-150,3600,"sd","13:02:25",768300
26150,-150,1300,"sd","13:02:25",764700
26150,-150,2700,"sd","13:02:25",763400
26150,-150,300,"sd","13:02:02",760700
26150,-150,200,"sd","13:01:23",760400
26200,-100,500,"bu","13:01:12",760200
26200,-100,100,"bu","13:01:01",759700
26200,-100,400,"bu","13:01:01",759600
26200,-100,500,"bu","13:01:01",759200
26200,-100,200,"bu","13:01:01",758700
26200,-100,100,"bu","13:01:01",758500
26200,-100,200,"bu","13:01:00",758400
26150,-150,200,"sd","13:00:46",758200
26150,-150,500,"bu","13:00:18",758000
26150,-150,100,"bu","13:00:18",757500
26100,-200,100,"sd","13:00:18",757400
26100,-200,200,"sd","13:00:18",757300
26100,-200,100,"sd","13:00:18",757100
26100,-200,1000,"sd","13:00:18",757000
26100,-200,100,"sd","13:00:18",756000
26100,-200,1000,"sd","13:00:18",755900
26100,-200,1000,"sd","13:00:18",754900
26100,-200,200,"sd","13:00:18",753900
26100,-200,200,"sd","13:00:18",753700
26100,-200,100,"sd","13:00:18",753500
26150,-150,100,"sd","13:00:16",753400
26150,-150,200,"sd","13:00:15",753300
26150,-150,200,"bu","13:00:09",753100
26150,-150,500,"bu","13:00:09",752900
26150,-150,500,"bu","13:00:05",752400
26150,-150,2200,"bu","13:00:02",751900
26150,-150,100,"bu","13:00:01",749700
26150,-150,1200,"bu","13:00:00",749600
26150,-150,400,"bu","11:29:46",748400
26100,-200,200,"sd","11:29:36",748000
26150,-150,300,"bu","11:29:33",747800
26150,-150,400,"bu","11:29:28",747500
26100,-200,600,"sd","11:29:23",747100
26100,-200,300,"sd","11:29:03",746500
26150,-150,200,"bu","11:28:54",746200
26150,-150,200,"bu","11:28:54",746000
26150,-150,300,"bu","11:28:54",745800
26150,-150,300,"bu","11:28:54",745500
26100,-200,200,"sd","11:28:23",745200
26150,-150,200,"bu","11:28:04",745000
26100,-200,100,"sd","11:27:50",744800
26100,-200,100,"sd","11:27:50",744700
26100,-200,200,"sd","11:27:08",744600
26150,-150,1300,"sd","11:26:58",744400
26150,-150,100,"sd","11:26:58",743100
26150,-150,1700,"sd","11:26:58",743000
26150,-150,2000,"sd","11:26:58",741300
26150,-150,14200,"sd","11:26:58",739300
26150,-150,300,"sd","11:26:29",725100
26150,-150,200,"sd","11:25:53",724800
26150,-150,900,"sd","11:25:34",724600
26150,-150,100,"sd","11:25:34",723700
26150,-150,1900,"bu","11:24:05",723600
26100,-200,200,"sd","11:23:55",721700
26150,-150,1000,"sd","11:23:36",721500
26150,-150,1300,"sd","11:23:36",720500
26150,-150,300,"sd","11:23:36",719200
26150,-150,1000,"sd","11:23:36",718900
26150,-150,100,"sd","11:23:36",717900
26150,-150,1300,"sd","11:23:35",717800
26150,-150,1300,"sd","11:23:35",716500
26150,-150,300,"sd","11:23:35",715200
26150,-150,1900,"sd","11:23:23",714900
26150,-150,200,"sd","11:23:22",713000
26150,-150,1900,"sd","11:23:08",712800
26150,-150,5700,"sd","11:23:06",710900
26150,-150,200,"sd","11:23:06",705200
26150,-150,1300,"sd","11:23:06",705000
26150,-150,1300,"sd","11:23:06",703700
26150,-150,1300,"sd","11:23:06",702400
26150,-150,200,"sd","11:23:06",701100
26150,-150,1100,"sd","11:22:53",700900
26150,-150,800,"sd","11:22:53",699800
26150,-150,200,"sd","11:22:46",699000
26150,-150,1000,"sd","11:22:38",698800
26150,-150,400,"sd","11:22:38",697800
26150,-150,500,"sd","11:22:38",697400
26150,-150,200,"sd","11:22:38",696900
26150,-150,3900,"sd","11:22:38",696700
26150,-150,300,"sd","11:22:38",692800
26150,-150,100,"sd","11:22:38",692500
26150,-150,500,"sd","11:22:38",692400
26150,-150,100,"sd","11:22:38",691900
26150,-150,200,"sd","11:22:09",691800
26150,-150,200,"sd","11:21:31",691600
26150,-150,100,"sd","11:20:58",691400
26200,-100,100,"sd","11:20:58",691300
26200,-100,600,"bu","11:20:29",691200
26200,-100,700,"bu","11:20:29",690600
26200,-100,5600,"bu","11:20:29",689900
26200,-100,3000,"bu","11:20:29",684300
26150,-150,200,"sd","11:20:20",681300
26150,-150,300,"sd","11:19:47",681100
26150,-150,200,"sd","11:19:12",680800
26150,-150,200,"sd","11:18:37",680600
26150,-150,200,"sd","11:18:00",680400
26150,-150,200,"sd","11:17:28",680200
26150,-150,200,"sd","11:16:53",680000
26150,-150,200,"sd","11:16:20",679800
26150,-150,200,"sd","11:15:47",679600
26150,-150,200,"sd","11:15:08",679400
26150,-150,300,"sd","11:14:32",679200
26150,-150,200,"sd","11:13:54",678900
26200,-100,100,"bu","11:13:36",678700
26200,-100,100,"bu","11:13:25",678600
26200,-100,1200,"bu","11:13:25",678500
26150,-150,200,"sd","11:13:18",677300
26200,-100,300,"bu","11:13:01",677100
26150,-150,300,"sd","11:12:35",676800
26200,-100,200,"bu","11:12:16",676500
26200,-100,6000,"bu","11:12:16",676300
26200,-100,3800,"bu","11:12:16",670300
26200,-100,100,"bu","11:11:59",666500
26150,-150,200,"sd","11:11:56",666400
26200,-100,1000,"bu","11:11:36",666200
26150,-150,200,"sd","11:11:16",665200
26150,-150,200,"sd","11:10:42",665000
26150,-150,200,"sd","11:10:04",664800
26150,-150,300,"sd","11:09:32",664600
26150,-150,200,"sd","11:08:52",664300
26150,-150,200,"sd","11:08:13",664100
26150,-150,1000,"sd","11:07:52",663900
26150,-150,200,"sd","11:07:52",662900
26150,-150,1000,"sd","11:07:52",662700
26150,-150,300,"sd","11:07:52",661700
26150,-150,500,"sd","11:07:52",661400
26150,-150,100,"sd","11:07:52",660900
26150,-150,500,"sd","11:07:52",660800
26150,-150,2000,"sd","11:07:52",660300
26200,-100,1300,"bu","11:07:47",658300
26150,-150,200,"sd","11:07:34",657000
26150,-150,300,"sd","11:06:58",656800
26200,-100,1300,"bu","11:06:48",656500
26150,-150,500,"sd","11:06:27",655200
26150,-150,300,"sd","11:06:16",654700
26150,-150,500,"sd","11:06:10",654400
26150,-150,200,"sd","11:05:32",653900
26150,-150,200,"sd","11:04:56",653700
26150,-150,200,"sd","11:04:18",653500
26200,-100,1300,"bu","11:03:58",653300
26150,-150,200,"sd","11:03:43",652000
26150,-150,300,"sd","11:03:03",651800
26150,-150,200,"sd","11:02:25",651500
26150,-150,200,"sd","11:01:43",651300
26150,-150,300,"sd","11:01:06",651100
26150,-150,200,"sd","11:00:28",650800
26150,-150,200,"bu","11:00:09",650600
26150,-150,500,"bu","11:00:09",650400
26150,-150,1300,"bu","11:00:00",649900
26100,-200,200,"sd","10:59:47",648600
26150,-150,1300,"bu","10:59:36",648400
26100,-200,300,"sd","10:59:10",647100
26150,-150,1300,"bu","10:58:53",646800
26150,-150,1300,"bu","10:58:52",645500
26150,-150,1300,"bu","10:58:52",644200
26100,-200,100,"sd","10:58:40",642900
26100,-200,200,"sd","10:58:30",642800
26100,-200,300,"sd","10:57:52",642600
26100,-200,200,"sd","10:57:11",642300
26100,-200,1200,"sd","10:56:52",642100
26100,-200,200,"sd","10:56:52",640900
26100,-200,1300,"sd","10:56:52",640700
26100,-200,300,"sd","10:56:52",639400
26100,-200,300,"sd","10:56:32",639100
26100,-200,200,"sd","10:55:48",638800
26100,-200,200,"sd","10:55:11",638600
26100,-200,200,"sd","10:54:33",638400
26100,-200,100,"sd","10:53:59",638200
26100,-200,100,"sd","10:53:59",638100
26100,-200,100,"sd","10:53:21",638000
26100,-200,100,"sd","10:53:21",637900
26100,-200,100,"sd","10:53:21",637800
26100,-200,200,"sd","10:52:43",637700
26100,-200,200,"sd","10:52:09",637500
26100,-200,100,"sd","10:51:57",637300
26100,-200,2000,"sd","10:51:57",637200
26100,-200,3500,"sd","10:51:57",635200
26100,-200,200,"sd","10:51:30",631700
26100,-200,200,"sd","10:50:58",631500
26100,-200,200,"sd","10:50:20",631300
26100,-200,400,"sd","10:50:03",631100
26100,-200,100,"sd","10:50:03",630700
26100,-200,500,"sd","10:50:03",630600
26100,-200,100,"sd","10:49:48",630100
26100,-200,200,"sd","10:49:48",630000
26100,-200,200,"sd","10:49:04",629800
26100,-200,200,"sd","10:48:24",629600
26100,-200,200,"sd","10:47:45",629400
26100,-200,100,"sd","10:47:14",629200
26100,-200,500,"sd","10:47:14",629100
26100,-200,300,"sd","10:47:10",628600
26100,-200,200,"sd","10:46:51",628300
26100,-200,100,"sd","10:46:51",628100
26100,-200,200,"sd","10:46:51",628000
26100,-200,100,"sd","10:46:51",627800
26100,-200,200,"sd","10:46:51",627700
26100,-200,200,"sd","10:46:51",627500
26100,-200,200,"sd","10:46:36",627300
26150,-150,100,"bu","10:46:29",627100
26150,-150,5000,"bu","10:46:20",627000
26100,-200,200,"sd","10:46:00",622000
26150,-150,500,"bu","10:45:39",621800
26100,-200,200,"sd","10:45:23",621300
26100,-200,200,"sd","10:44:44",621100
26100,-200,200,"sd","10:44:10",620900
26100,-200,400,"bu","10:44:04",620700
26100,-200,9400,"bu","10:44:04",620300
26100,-200,200,"bu","10:44:01",610900
26050,-250,300,"sd","10:43:35",610700
26050,-250,200,"sd","10:42:57",610400
26100,-200,7000,"bu","10:42:40",610200
26050,-250,100,"sd","10:42:24",603200
26050,-250,100,"sd","10:42:24",603100
26050,-250,100,"sd","10:42:11",603000
26050,-250,100,"sd","10:42:11",602900
26100,-200,500,"bu","10:42:10",602800
26050,-250,200,"sd","10:41:47",602300
26050,-250,100,"sd","10:41:08",602100
26050,-250,100,"sd","10:41:08",602000
26050,-250,200,"sd","10:40:30",601900
26050,-250,200,"sd","10:39:57",601700
26050,-250,300,"sd","10:39:54",601500
26050,-250,100,"sd","10:39:16",601200
26050,-250,100,"sd","10:39:16",601100
26100,-200,400,"bu","10:38:56",601000
26050,-250,200,"sd","10:38:39",600600
26100,-200,900,"bu","10:38:29",600400
26100,-200,100,"bu","10:38:29",599500
26100,-200,1300,"bu","10:38:18",599400
26100,-200,500,"bu","10:38:07",598100
26050,-250,200,"sd","10:38:04",597600
26100,-200,500,"bu","10:37:54",597400
26100,-200,5000,"sd","10:37:49",596900
26100,-200,2200,"sd","10:37:49",591900
26100,-200,300,"sd","10:37:49",589700
26100,-200,800,"sd","10:37:49",589400
26100,-200,1300,"sd","10:37:49",588600
26100,-200,1300,"sd","10:37:49",587300
26100,-200,1300,"sd","10:37:49",586000
26100,-200,1300,"sd","10:37:49",584700
26100,-200,1300,"sd","10:37:49",583400
26100,-200,1300,"sd","10:37:49",582100
26100,-200,1300,"sd","10:37:49",580800
26100,-200,100,"sd","10:37:49",579500
26100,-200,100,"sd","10:37:49",579400
26100,-200,100,"sd","10:37:26",579300
26100,-200,100,"sd","10:37:26",579200
26100,-200,200,"bu","10:36:53",579100
26100,-200,200,"bu","10:36:53",578900
26100,-200,100,"bu","10:36:39",578700
26100,-200,200,"bu","10:36:39",578600
26100,-200,200,"bu","10:36:39",578400
26100,-200,200,"bu","10:36:30",578200
26100,-200,600,"bu","10:36:15",578000
26100,-200,10000,"bu","10:35:59",577400
26100,-200,100,"bu","10:35:51",567400
26050,-250,200,"sd","10:35:42",567300
26100,-200,100,"bu","10:35:36",567100
26100,-200,100,"bu","10:35:28",567000
26100,-200,100,"bu","10:35:23",566900
26100,-200,500,"bu","10:35:17",566800
26100,-200,1000,"bu","10:35:15",566300
26100,-200,100,"bu","10:35:12",565300
26050,-250,200,"sd","10:35:07",565200
26100,-200,3900,"bu","10:35:04",565000
26100,-200,2000,"bu","10:35:03",561100
26100,-200,500,"bu","10:35:00",559100
26100,-200,300,"bu","10:34:53",558600
26100,-200,100,"bu","10:34:36",558300
26100,-200,200,"bu","10:34:33",558200
26100,-200,200,"bu","10:34:33",558000
26100,-200,4600,"bu","10:34:33",557800
26050,-250,100,"sd","10:34:31",553200
26050,-250,100,"sd","10:34:31",553100
26100,-200,1000,"bu","10:34:25",553000
26100,-200,20000,"bu","10:34:24",552000
26100,-200,100,"bu","10:34:11",532000
26050,-250,200,"sd","10:33:55",531900
26100,-200,200,"bu","10:33:53",531700
26100,-200,100,"bu","10:33:47",531500
26050,-250,200,"sd","10:33:22",531400
26100,-200,100,"bu","10:33:21",531200
26100,-200,200,"bu","10:33:09",531100
26050,-250,200,"sd","10:32:48",530900
26100,-200,1000,"bu","10:32:36",530700
26050,-250,300,"sd","10:32:10",529700
26050,-250,200,"sd","10:31:32",529400
26100,-200,100,"bu","10:31:30",529200
26100,-200,1000,"bu","10:31:13",529100
26050,-250,1000,"sd","10:31:07",528100
26050,-250,200,"sd","10:30:59",527100
26100,-200,200,"bu","10:30:38",526900
26100,-200,200,"bu","10:30:27",526700
26050,-250,200,"sd","10:30:25",526500
26050,-250,300,"sd","10:30:21",526300
26050,-250,200,"sd","10:29:59",526000
26050,-250,200,"sd","10:29:47",525800
26100,-200,100,"bu","10:29:25",525600
26100,-200,200,"bu","10:29:16",525500
26050,-250,200,"sd","10:29:13",525300
26050,-250,300,"sd","10:28:34",525100
26050,-250,100,"sd","10:28:16",524800
26050,-250,100,"sd","10:28:16",524700
26050,-250,1000,"sd","10:28:16",524600
26050,-250,1200,"sd","10:28:16",523600
26050,-250,200,"sd","10:27:54",522400
26050,-250,200,"sd","10:27:19",522200
26100,-200,300,"bu","10:27:18",522000
26050,-250,300,"sd","10:26:34",521700
26050,-250,1800,"sd","10:26:05",521400
26050,-250,100,"sd","10:26:05",519600
26050,-250,200,"sd","10:26:05",519500
26050,-250,200,"sd","10:26:05",519300
26050,-250,100,"sd","10:26:05",519100
26050,-250,100,"sd","10:26:05",519000
26050,-250,200,"sd","10:26:05",518900
26050,-250,300,"sd","10:26:05",518700
26050,-250,200,"sd","10:25:55",518400
26100,-200,600,"bu","10:25:35",518200
26050,-250,200,"sd","10:25:16",517600
26150,-150,100,"bu","10:24:51",517400
26150,-150,100,"bu","10:24:48",517300
26150,-150,100,"bu","10:24:44",517200
26050,-250,300,"sd","10:24:43",517100
26150,-150,100,"bu","10:24:38",516800
26000,-300,500,"sd","10:24:15",516700
26000,-300,500,"sd","10:24:15",516200
26000,-300,100,"sd","10:24:15",515700
26000,-300,100,"sd","10:24:15",515600
26000,-300,100,"sd","10:24:15",515500
26000,-300,200,"sd","10:24:15",515400
26000,-300,200,"sd","10:24:15",515200
26000,-300,200,"sd","10:24:15",515000
26000,-300,1000,"sd","10:24:15",514800
26000,-300,100,"sd","10:24:15",513800
26000,-300,500,"sd","10:24:15",513700
26000,-300,1000,"sd","10:24:15",513200
26000,-300,300,"sd","10:24:15",512200
26000,-300,200,"sd","10:24:15",511900
26000,-300,6000,"sd","10:24:15",511700
26050,-250,200,"sd","10:24:15",505700
26050,-250,100,"sd","10:24:15",505500
26050,-250,300,"sd","10:24:15",505400
26050,-250,200,"sd","10:24:15",505100
26050,-250,1000,"sd","10:24:15",504900
26050,-250,5000,"sd","10:24:15",503900
26050,-250,1000,"sd","10:24:15",498900
26100,-200,500,"sd","10:24:15",497900
26100,-200,3000,"sd","10:24:15",497400
26100,-200,200,"sd","10:24:15",494400
26100,-200,700,"sd","10:24:15",494200
26100,-200,4300,"sd","10:24:08",493500
26100,-200,2000,"sd","10:24:08",489200
26100,-200,600,"sd","10:24:08",487200
26100,-200,100,"sd","10:24:08",486600
26100,-200,2000,"sd","10:24:08",486500
26100,-200,500,"sd","10:24:08",484500
26100,-200,1000,"sd","10:24:08",484000
26100,-200,100,"sd","10:24:08",483000
26100,-200,100,"sd","10:24:08",482900
26100,-200,100,"sd","10:24:08",482800
26100,-200,200,"sd","10:24:08",482700
26100,-200,100,"sd","10:24:08",482500
26100,-200,200,"sd","10:24:08",482400
26100,-200,500,"sd","10:24:08",482200
26100,-200,500,"sd","10:24:08",481700
26100,-200,200,"sd","10:24:08",481200
26100,-200,2000,"sd","10:24:08",481000
26100,-200,1000,"sd","10:24:08",479000
26100,-200,100,"sd","10:24:08",478000
26100,-200,4400,"sd","10:24:08",477900
26100,-200,200,"sd","10:23:59",473500
26150,-150,500,"bu","10:23:57",473300
26150,-150,200,"bu","10:23:41",472800
26150,-150,100,"bu","10:23:39",472600
26100,-200,5400,"sd","10:23:28",472500
26100,-200,1000,"sd","10:23:28",467100
26100,-200,1000,"sd","10:23:28",466100
26100,-200,100,"sd","10:23:28",465100
26100,-200,100,"sd","10:23:28",465000
26100,-200,2000,"sd","10:23:28",464900
26100,-200,100,"sd","10:23:28",462900
26100,-200,100,"sd","10:23:28",462800
26100,-200,200,"sd","10:23:28",462700
26100,-200,200,"sd","10:23:21",462500
26150,-150,100,"bu","10:22:58",462300
26150,-150,100,"bu","10:22:48",462200
26150,-150,3000,"bu","10:22:44",462100
26100,-200,300,"sd","10:22:40",459100
26150,-150,600,"sd","10:22:38",458800
26150,-150,100,"sd","10:22:38",458200
26150,-150,2000,"sd","10:22:38",458100
26150,-150,100,"sd","10:22:38",456100
26150,-150,2100,"sd","10:22:34",456000
26150,-150,1000,"sd","10:22:34",453900
26150,-150,500,"sd","10:22:34",452900
26150,-150,200,"sd","10:22:34",452400
26150,-150,200,"sd","10:22:34",452200
26150,-150,1000,"sd","10:22:34",452000
26150,-150,300,"sd","10:22:34",451000
26150,-150,1000,"sd","10:22:34",450700
26150,-150,3000,"sd","10:22:34",449700
26150,-150,100,"sd","10:22:34",446700
26150,-150,100,"sd","10:22:34",446600
26150,-150,300,"sd","10:22:34",446500
26150,-150,200,"sd","10:22:34",446200
26150,-150,100,"sd","10:22:11",446000
26150,-150,100,"sd","10:21:57",445900
26150,-150,100,"sd","10:21:57",445800
26150,-150,100,"sd","10:21:57",445700
26200,-100,300,"sd","10:21:49",445600
26200,-100,900,"sd","10:21:49",445300
26200,-100,10000,"sd","10:21:49",444400
26200,-100,500,"sd","10:21:49",434400
26200,-100,100,"sd","10:21:49",433900
26200,-100,1000,"sd","10:21:49",433800
26200,-100,500,"sd","10:21:49",432800
26200,-100,1000,"sd","10:21:49",432300
26200,-100,1000,"sd","10:21:49",431300
26200,-100,100,"sd","10:21:49",430300
26200,-100,200,"sd","10:21:49",430200
26200,-100,1000,"sd","10:21:49",430000
26200,-100,200,"sd","10:21:49",429000
26200,-100,200,"sd","10:21:49",428800
26200,-100,100,"sd","10:21:49",428600
26200,-100,4100,"sd","10:21:49",428500
26250,-50,100,"bu","10:21:23",424400
26200,-100,300,"sd","10:21:12",424300
26250,-50,500,"bu","10:20:34",424000
26200,-100,200,"sd","10:19:42",423500
26200,-100,200,"sd","10:19:27",423300
26200,-100,1000,"sd","10:19:27",423100
26200,-100,100,"sd","10:19:27",422100
26200,-100,300,"sd","10:19:27",422000
26200,-100,100,"sd","10:19:27",421700
26200,-100,600,"sd","10:19:27",421600
26200,-100,100,"sd","10:19:27",421000
26200,-100,1800,"sd","10:19:27",420900
26200,-100,200,"sd","10:19:27",419100
26200,-100,100,"sd","10:19:27",418900
26200,-100,500,"sd","10:19:27",418800
26200,-100,200,"sd","10:19:01",418300
26200,-100,100,"sd","10:18:05",418100
26200,-100,200,"sd","10:17:28",418000
26200,-100,200,"sd","10:17:10",417800
26250,-50,100,"bu","10:16:22",417600
26250,-50,100,"bu","10:16:05",417500
26200,-100,200,"sd","10:16:04",417400
26200,-100,100,"sd","10:16:04",417200
26200,-100,10000,"sd","10:16:04",417100
26200,-100,900,"sd","10:16:04",407100
26200,-100,800,"sd","10:16:04",406200
26200,-100,100,"sd","10:16:04",405400
26200,-100,300,"sd","10:16:04",405300
26200,-100,200,"sd","10:16:04",405000
26200,-100,400,"sd","10:16:04",404800
26200,-100,1400,"sd","10:16:04",404400
26200,-100,100,"sd","10:16:04",403000
26200,-100,2500,"sd","10:16:04",402900
26200,-100,100,"sd","10:16:04",400400
26200,-100,500,"sd","10:16:04",400300
26200,-100,100,"sd","10:16:04",399800
26200,-100,200,"sd","10:16:04",399700
26200,-100,2000,"sd","10:16:04",399500
26200,-100,100,"sd","10:16:04",397500
26250,-50,500,"bu","10:15:46",397400
26250,-50,6600,"bu","10:15:44",396900
26250,-50,1300,"bu","10:15:44",390300
26250,-50,1300,"bu","10:15:44",389000
26250,-50,1300,"bu","10:15:44",387700
26250,-50,1300,"bu","10:15:44",386400
26250,-50,1300,"bu","10:15:44",385100
26250,-50,1300,"bu","10:15:44",383800
26250,-50,1300,"bu","10:15:44",382500
26250,-50,1300,"bu","10:15:44",381200
26250,-50,1300,"bu","10:15:44",379900
26250,-50,1300,"bu","10:15:44",378600
26250,-50,1300,"bu","10:15:44",377300
26250,-50,1300,"bu","10:15:44",376000
26250,-50,1300,"bu","10:15:44",374700
26250,-50,1300,"bu","10:15:44",373400
26250,-50,1300,"bu","10:15:44",372100
26250,-50,1300,"bu","10:15:44",370800
26250,-50,1300,"bu","10:15:44",369500
26250,-50,1300,"bu","10:15:44",368200
26250,-50,300,"bu","10:15:28",366900
26200,-100,1100,"sd","10:14:15",366600
26200,-100,100,"sd","10:14:15",365500
26200,-100,200,"sd","10:14:15",365400
26200,-100,200,"sd","10:14:15",365200
26200,-100,400,"sd","10:14:15",365000
26200,-100,500,"sd","10:13:36",364600
26200,-100,1100,"sd","10:12:29",364100
26200,-100,900,"sd","10:12:29",363000
26200,-100,100,"sd","10:11:57",362100
26200,-100,100,"sd","10:11:57",362000
26250,-50,200,"bu","10:10:46",361900
26200,-100,100,"sd","10:10:19",361700
26200,-100,100,"sd","10:10:19",361600
26200,-100,100,"sd","10:10:19",361500
26250,-50,400,"bu","10:10:19",361400
26250,-50,100,"bu","10:08:30",361000
26250,-50,100,"bu","10:08:17",360900
26250,-50,100,"bu","10:07:39",360800
26250,-50,100,"bu","10:07:17",360700
26250,-50,100,"bu","10:07:00",360600
26250,-50,1000,"bu","10:06:17",360500
26250,-50,100,"bu","10:06:11",359500
26250,-50,100,"bu","10:05:22",359400
26250,-50,100,"bu","10:05:22",359300
26250,-50,100,"bu","10:05:22",359200
26250,-50,200,"sd","10:05:00",359100
26250,-50,300,"sd","10:04:41",358900
26250,-50,1000,"sd","10:04:41",358600
26250,-50,500,"sd","10:04:41",357600
26250,-50,1100,"sd","10:04:41",357100
26250,-50,1500,"sd","10:04:41",356000
26250,-50,100,"sd","10:04:41",354500
26250,-50,1000,"sd","10:04:41",354400
26250,-50,100,"sd","10:04:41",353400
26250,-50,200,"sd","10:04:41",353300
26250,-50,200,"sd","10:04:41",353100
26250,-50,1000,"sd","10:04:41",352900
26250,-50,3000,"sd","10:04:41",351900
26250,-50,8400,"sd","10:04:04",348900
26250,-50,1600,"sd","10:04:04",340500
26300,0,200,"bu","10:03:23",338900
26250,-50,400,"sd","10:01:37",338700
26250,-50,200,"sd","10:01:37",338300
26250,-50,100,"sd","10:00:59",338100
26250,-50,1000,"sd","09:59:01",338000
26250,-50,400,"sd","09:59:01",337000
26250,-50,300,"sd","09:59:01",336600
26250,-50,100,"sd","09:59:01",336300
26250,-50,1800,"sd","09:59:01",336200
26250,-50,200,"sd","09:58:51",334400
26250,-50,100,"sd","09:58:51",334200
26250,-50,900,"sd","09:58:47",334100
26250,-50,500,"sd","09:58:47",333200
26250,-50,100,"sd","09:58:47",332700
26250,-50,900,"sd","09:58:47",332600
26250,-50,100,"sd","09:58:47",331700
26250,-50,100,"sd","09:58:47",331600
26250,-50,200,"sd","09:58:47",331500
26250,-50,500,"sd","09:58:47",331300
26250,-50,100,"sd","09:58:47",330800
26250,-50,200,"sd","09:58:47",330700
26250,-50,100,"sd","09:57:56",330500
26250,-50,100,"sd","09:57:56",330400
26250,-50,7800,"sd","09:57:56",330300
26300,0,1500,"bu","09:57:40",322500
26300,0,2000,"bu","09:56:53",321000
26300,0,100,"bu","09:56:29",319000
26300,0,200,"bu","09:56:24",318900
26300,0,100,"bu","09:54:26",318700
26300,0,2500,"bu","09:53:28",318600
26300,0,100,"bu","09:52:42",316100
26250,-50,1600,"sd","09:51:43",316000
26250,-50,2000,"sd","09:51:43",314400
26250,-50,1000,"sd","09:51:19",312400
26250,-50,500,"sd","09:51:19",311400
26250,-50,2100,"sd","09:51:19",310900
26300,0,50000,"bu","09:49:48",308800
26300,0,500,"bu","09:49:41",258800
26300,0,500,"bu","09:48:37",258300
26250,-50,200,"sd","09:48:21",257800
26300,0,10000,"bu","09:48:20",257600
26250,-50,200,"sd","09:48:08",247600
26300,0,1000,"bu","09:47:27",247400
26300,0,100,"bu","09:47:12",246400
26300,0,300,"bu","09:47:02",246300
26250,-50,1000,"sd","09:46:55",246000
26250,-50,100,"sd","09:46:55",245000
26250,-50,300,"sd","09:46:55",244900
26250,-50,100,"sd","09:46:55",244600
26250,-50,100,"sd","09:46:55",244500
26250,-50,200,"sd","09:46:55",244400
26250,-50,700,"sd","09:46:55",244200
26250,-50,100,"sd","09:46:55",243500
26250,-50,500,"sd","09:46:55",243400
26250,-50,500,"sd","09:46:55",242900
26300,0,100,"bu","09:46:46",242400
26300,0,5000,"bu","09:46:38",242300
26300,0,100,"sd","09:46:33",237300
26300,0,400,"sd","09:46:33",237200
26300,0,1000,"sd","09:46:33",236800
26300,0,200,"sd","09:46:33",235800
26300,0,100,"sd","09:46:33",235600
26300,0,5000,"sd","09:46:33",235500
26300,0,900,"sd","09:46:33",230500
26300,0,72400,"sd","09:46:33",229600
26350,50,200,"bu","09:46:20",157200
26300,0,3600,"sd","09:46:13",157000
26350,50,1000,"bu","09:46:12",153400
26350,50,1300,"bu","09:45:49",152400
26350,50,1300,"bu","09:45:49",151100
26350,50,1300,"bu","09:45:49",149800
26350,50,1100,"bu","09:45:49",148500
26350,50,200,"bu","09:45:42",147400
26350,50,200,"bu","09:45:42",147200
26350,50,100,"bu","09:45:42",147000
26350,50,300,"bu","09:45:42",146900
26350,50,200,"bu","09:45:42",146600
26350,50,100,"bu","09:45:32",146400
26350,50,300,"bu","09:45:31",146300
26350,50,1000,"bu","09:45:29",146000
26350,50,100,"bu","09:45:07",145000
26350,50,100,"bu","09:43:44",144900
26300,0,1300,"bu","09:42:35",144800
26300,0,1300,"bu","09:42:35",143500
26300,0,3600,"bu","09:42:35",142200
26300,0,1300,"bu","09:42:35",138600
26300,0,3600,"bu","09:42:35",137300
26300,0,100,"bu","09:42:35",133700
26300,0,1300,"bu","09:42:35",133600
26300,0,1300,"bu","09:42:35",132300
26300,0,1300,"bu","09:42:35",131000
26300,0,800,"bu","09:42:35",129700
26300,0,1300,"bu","09:42:35",128900
26300,0,1300,"bu","09:42:35",127600
26300,0,1300,"bu","09:42:35",126300
26300,0,1300,"bu","09:42:35",125000
26300,0,1300,"bu","09:42:35",123700
26300,0,1300,"bu","09:42:35",122400
26300,0,1300,"bu","09:42:35",121100
26300,0,1300,"bu","09:42:35",119800
26300,0,1300,"bu","09:42:35",118500
26300,0,1300,"bu","09:42:35",117200
26300,0,2600,"bu","09:42:35",115900
26300,0,1300,"bu","09:42:35",113300
26300,0,1300,"bu","09:42:35",112000
26300,0,1100,"bu","09:42:35",110700
26300,0,1300,"bu","09:42:35",109600
26300,0,1300,"bu","09:42:35",108300
26300,0,1300,"bu","09:42:35",107000
26300,0,1300,"bu","09:42:35",105700
26300,0,200,"bu","09:40:32",104400
26300,0,2800,"bu","09:40:32",104200
26300,0,200,"bu","09:39:37",101400
26250,-50,300,"sd","09:39:36",101200
26250,-50,100,"sd","09:39:36",100900
26250,-50,100,"sd","09:39:36",100800
26300,0,100,"bu","09:39:02",100700
26300,0,1000,"bu","09:38:31",100600
26300,0,100,"bu","09:37:53",99600
26300,0,1000,"bu","09:36:32",99500
26300,0,2000,"bu","09:35:30",98500
26300,0,200,"bu","09:35:28",96500
26300,0,800,"bu","09:35:15",96300
26300,0,1000,"bu","09:35:05",95500
26300,0,2000,"bu","09:34:45",94500
26300,0,100,"bu","09:33:44",92500
26250,-50,900,"sd","09:33:13",92400
26250,-50,1000,"sd","09:33:13",91500
26250,-50,200,"sd","09:33:13",90500
26250,-50,100,"sd","09:33:13",90300
26250,-50,100,"sd","09:33:13",90200
26250,-50,1000,"sd","09:33:13",90100
26250,-50,200,"sd","09:33:13",89100
26250,-50,100,"sd","09:33:13",88900
26300,0,100,"bu","09:30:49",88800
26300,0,200,"bu","09:30:38",88700
26300,0,100,"bu","09:30:35",88500
26300,0,300,"bu","09:29:34",88400
26300,0,8000,"bu","09:28:57",88100
26300,0,2000,"bu","09:28:10",80100
26300,0,800,"bu","09:27:34",78100
26300,0,300,"bu","09:26:19",77300
26300,0,100,"bu","09:25:46",77000
26300,0,2000,"bu","09:24:52",76900
26300,0,400,"bu","09:24:50",74900
26300,0,200,"bu","09:24:32",74500
26300,0,1000,"sd","09:24:32",74300
26300,0,100,"sd","09:24:32",73300
26300,0,1000,"sd","09:24:32",73200
26300,0,200,"sd","09:24:32",72200
26300,0,1300,"bu","09:23:40",72000
26300,0,500,"bu","09:23:40",70700
26300,0,100,"bu","09:23:40",70200
26300,0,1000,"bu","09:23:25",70100
26250,-50,200,"sd","09:23:07",69100
26250,-50,100,"sd","09:23:07",68900
26250,-50,100,"sd","09:23:07",68800
26250,-50,200,"sd","09:23:07",68700
26250,-50,200,"sd","09:23:02",68500
26250,-50,400,"sd","09:23:02",68300
26250,-50,500,"sd","09:22:58",67900
26250,-50,100,"sd","09:22:58",67400
26300,0,1500,"sd","09:22:51",67300
26300,0,500,"sd","09:22:51",65800
26300,0,3500,"sd","09:22:51",65300
26300,0,1000,"sd","09:22:51",61800
26300,0,100,"sd","09:22:51",60800
26300,0,2000,"sd","09:22:51",60700
26300,0,200,"sd","09:22:51",58700
26300,0,1000,"sd","09:22:51",58500
26300,0,100,"sd","09:22:51",57500
26300,0,2700,"sd","09:22:51",57400
26300,0,600,"sd","09:22:47",54700
26300,0,600,"sd","09:22:41",54100
26300,0,600,"sd","09:22:36",53500
26300,0,500,"sd","09:22:32",52900
26300,0,100,"sd","09:22:32",52400
26300,0,600,"sd","09:22:25",52300
26300,0,300,"sd","09:22:20",51700
26300,0,300,"sd","09:22:20",51400
26300,0,600,"sd","09:22:14",51100
26300,0,600,"sd","09:22:10",50500
26300,0,600,"sd","09:22:06",49900
26300,0,600,"sd","09:22:01",49300
26300,0,600,"sd","09:21:55",48700
26300,0,600,"sd","09:21:49",48100
26300,0,600,"sd","09:21:44",47500
26300,0,500,"sd","09:21:39",46900
26300,0,100,"sd","09:21:39",46400
26300,0,400,"sd","09:21:35",46300
26300,0,200,"sd","09:21:35",45900
26300,0,600,"sd","09:21:29",45700
26300,0,600,"sd","09:21:24",45100
26400,100,1000,"bu","09:21:20",44500
26300,0,600,"sd","09:21:20",43500
26300,0,600,"sd","09:21:12",42900
26300,0,500,"sd","09:21:08",42300
26300,0,100,"sd","09:21:08",41800
26300,0,300,"sd","09:21:04",41700
26300,0,300,"sd","09:21:04",41400
26300,0,200,"sd","09:20:59",41100
26300,0,100,"sd","09:20:59",40900
26300,0,300,"sd","09:20:59",40800
26300,0,600,"sd","09:20:53",40500
26300,0,100,"sd","09:20:45",39900
26300,0,500,"sd","09:20:45",39800
26300,0,600,"sd","09:20:35",39300
26300,0,600,"sd","09:20:24",38700
26300,0,600,"sd","09:20:13",38100
26300,0,600,"sd","09:19:57",37500
26300,0,600,"sd","09:19:26",36900
26300,0,500,"sd","09:19:17",36300
26350,50,100,"sd","09:19:17",35800
26300,0,100,"sd","09:19:04",35700
26300,0,500,"sd","09:19:04",35600
26300,0,100,"sd","09:18:59",35100
26300,0,600,"sd","09:18:59",35000
26300,0,600,"sd","09:18:53",34400
26300,0,600,"sd","09:18:47",33800
26300,0,600,"sd","09:18:42",33200
26300,0,600,"sd","09:18:35",32600
26300,0,600,"sd","09:18:29",32000
26300,0,600,"sd","09:18:18",31400
26300,0,200,"sd","09:18:02",30800
26300,0,200,"sd","09:18:02",30600
26350,50,200,"sd","09:18:02",30400
26350,50,600,"sd","09:17:55",30200
26350,50,600,"sd","09:17:52",29600
26350,50,600,"sd","09:17:46",29000
26300,0,300,"sd","09:17:12",28400
26300,0,300,"sd","09:17:12",28100
26300,0,600,"sd","09:17:05",27800
26450,150,500,"bu","09:17:00",27200
26450,150,200,"bu","09:17:00",26700
26450,150,100,"bu","09:17:00",26500
26450,150,200,"bu","09:17:00",26400
26300,0,100,"sd","09:16:58",26200
26300,0,500,"sd","09:16:58",26100
26300,0,200,"sd","09:16:55",25600
26300,0,400,"sd","09:16:55",25400
26300,0,100,"sd","09:16:49",25000
26300,0,100,"sd","09:16:49",24900
26300,0,100,"sd","09:16:49",24800
26300,0,100,"sd","09:16:49",24700
26300,0,100,"sd","09:16:49",24600
26300,0,100,"sd","09:16:49",24500
26300,0,100,"sd","09:16:44",24400
26300,0,100,"sd","09:16:44",24300
26300,0,100,"sd","09:16:44",24200
26300,0,100,"sd","09:16:44",24100
26300,0,200,"sd","09:16:44",24000
26300,0,300,"sd","09:16:39",23800
26300,0,100,"sd","09:16:39",23500
26300,0,200,"sd","09:16:39",23400
26300,0,600,"sd","09:16:26",23200
26300,0,600,"sd","09:16:21",22600
26300,0,500,"sd","09:16:13",22000
26300,0,100,"sd","09:16:13",21500
26300,0,400,"sd","09:16:09",21400
26350,50,100,"sd","09:16:09",21000
26350,50,100,"sd","09:16:09",20900
26350,50,400,"sd","09:16:05",20800
26350,50,200,"sd","09:16:05",20400
26300,0,300,"sd","09:15:48",20200
26350,50,300,"sd","09:15:48",19900
26350,50,200,"sd","09:15:43",19600
26350,50,400,"sd","09:15:43",19400
26350,50,600,"sd","09:15:33",19000
26450,150,18400,"unknown","09:15:00",18400
