"price","change","match_qtty","side","time","total_vol"
20150,150,71600,"bu","14:45:01",1179800
20050,50,200,"sd","14:29:49",1108200
20050,50,200,"sd","14:29:49",1108000
20050,50,200,"sd","14:29:49",1107800
20050,50,1000,"sd","14:29:49",1107600
20050,50,800,"sd","14:29:49",1106600
20050,50,500,"sd","14:29:49",1105800
20050,50,100,"sd","14:29:49",1105300
20050,50,200,"sd","14:29:49",1105200
20050,50,1800,"sd","14:29:49",1105000
20100,100,800,"bu","14:29:32",1103200
20050,50,200,"sd","14:29:29",1102400
20100,100,100,"bu","14:29:15",1102200
20100,100,100,"bu","14:29:15",1102100
20100,100,400,"bu","14:29:06",1102000
20100,100,100,"bu","14:28:08",1101600
20100,100,2000,"bu","14:28:03",1101500
20100,100,500,"bu","14:27:44",1099500
20100,100,500,"bu","14:27:33",1099000
20100,100,800,"bu","14:27:33",1098500
20100,100,600,"bu","14:27:33",1097700
20100,100,500,"bu","14:27:33",1097100
20100,100,500,"bu","14:27:33",1096600
20100,100,500,"bu","14:27:33",1096100
20100,100,200,"bu","14:27:33",1095600
20100,100,300,"sd","14:27:00",1095400
20100,100,100,"sd","14:26:28",1095100
20100,100,9400,"bu","14:26:20",1095000
20100,100,2000,"bu","14:26:12",1085600
20100,100,1000,"sd","14:26:11",1083600
20100,100,200,"sd","14:26:11",1082600
20100,100,2500,"sd","14:26:11",1082400
20100,100,600,"sd","14:26:11",1079900
20100,100,3400,"sd","14:26:11",1079300
20100,100,1000,"sd","14:26:11",1075900
20100,100,1900,"sd","14:26:11",1074900
20150,150,200,"bu","14:26:00",1073000
20100,100,100,"sd","14:25:55",1072800
20150,150,8800,"bu","14:24:59",1072700
20150,150,100,"bu","14:24:59",1063900
20150,150,1100,"bu","14:24:59",1063800
20150,150,300,"bu","14:24:43",1062700
20150,150,500,"bu","14:24:40",1062400
20150,150,100,"bu","14:24:16",1061900
20100,100,100,"sd","14:24:01",1061800
20100,100,500,"sd","14:23:36",1061700
20150,150,5000,"bu","14:23:30",1061200
20150,150,700,"sd","14:23:19",1056200
20150,150,4300,"sd","14:23:18",1055500
20150,150,1000,"sd","14:23:18",1051200
20150,150,1000,"sd","14:23:10",1050200
20150,150,500,"sd","14:23:09",1049200
20150,150,1000,"sd","14:23:07",1048700
20150,150,500,"sd","14:22:51",1047700
20150,150,3000,"bu","14:22:43",1047200
20150,150,8700,"bu","14:22:43",1044200
20150,150,100,"bu","14:22:32",1035500
20100,100,100,"sd","14:22:21",1035400
20100,100,5200,"bu","14:22:11",1035300
20100,100,200,"bu","14:22:08",1030100
20100,100,2000,"bu","14:21:45",1029900
20100,100,5000,"bu","14:21:40",1027900
20100,100,2000,"sd","14:21:39",1022900
20100,100,5600,"sd","14:21:39",1020900
20100,100,1000,"sd","14:21:17",1015300
20200,200,100,"bu","14:20:48",1014300
20200,200,100,"bu","14:20:42",1014200
20200,200,100,"bu","14:20:42",1014100
20200,200,100,"bu","14:20:42",1014000
20200,200,2000,"bu","14:20:39",1013900
20200,200,300,"bu","14:19:55",1011900
20200,200,7000,"bu","14:19:54",1011600
20050,50,600,"sd","14:19:35",1004600
20100,100,400,"sd","14:19:35",1004000
20200,200,600,"bu","14:19:28",1003600
20200,200,1000,"bu","14:19:28",1003000
20200,200,500,"bu","14:19:28",1002000
20200,200,300,"bu","14:19:28",1001500
20200,200,1200,"bu","14:19:28",1001200
20200,200,200,"bu","14:19:28",1000000
20200,200,500,"bu","14:19:28",999800
20200,200,100,"bu","14:19:28",999300
20200,200,600,"bu","14:19:28",999200
20200,200,100,"bu","14:19:04",998600
20050,50,200,"sd","14:18:47",998500
20200,200,200,"bu","14:18:39",998300
20200,200,9100,"bu","14:18:36",998100
20200,200,900,"bu","14:18:36",989000
20200,200,100,"bu","14:18:26",988100
20200,200,400,"bu","14:18:26",988000
20200,200,1500,"bu","14:18:26",987600
20000,0,3000,"sd","14:18:25",986100
20000,0,100,"sd","14:18:25",983100
20000,0,200,"sd","14:18:25",983000
20000,0,1700,"sd","14:18:25",982800
20050,50,300,"sd","14:18:25",981100
20050,50,200,"sd","14:18:25",980800
20050,50,2000,"sd","14:18:25",980600
20050,50,2500,"sd","14:18:25",978600
20100,100,1000,"sd","14:18:25",976100
20100,100,100,"sd","14:18:25",975100
20100,100,800,"sd","14:18:25",975000
20150,150,10000,"sd","14:18:25",974200
20150,150,500,"sd","14:18:25",964200
20150,150,6500,"sd","14:18:25",963700
20150,150,1000,"sd","14:18:25",957200
20150,150,100,"sd","14:18:25",956200
20200,200,1000,"bu","14:18:19",956100
20200,200,500,"bu","14:18:16",955100
20200,200,300,"bu","14:18:14",954600
20200,200,1000,"bu","14:17:53",954300
20200,200,1200,"bu","14:17:35",953300
20200,200,800,"bu","14:17:35",952100
20150,150,1000,"sd","14:17:33",951300
20200,200,100,"bu","14:17:31",950300
20200,200,200,"bu","14:17:31",950200
20200,200,800,"bu","14:17:21",950000
20200,200,100,"bu","14:17:21",949200
20200,200,200,"bu","14:17:20",949100
20200,200,200,"bu","14:17:20",948900
20200,200,500,"bu","14:17:20",948700
20200,200,1000,"bu","14:17:20",948200
20200,200,500,"bu","14:17:20",947200
20200,200,100,"bu","14:17:20",946700
20200,200,100,"bu","14:17:20",946600
20200,200,1500,"bu","14:17:20",946500
20200,200,5100,"bu","14:17:20",945000
20200,200,8000,"bu","14:17:20",939900
20200,200,500,"bu","14:17:20",931900
20200,200,15000,"bu","14:17:20",931400
20200,200,100,"bu","14:17:20",916400
20200,200,13000,"bu","14:17:20",916300
20200,200,700,"bu","14:17:20",903300
20200,200,1200,"bu","14:17:20",902600
20200,200,400,"bu","14:17:20",901400
20200,200,1000,"bu","14:17:20",901000
20200,200,200,"bu","14:17:20",900000
20150,150,100,"bu","14:17:20",899800
20200,200,900,"bu","14:17:20",899700
20200,200,100,"bu","14:17:20",898800
20150,150,200,"bu","14:17:20",898700
20200,200,3900,"bu","14:17:20",898500
20150,150,300,"bu","14:17:20",894600
20200,200,2000,"bu","14:17:20",894300
20200,200,300,"bu","14:17:20",892300
20200,200,7000,"bu","14:17:20",892000
20150,150,4000,"bu","14:17:20",885000
20150,150,4000,"bu","14:17:20",881000
20200,200,300,"bu","14:17:20",877000
20150,150,3100,"bu","14:17:20",876700
20200,200,1000,"bu","14:17:20",873600
20150,150,100,"bu","14:17:20",872600
20200,200,500,"bu","14:17:20",872500
20200,200,500,"bu","14:17:20",872000
20150,150,500,"bu","14:17:20",871500
20200,200,200,"bu","14:17:20",871000
20200,200,3900,"bu","14:17:20",870800
20150,150,300,"bu","14:17:20",866900
20150,150,5000,"bu","14:17:20",866600
20150,150,1400,"bu","14:17:20",861600
20150,150,300,"bu","14:17:20",860200
20150,150,100,"bu","14:17:20",859900
20150,150,5000,"bu","14:17:20",859800
20150,150,5000,"bu","14:17:20",854800
20150,150,500,"bu","14:17:20",849800
20150,150,200,"bu","14:17:20",849300
20150,150,100,"bu","14:17:20",849100
20150,150,500,"bu","14:17:19",849000
20150,150,4200,"bu","14:17:14",848500
20150,150,800,"bu","14:17:14",844300
20150,150,500,"bu","14:16:54",843500
20100,100,1000,"bu","14:16:24",843000
20100,100,300,"bu","14:16:24",842000
20100,100,100,"bu","14:16:24",841700
20100,100,600,"bu","14:16:24",841600
20100,100,2000,"bu","14:16:24",841000
20100,100,100,"bu","14:16:24",839000
20100,100,1200,"bu","14:16:24",838900
20100,100,300,"bu","14:16:24",837700
20100,100,300,"bu","14:16:24",837400
20100,100,1000,"bu","14:16:24",837100
20100,100,500,"bu","14:16:24",836100
20100,100,1800,"bu","14:16:24",835600
20100,100,200,"bu","14:16:24",833800
20100,100,200,"bu","14:16:24",833600
20100,100,300,"bu","14:16:20",833400
20100,100,500,"bu","14:16:13",833100
20100,100,100,"bu","14:16:13",832600
20050,50,1000,"sd","14:16:08",832500
20050,50,500,"sd","14:16:08",831500
20050,50,3300,"sd","14:16:08",831000
20050,50,100,"sd","14:16:08",827700
20050,50,500,"sd","14:16:08",827600
20050,50,300,"sd","14:16:08",827100
20050,50,1000,"bu","14:16:08",826800
20050,50,1000,"bu","14:16:08",825800
20050,50,500,"bu","14:16:08",824800
20050,50,1000,"bu","14:16:08",824300
20050,50,100,"bu","14:16:08",823300
20050,50,1000,"bu","14:16:08",823200
20050,50,7200,"bu","14:16:08",822200
20050,50,500,"bu","14:16:07",815000
20050,50,1000,"bu","14:16:06",814500
20050,50,1300,"bu","14:16:03",813500
20050,50,3700,"bu","14:16:03",812200
20050,50,600,"bu","14:15:52",808500
20050,50,2400,"bu","14:15:52",807900
20050,50,500,"bu","14:15:43",805500
20050,50,2000,"bu","14:15:41",805000
20050,50,200,"bu","14:15:36",803000
20050,50,500,"bu","14:15:32",802800
20050,50,300,"bu","14:15:28",802300
20050,50,600,"bu","14:15:21",802000
20000,0,100,"sd","14:15:13",801400
20050,50,700,"bu","14:15:12",801300
20050,50,500,"bu","14:15:00",800600
20050,50,500,"bu","14:14:49",800100
20050,50,500,"bu","14:14:38",799600
20050,50,600,"bu","14:14:28",799100
20050,50,300,"bu","14:14:23",798500
20050,50,100,"bu","14:13:50",798200
20000,0,1000,"sd","14:13:37",798100
20050,50,200,"bu","14:13:19",797100
20050,50,800,"bu","14:13:01",796900
20050,50,1200,"bu","14:13:01",796100
20000,0,2400,"sd","14:12:37",794900
20000,0,100,"sd","14:12:37",792500
20000,0,100,"sd","14:12:37",792400
20000,0,4600,"sd","14:12:37",792300
20000,0,400,"sd","14:12:24",787700
20000,0,1600,"sd","14:12:24",787300
20050,50,100,"bu","14:12:07",785700
20000,0,600,"sd","14:12:06",785600
20000,0,2000,"sd","14:12:06",785000
20000,0,1000,"sd","14:12:06",783000
20000,0,1400,"sd","14:12:06",782000
20000,0,500,"sd","14:11:58",780600
20050,50,1000,"bu","14:11:54",780100
20000,0,700,"sd","14:11:48",779100
20000,0,4300,"sd","14:11:48",778400
20050,50,1000,"bu","14:11:04",774100
20050,50,100,"bu","14:10:22",773100
20000,0,500,"sd","14:10:13",773000
20050,50,300,"bu","14:09:56",772500
20050,50,200,"sd","14:09:46",772200
20050,50,1000,"sd","14:09:46",772000
20050,50,100,"sd","14:09:46",771000
20050,50,5000,"sd","14:09:39",770900
20050,50,4900,"sd","14:09:20",765900
20050,50,100,"sd","14:09:20",761000
20100,100,100,"bu","14:09:17",760900
20100,100,500,"bu","14:09:17",760800
20100,100,100,"bu","14:09:17",760300
20100,100,300,"bu","14:09:17",760200
20100,100,200,"bu","14:09:17",759900
20100,100,100,"bu","14:09:14",759700
20100,100,500,"bu","14:09:14",759600
20100,100,200,"bu","14:09:14",759100
20100,100,200,"bu","14:09:14",758900
20100,100,4800,"bu","14:08:55",758700
20100,100,100,"bu","14:08:55",753900
20100,100,100,"bu","14:08:55",753800
20050,50,200,"sd","14:08:46",753700
20050,50,1000,"sd","14:08:46",753500
20050,50,2000,"sd","14:08:46",752500
20100,100,100,"bu","14:08:39",750500
20050,50,700,"sd","14:08:35",750400
20050,50,300,"bu","14:07:40",749700
20050,50,1700,"bu","14:07:27",749400
20100,100,1000,"bu","14:07:20",747700
20100,100,2300,"bu","14:07:20",746700
20050,50,300,"bu","14:07:20",744400
20050,50,100,"bu","14:07:20",744100
20050,50,500,"bu","14:07:20",744000
20050,50,500,"bu","14:07:20",743500
20050,50,300,"bu","14:07:20",743000
20050,50,300,"bu","14:07:09",742700
20050,50,200,"bu","14:07:09",742400
20050,50,100,"bu","14:06:56",742200
20050,50,300,"bu","14:06:56",742100
20050,50,300,"bu","14:06:56",741800
20050,50,300,"bu","14:06:56",741500
20050,50,300,"bu","14:06:55",741200
20050,50,300,"bu","14:06:55",740900
20050,50,300,"bu","14:06:55",740600
20050,50,100,"bu","14:06:55",740300
20050,50,100,"bu","14:06:55",740200
20050,50,300,"bu","14:06:29",740100
20050,50,300,"bu","14:06:29",739800
20050,50,100,"bu","14:06:29",739500
20050,50,300,"bu","14:06:29",739400
20050,50,300,"bu","14:06:29",739100
20050,50,300,"bu","14:06:29",738800
20050,50,300,"bu","14:06:29",738500
20050,50,300,"bu","14:06:29",738200
20050,50,300,"bu","14:06:29",737900
20050,50,300,"bu","14:06:29",737600
20050,50,300,"bu","14:06:29",737300
20050,50,300,"bu","14:06:29",737000
20050,50,300,"bu","14:06:29",736700
20050,50,300,"bu","14:06:29",736400
20050,50,300,"bu","14:06:29",736100
20050,50,300,"bu","14:06:29",735800
20050,50,300,"bu","14:06:29",735500
20050,50,100,"bu","14:06:29",735200
20050,50,200,"bu","14:06:26",735100
20050,50,300,"bu","14:06:26",734900
20050,50,300,"bu","14:06:26",734600
20050,50,100,"bu","14:06:26",734300
20050,50,300,"bu","14:06:26",734200
20050,50,100,"bu","14:06:26",733900
20050,50,2000,"bu","14:06:26",733800
20050,50,100,"bu","14:06:26",731800
20050,50,200,"bu","14:06:26",731700
20050,50,100,"bu","14:06:26",731500
20050,50,200,"bu","14:06:26",731400
20050,50,100,"bu","14:06:26",731200
20050,50,1000,"bu","14:06:26",731100
20000,0,100,"bu","14:06:09",730100
20000,0,100,"bu","14:06:09",730000
20000,0,900,"bu","14:06:08",729900
20000,0,100,"bu","14:06:08",729000
20000,0,900,"bu","14:06:06",728900
20000,0,1000,"bu","14:06:06",728000
20000,0,100,"bu","14:06:06",727000
20000,0,1000,"bu","14:06:01",726900
20000,0,900,"bu","14:06:00",725900
20000,0,100,"bu","14:06:00",725000
20000,0,300,"bu","14:05:57",724900
20000,0,600,"bu","14:05:53",724600
20000,0,800,"bu","14:05:47",724000
20000,0,500,"bu","14:05:44",723200
20000,0,200,"bu","14:05:44",722700
20000,0,1000,"bu","14:05:42",722500
20000,0,500,"bu","14:05:33",721500
20000,0,100,"bu","14:05:32",721000
20000,0,500,"bu","14:05:27",720900
20000,0,3000,"bu","14:05:21",720400
20000,0,500,"bu","14:05:20",717400
20000,0,200,"bu","14:05:20",716900
20000,0,1300,"bu","14:05:20",716700
20000,0,4500,"bu","14:05:20",715400
20000,0,100,"bu","14:05:20",710900
20000,0,100,"bu","14:05:20",710800
20000,0,500,"bu","14:05:20",710700
20000,0,1000,"bu","14:05:20",710200
20000,0,5000,"bu","14:05:20",709200
20000,0,1300,"bu","14:05:20",704200
20000,0,200,"bu","14:05:20",702900
20000,0,500,"bu","14:05:20",702700
20000,0,100,"bu","14:05:20",702200
20000,0,800,"bu","14:05:20",702100
20000,0,300,"bu","14:05:20",701300
20000,0,500,"bu","14:05:20",701000
20000,0,100,"bu","14:05:20",700500
20000,0,200,"bu","14:05:20",700400
20000,0,1000,"bu","14:05:20",700200
20000,0,300,"bu","14:05:20",699200
20000,0,3000,"bu","14:05:20",698900
20000,0,500,"bu","14:05:20",695900
20000,0,600,"bu","14:05:15",695400
20000,0,200,"bu","14:05:11",694800
19950,-50,200,"bu","14:05:08",694600
19950,-50,600,"bu","14:05:08",694400
19950,-50,200,"bu","14:05:08",693800
19950,-50,2200,"bu","14:05:04",693600
19950,-50,1500,"bu","14:05:04",691400
19950,-50,700,"bu","14:05:04",689900
19950,-50,1000,"bu","14:05:04",689200
19950,-50,100,"bu","14:05:04",688200
19950,-50,400,"bu","14:05:04",688100
19950,-50,4100,"bu","14:05:04",687700
19950,-50,5000,"bu","14:05:04",683600
19950,-50,200,"bu","14:04:56",678600
19950,-50,300,"bu","14:04:56",678400
19950,-50,600,"bu","14:04:45",678100
19950,-50,200,"bu","14:04:44",677500
19950,-50,600,"bu","14:04:36",677300
19950,-50,500,"bu","14:04:26",676700
19950,-50,200,"bu","14:04:20",676200
19950,-50,300,"bu","14:04:18",676000
19950,-50,200,"bu","14:04:17",675700
19950,-50,2800,"bu","14:04:16",675500
19950,-50,1000,"bu","14:04:16",672700
19950,-50,200,"bu","14:04:16",671700
19950,-50,1000,"bu","14:04:16",671500
19950,-50,500,"bu","14:04:16",670500
19950,-50,500,"bu","14:04:08",670000
19950,-50,100,"bu","14:04:08",669500
19950,-50,600,"bu","14:04:08",669400
19950,-50,600,"bu","14:03:58",668800
19950,-50,200,"bu","14:03:52",668200
19950,-50,500,"bu","14:03:46",668000
19950,-50,100,"bu","14:03:46",667500
19950,-50,600,"bu","14:03:37",667400
19950,-50,100,"bu","14:03:32",666800
19950,-50,200,"bu","14:03:25",666700
19950,-50,600,"bu","14:03:15",666500
19900,-100,1000,"sd","14:02:54",665900
19900,-100,7700,"sd","14:02:16",664900
19900,-100,500,"sd","14:02:16",657200
19900,-100,100,"sd","14:02:16",656700
19900,-100,1500,"sd","14:02:16",656600
19900,-100,100,"sd","14:02:16",655100
19900,-100,100,"sd","14:02:16",655000
19900,-100,300,"sd","14:02:09",654900
19950,-50,100,"bu","14:01:43",654600
19900,-100,300,"sd","14:00:15",654500
19950,-50,100,"bu","13:59:59",654200
19950,-50,100,"bu","13:58:15",654100
19950,-50,100,"bu","13:58:01",654000
19950,-50,100,"bu","13:58:01",653900
19950,-50,100,"bu","13:58:01",653800
19950,-50,300,"bu","13:57:37",653700
19900,-100,100,"sd","13:57:28",653400
19900,-100,100,"bu","13:56:35",653300
19900,-100,2000,"bu","13:56:35",653200
19900,-100,100,"bu","13:56:35",651200
19900,-100,400,"bu","13:56:35",651100
19900,-100,2000,"bu","13:56:35",650700
19900,-100,500,"bu","13:56:35",648700
19900,-100,300,"bu","13:56:35",648200
19900,-100,200,"bu","13:56:30",647900
19900,-100,100,"bu","13:56:29",647700
19900,-100,100,"bu","13:56:21",647600
19850,-150,4200,"sd","13:56:00",647500
19850,-150,3000,"sd","13:56:00",643300
19850,-150,200,"bu","13:55:36",640300
19850,-150,1000,"bu","13:55:32",640100
19850,-150,1400,"bu","13:55:27",639100
19850,-150,1600,"bu","13:55:27",637700
19850,-150,400,"bu","13:55:26",636100
19850,-150,2100,"bu","13:55:26",635700
19800,-200,6600,"sd","13:55:24",633600
19800,-200,1000,"sd","13:55:24",627000
19800,-200,1500,"sd","13:55:24",626000
19800,-200,1000,"sd","13:55:24",624500
19800,-200,500,"sd","13:55:24",623500
19800,-200,2000,"sd","13:55:24",623000
19800,-200,100,"sd","13:55:24",621000
19800,-200,500,"sd","13:55:24",620900
19800,-200,600,"sd","13:55:24",620400
19850,-150,100,"bu","13:55:20",619800
19850,-150,500,"bu","13:55:13",619700
19850,-150,2000,"bu","13:55:08",619200
19850,-150,1500,"bu","13:55:03",617200
19850,-150,200,"bu","13:54:58",615700
19850,-150,100,"bu","13:54:55",615500
19850,-150,1300,"bu","13:54:54",615400
19850,-150,1000,"bu","13:54:54",614100
19850,-150,200,"bu","13:54:53",613100
19850,-150,100,"bu","13:54:47",612900
19850,-150,3000,"bu","13:54:45",612800
19800,-200,400,"sd","13:54:43",609800
19850,-150,600,"bu","13:54:40",609400
19850,-150,600,"bu","13:54:31",608800
19800,-200,4000,"sd","13:54:28",608200
19800,-200,1000,"sd","13:54:28",604200
19850,-150,500,"bu","13:54:19",603200
19850,-150,1000,"bu","13:54:04",602700
19850,-150,900,"bu","13:53:21",601700
19850,-150,500,"bu","13:53:15",600800
19850,-150,10000,"bu","13:53:15",600300
19850,-150,1000,"bu","13:53:15",590300
19850,-150,300,"bu","13:53:15",589300
19850,-150,100,"bu","13:53:15",589000
19850,-150,100,"unknown","13:53:15",588900
19850,-150,1200,"sd","13:53:15",588800
19850,-150,2000,"sd","13:53:15",587600
19850,-150,500,"sd","13:53:15",585600
19850,-150,200,"sd","13:53:15",585100
19850,-150,100,"sd","13:53:15",584900
19850,-150,8000,"sd","13:53:15",584800
19850,-150,400,"sd","13:53:15",576800
19850,-150,5000,"sd","13:53:15",576400
19850,-150,100,"sd","13:53:15",571400
19850,-150,2800,"sd","13:53:15",571300
19850,-150,100,"sd","13:53:15",568500
19850,-150,1000,"sd","13:53:15",568400
19850,-150,200,"sd","13:53:15",567400
19850,-150,200,"sd","13:53:15",567200
19850,-150,100,"sd","13:53:15",567000
19850,-150,7400,"sd","13:53:15",566900
19900,-100,100,"bu","13:53:02",559500
19850,-150,20000,"sd","13:53:01",559400
19850,-150,2500,"sd","13:53:00",539400
19900,-100,100,"bu","13:51:18",536900
19900,-100,100,"bu","13:50:40",536800
19900,-100,1000,"bu","13:50:40",536700
19900,-100,900,"bu","13:50:40",535700
19900,-100,1500,"bu","13:50:34",534800
19900,-100,400,"bu","13:50:17",533300
19900,-100,200,"sd","13:49:47",532900
19950,-50,100,"bu","13:49:34",532700
19900,-100,1000,"sd","13:49:29",532600
19900,-100,100,"bu","13:49:28",531600
19900,-100,200,"bu","13:49:16",531500
19900,-100,200,"bu","13:49:15",531300
19900,-100,100,"bu","13:49:09",531100
19850,-150,100,"sd","13:48:55",531000
19850,-150,500,"sd","13:48:55",530900
19850,-150,900,"sd","13:48:55",530400
19900,-100,100,"bu","13:48:45",529500
19900,-100,500,"bu","13:48:30",529400
19900,-100,200,"sd","13:48:26",528900
19900,-100,1200,"sd","13:48:26",528700
19900,-100,500,"sd","13:48:26",527500
19900,-100,200,"sd","13:48:26",527000
19900,-100,5000,"sd","13:48:26",526800
19900,-100,100,"sd","13:48:26",521800
19900,-100,1600,"sd","13:48:26",521700
19950,-50,1000,"bu","13:48:07",520100
19950,-50,200,"bu","13:47:49",519100
19900,-100,500,"sd","13:47:02",518900
19950,-50,300,"bu","13:46:44",518400
19950,-50,200,"bu","13:46:44",518100
19950,-50,1500,"bu","13:46:44",517900
19950,-50,100,"bu","13:46:06",516400
19950,-50,3400,"bu","13:45:56",516300
19950,-50,4000,"bu","13:45:56",512900
19950,-50,200,"bu","13:45:56",508900
19950,-50,100,"bu","13:45:56",508700
19950,-50,1000,"bu","13:45:56",508600
19950,-50,1000,"bu","13:45:56",507600
19950,-50,200,"bu","13:45:56",506600
19950,-50,100,"bu","13:45:56",506400
19950,-50,100,"bu","13:44:22",506300
19950,-50,100,"bu","13:44:04",506200
19950,-50,100,"bu","13:42:38",506100
19950,-50,100,"bu","13:40:54",506000
19950,-50,100,"bu","13:39:10",505900
19900,-100,100,"sd","13:39:09",505800
19900,-100,500,"bu","13:39:05",505700
19900,-100,200,"bu","13:39:05",505200
19900,-100,200,"bu","13:39:05",505000
19900,-100,200,"bu","13:38:25",504800
19900,-100,4000,"bu","13:38:09",504600
19900,-100,1000,"bu","13:37:55",500600
19900,-100,200,"bu","13:37:26",499600
19900,-100,100,"bu","13:37:14",499400
19900,-100,4500,"bu","13:36:42",499300
19900,-100,500,"bu","13:36:42",494800
19900,-100,1500,"bu","13:36:39",494300
19900,-100,500,"bu","13:36:39",492800
19900,-100,1900,"bu","13:36:31",492300
19900,-100,1000,"sd","13:36:20",490400
19900,-100,200,"sd","13:36:20",489400
19900,-100,800,"sd","13:36:20",489200
19900,-100,500,"sd","13:36:20",488400
19900,-100,5000,"sd","13:36:20",487900
19900,-100,100,"sd","13:36:20",482900
19950,-50,300,"bu","13:36:17",482800
19900,-100,700,"sd","13:35:59",482500
19900,-100,200,"sd","13:35:59",481800
19950,-50,100,"bu","13:35:41",481600
19900,-100,800,"sd","13:35:21",481500
19900,-100,300,"sd","13:35:21",480700
19900,-100,500,"sd","13:35:21",480400
19900,-100,1000,"sd","13:35:21",479900
19900,-100,5000,"sd","13:35:21",478900
19900,-100,100,"sd","13:35:21",473900
19900,-100,2000,"sd","13:35:21",473800
19900,-100,2300,"sd","13:35:21",471800
19950,-50,100,"bu","13:34:49",469500
19950,-50,500,"bu","13:33:58",469400
19950,-50,100,"bu","13:33:57",468900
19950,-50,4900,"bu","13:32:22",468800
19950,-50,300,"bu","13:32:22",463900
19950,-50,14800,"bu","13:32:21",463600
19950,-50,100,"bu","13:32:13",448800
19900,-100,3200,"sd","13:31:28",448700
19900,-100,100,"sd","13:31:28",445500
19950,-50,100,"bu","13:31:07",445400
19950,-50,100,"bu","13:31:07",445300
19950,-50,100,"bu","13:30:28",445200
19950,-50,100,"sd","13:29:43",445100
20000,0,4000,"bu","13:29:35",445000
20000,0,200,"bu","13:28:45",441000
19950,-50,500,"sd","13:28:33",440800
19950,-50,300,"sd","13:28:33",440300
19950,-50,400,"sd","13:28:33",440000
20000,0,100,"bu","13:27:01",439600
19950,-50,500,"sd","13:26:08",439500
19950,-50,100,"sd","13:25:59",439000
19950,-50,300,"bu","13:25:54",438900
19950,-50,400,"bu","13:25:36",438600
19950,-50,1000,"bu","13:25:36",438200
19950,-50,200,"bu","13:25:36",437200
20000,0,300,"bu","13:25:17",437000
20000,0,100,"bu","13:25:17",436700
19950,-50,300,"bu","13:24:23",436600
19950,-50,300,"bu","13:24:12",436300
19950,-50,100,"bu","13:24:11",436000
19950,-50,100,"bu","13:24:04",435900
19950,-50,100,"bu","13:23:35",435800
19950,-50,100,"bu","13:23:32",435700
19950,-50,1000,"bu","13:23:15",435600
19950,-50,1500,"bu","13:23:03",434600
19950,-50,100,"bu","13:22:49",433100
19950,-50,500,"bu","13:22:29",433000
19950,-50,100,"sd","13:21:59",432500
19950,-50,500,"sd","13:21:59",432400
19950,-50,300,"sd","13:21:59",431900
19950,-50,300,"sd","13:21:59",431600
19950,-50,300,"sd","13:21:59",431300
19950,-50,300,"sd","13:21:59",431000
19950,-50,300,"sd","13:21:59",430700
19950,-50,7400,"sd","13:21:59",430400
19950,-50,5000,"sd","13:21:59",423000
19950,-50,500,"sd","13:21:59",418000
19950,-50,100,"sd","13:21:59",417500
19950,-50,1800,"sd","13:21:59",417400
20000,0,100,"bu","13:21:48",415600
19950,-50,100,"sd","13:21:01",415500
19950,-50,100,"bu","13:21:00",415400
19950,-50,1000,"bu","13:21:00",415300
19950,-50,200,"bu","13:20:53",414300
19950,-50,100,"bu","13:20:53",414100
19950,-50,700,"bu","13:20:38",414000
19950,-50,100,"bu","13:20:38",413300
19950,-50,200,"bu","13:20:38",413200
19950,-50,100,"bu","13:20:23",413000
19950,-50,100,"bu","13:20:19",412900
19950,-50,200,"bu","13:20:04",412800
19950,-50,100,"bu","13:19:49",412600
19950,-50,1000,"bu","13:19:40",412500
19950,-50,100,"bu","13:19:34",411500
19950,-50,100,"bu","13:18:21",411400
19950,-50,300,"bu","13:17:37",411300
19950,-50,300,"bu","13:17:26",411000
19950,-50,2500,"bu","13:17:18",410700
19950,-50,100,"bu","13:17:18",408200
19950,-50,200,"bu","13:17:18",408100
19950,-50,500,"bu","13:17:17",407900
19950,-50,200,"bu","13:17:17",407400
19950,-50,300,"bu","13:17:17",407200
19950,-50,300,"bu","13:17:02",406900
19950,-50,100,"bu","13:16:37",406600
19950,-50,100,"bu","13:16:27",406500
19950,-50,300,"bu","13:16:26",406400
19950,-50,100,"bu","13:15:34",406100
19950,-50,100,"bu","13:15:34",406000
19950,-50,100,"bu","13:15:34",405900
19950,-50,300,"bu","13:15:33",405800
19950,-50,100,"bu","13:15:02",405500
19950,-50,100,"bu","13:14:53",405400
19950,-50,300,"bu","13:14:28",405300
19950,-50,100,"bu","13:13:34",405000
19950,-50,100,"bu","13:13:09",404900
19950,-50,300,"bu","13:13:09",404800
19850,-150,1100,"sd","13:12:55",404500
19850,-150,200,"sd","13:12:55",403400
19900,-100,200,"unknown","13:12:55",403200
19900,-100,500,"unknown","13:12:55",403000
19950,-50,300,"bu","13:12:16",402500
19950,-50,100,"bu","13:11:29",402200
19900,-100,200,"bu","13:11:29",402100
19900,-100,300,"sd","13:11:29",401900
19950,-50,100,"bu","13:11:24",401600
19900,-100,900,"sd","13:11:23",401500
19900,-100,100,"sd","13:11:23",400600
19900,-100,400,"sd","13:10:56",400500
19900,-100,100,"sd","13:10:56",400100
19900,-100,100,"sd","13:10:56",400000
19900,-100,100,"sd","13:10:56",399900
19900,-100,700,"sd","13:10:56",399800
19900,-100,500,"sd","13:10:38",399100
19900,-100,200,"sd","13:10:38",398600
19900,-100,1300,"sd","13:10:38",398400
19900,-100,500,"sd","13:10:20",397100
19950,-50,100,"bu","13:10:19",396600
19950,-50,1000,"bu","13:10:19",396500
19950,-50,900,"bu","13:10:19",395500
19900,-100,1200,"sd","13:09:44",394600
19900,-100,1800,"sd","13:09:44",393400
19950,-50,100,"bu","13:09:40",391600
19950,-50,100,"bu","13:09:40",391500
19900,-100,200,"sd","13:09:05",391400
19900,-100,100,"sd","13:09:05",391200
19900,-100,100,"sd","13:09:05",391100
19900,-100,1000,"sd","13:09:05",391000
19900,-100,600,"sd","13:09:05",390000
19900,-100,400,"sd","13:08:40",389400
19900,-100,500,"sd","13:08:40",389000
19900,-100,100,"sd","13:08:40",388500
19900,-100,400,"sd","13:08:27",388400
19900,-100,100,"sd","13:08:27",388000
19900,-100,2000,"sd","13:08:10",387900
19950,-50,100,"bu","13:07:56",385900
19900,-100,100,"sd","13:07:53",385800
19900,-100,2000,"sd","13:07:28",385700
19900,-100,100,"sd","13:07:07",383700
19900,-100,500,"sd","13:06:27",383600
19950,-50,100,"bu","13:06:12",383100
19900,-100,15000,"sd","13:05:55",383000
19900,-100,200,"sd","13:05:24",368000
19900,-100,100,"sd","13:05:24",367800
19900,-100,100,"sd","13:05:24",367700
19900,-100,100,"sd","13:05:24",367600
19900,-100,500,"sd","13:05:24",367500
19900,-100,1500,"sd","13:05:10",367000
19900,-100,100,"sd","13:04:57",365500
19900,-100,100,"sd","13:04:57",365400
19900,-100,900,"sd","13:04:37",365300
19900,-100,100,"sd","13:04:37",364400
19900,-100,1000,"sd","13:04:37",364300
19900,-100,500,"sd","13:04:37",363300
19900,-100,2500,"sd","13:04:37",362800
19950,-50,100,"bu","13:04:28",360300
19950,-50,200,"bu","13:04:10",360200
19950,-50,800,"bu","13:04:10",360000
19900,-100,500,"sd","13:03:48",359200
19900,-100,100,"sd","13:03:48",358700
19900,-100,300,"sd","13:03:20",358600
19900,-100,1800,"sd","13:03:20",358300
19900,-100,2900,"sd","13:03:20",356500
19950,-50,300,"bu","13:03:12",353600
19950,-50,1000,"bu","13:02:49",353300
19950,-50,100,"bu","13:02:44",352300
19950,-50,1000,"bu","13:02:28",352200
19900,-100,100,"sd","13:02:12",351200
19900,-100,200,"sd","13:02:12",351100
19900,-100,300,"sd","13:02:12",350900
19900,-100,1000,"sd","13:01:46",350600
19950,-50,300,"bu","13:01:01",349600
19950,-50,200,"bu","13:01:00",349300
19950,-50,500,"bu","13:00:03",349100
19950,-50,300,"sd","13:00:01",348600
19950,-50,500,"sd","13:00:01",348300
19950,-50,800,"sd","13:00:01",347800
19950,-50,4200,"sd","13:00:00",347000
19950,-50,500,"sd","12:59:59",342800
19950,-50,300,"sd","12:59:59",342300
19950,-50,600,"sd","12:59:59",342000
20000,0,1400,"bu","11:29:33",341400
19950,-50,400,"sd","11:28:49",340000
19950,-50,100,"sd","11:28:49",339600
19950,-50,200,"sd","11:27:58",339500
19950,-50,300,"sd","11:25:50",339300
19950,-50,200,"sd","11:25:50",339000
19950,-50,100,"sd","11:24:58",338800
19950,-50,300,"sd","11:24:58",338700
19950,-50,300,"sd","11:24:58",338400
19950,-50,500,"sd","11:24:58",338100
19950,-50,800,"sd","11:24:58",337600
19950,-50,900,"sd","11:23:55",336800
19950,-50,100,"sd","11:23:24",335900
19950,-50,1700,"sd","11:21:06",335800
19950,-50,500,"sd","11:21:06",334100
19950,-50,200,"sd","11:21:06",333600
19950,-50,500,"sd","11:21:06",333400
19950,-50,100,"sd","11:21:06",332900
19950,-50,1000,"sd","11:21:06",332800
19950,-50,1000,"sd","11:21:06",331800
20000,0,1100,"bu","11:16:29",330800
20000,0,300,"sd","11:16:19",329700
20000,0,300,"sd","11:16:19",329400
20000,0,500,"sd","11:16:19",329100
20000,0,300,"sd","11:16:19",328600
20000,0,100,"sd","11:15:33",328300
20050,50,300,"bu","11:13:49",328200
20000,0,100,"bu","11:11:44",327900
20000,0,1000,"bu","11:11:44",327800
20000,0,500,"bu","11:10:25",326800
20000,0,100,"bu","11:08:52",326300
20000,0,400,"bu","11:08:48",326200
20000,0,100,"bu","11:08:48",325800
20000,0,200,"bu","11:08:48",325700
20000,0,100,"bu","11:08:48",325500
20000,0,200,"bu","11:08:48",325400
20000,0,1000,"bu","11:07:59",325200
20000,0,300,"bu","11:07:46",324200
20000,0,300,"bu","11:06:48",323900
20000,0,100,"bu","11:06:25",323600
20000,0,100,"bu","11:06:23",323500
20000,0,200,"bu","11:06:20",323400
20000,0,100,"bu","11:06:20",323200
20000,0,200,"bu","11:06:01",323100
20000,0,1800,"bu","11:06:01",322900
20000,0,100,"bu","11:05:03",321100
20000,0,100,"bu","11:04:54",321000
20000,0,6000,"bu","11:04:34",320900
20000,0,10000,"bu","11:04:34",314900
20000,0,7000,"bu","11:04:34",304900
20000,0,300,"bu","11:03:58",297900
20000,0,1600,"bu","11:01:40",297600
19950,-50,100,"sd","11:00:31",296000
19950,-50,300,"bu","11:00:18",295900
19950,-50,200,"bu","11:00:12",295600
19950,-50,1200,"bu","11:00:12",295400
19950,-50,300,"bu","11:00:12",294200
19950,-50,300,"bu","11:00:12",293900
19950,-50,100,"bu","11:00:00",293600
19950,-50,200,"bu","11:00:00",293500
19950,-50,2000,"bu","11:00:00",293300
19950,-50,200,"bu","10:59:48",291300
19950,-50,300,"bu","10:59:36",291100
19900,-100,700,"sd","10:59:23",290800
19900,-100,500,"sd","10:59:23",290100
19950,-50,1000,"bu","10:58:49",289600
19950,-50,400,"bu","10:58:31",288600
19950,-50,300,"bu","10:57:55",288200
19950,-50,300,"bu","10:57:47",287900
19950,-50,300,"bu","10:57:23",287600
19950,-50,300,"bu","10:56:58",287300
19950,-50,300,"bu","10:56:47",287000
19950,-50,100,"bu","10:56:15",286700
19950,-50,1000,"sd","10:55:41",286600
19950,-50,100,"sd","10:55:41",285600
19950,-50,200,"sd","10:55:41",285500
19950,-50,500,"sd","10:55:41",285300
19950,-50,100,"sd","10:55:41",284800
19950,-50,400,"sd","10:55:41",284700
19950,-50,100,"sd","10:55:41",284300
19950,-50,3000,"sd","10:55:41",284200
19950,-50,1000,"sd","10:55:41",281200
19950,-50,2900,"sd","10:55:41",280200
19950,-50,500,"sd","10:55:40",277300
19950,-50,1600,"sd","10:55:28",276800
19950,-50,7400,"sd","10:55:28",275200
19950,-50,500,"sd","10:54:17",267800
19950,-50,100,"sd","10:54:03",267300
19950,-50,2000,"sd","10:53:33",267200
19950,-50,500,"sd","10:53:33",265200
19950,-50,300,"sd","10:53:33",264700
19950,-50,100,"sd","10:53:33",264400
19950,-50,1000,"sd","10:53:33",264300
19950,-50,100,"sd","10:53:33",263300
19950,-50,1000,"sd","10:52:51",263200
20000,0,200,"sd","10:52:27",262200
20000,0,300,"sd","10:52:27",262000
20000,0,300,"sd","10:52:27",261700
20000,0,300,"sd","10:52:27",261400
20000,0,200,"sd","10:51:21",261100
20000,0,500,"sd","10:50:31",260900
20000,0,200,"sd","10:50:31",260400
20000,0,500,"sd","10:50:31",260200
20000,0,1800,"sd","10:50:31",259700
20000,0,3200,"sd","10:48:38",257900
20000,0,1200,"sd","10:48:38",254700
20000,0,100,"sd","10:46:47",253500
20000,0,100,"sd","10:45:33",253400
20000,0,3600,"bu","10:44:39",253300
20000,0,100,"bu","10:43:45",249700
20000,0,1500,"bu","10:43:41",249600
20000,0,500,"sd","10:43:27",248100
20000,0,300,"sd","10:43:27",247600
20000,0,100,"sd","10:43:27",247300
20000,0,100,"sd","10:43:00",247200
20000,0,200,"sd","10:42:18",247100
20000,0,800,"sd","10:42:18",246900
20000,0,200,"sd","10:42:12",246100
20000,0,1000,"bu","10:40:19",245900
20000,0,100,"bu","10:40:19",244900
20000,0,2900,"bu","10:40:19",244800
20000,0,2000,"bu","10:39:35",241900
20000,0,100,"bu","10:38:28",239900
20000,0,400,"bu","10:38:28",239800
19950,-50,600,"sd","10:38:19",239400
20000,0,700,"bu","10:37:23",238800
20000,0,100,"bu","10:37:14",238100
20000,0,1000,"bu","10:37:09",238000
20000,0,1000,"bu","10:36:32",237000
20000,0,100,"sd","10:36:21",236000
20000,0,300,"sd","10:36:21",235900
20000,0,300,"sd","10:36:21",235600
20000,0,200,"sd","10:36:21",235300
20000,0,5900,"sd","10:36:21",235100
20000,0,100,"sd","10:35:10",229200
20000,0,1000,"sd","10:35:09",229100
20000,0,100,"bu","10:33:42",228100
20000,0,100,"bu","10:33:42",228000
20000,0,2800,"bu","10:33:42",227900
20000,0,100,"bu","10:32:51",225100
20000,0,500,"bu","10:32:42",225000
20000,0,500,"bu","10:32:33",224500
20000,0,200,"bu","10:31:57",224000
20000,0,1000,"bu","10:31:02",223800
20000,0,100,"bu","10:30:29",222800
20000,0,300,"sd","10:30:08",222700
20000,0,200,"sd","10:30:08",222400
20000,0,300,"sd","10:30:08",222200
20000,0,300,"sd","10:30:08",221900
20000,0,300,"sd","10:30:08",221600
20000,0,300,"sd","10:30:08",221300
20000,0,100,"sd","10:30:08",221000
20000,0,200,"sd","10:28:28",220900
20000,0,100,"sd","10:28:28",220700
20000,0,100,"bu","10:28:15",220600
20000,0,100,"bu","10:28:08",220500
20000,0,100,"bu","10:28:08",220400
20000,0,1000,"bu","10:27:48",220300
19950,-50,100,"sd","10:26:23",219300
19950,-50,300,"sd","10:26:23",219200
19950,-50,600,"sd","10:26:23",218900
20000,0,100,"bu","10:26:21",218300
20000,0,500,"bu","10:26:18",218200
20000,0,300,"bu","10:26:07",217700
20000,0,1000,"bu","10:26:07",217400
20000,0,100,"bu","10:26:07",216400
20000,0,100,"bu","10:26:07",216300
20000,0,300,"bu","10:26:07",216200
20000,0,500,"bu","10:25:32",215900
20000,0,200,"bu","10:25:20",215400
20000,0,100,"bu","10:25:20",215200
20000,0,1700,"bu","10:25:20",215100
20000,0,100,"bu","10:25:07",213400
20000,0,500,"bu","10:24:27",213300
20000,0,2000,"bu","10:23:52",212800
20000,0,300,"bu","10:23:48",210800
20000,0,1000,"bu","10:22:31",210500
20000,0,100,"bu","10:22:09",209500
20000,0,1100,"bu","10:21:39",209400
20000,0,3200,"bu","10:20:37",208300
20000,0,300,"bu","10:20:37",205100
20000,0,6500,"bu","10:20:37",204800
20000,0,300,"bu","10:20:24",198300
20000,0,100,"sd","10:18:47",198000
20000,0,1000,"sd","10:18:47",197900
20000,0,200,"sd","10:18:47",196900
20000,0,1000,"sd","10:18:47",196700
20000,0,500,"sd","10:18:47",195700
20000,0,100,"sd","10:18:47",195200
20000,0,100,"sd","10:18:47",195100
20000,0,900,"sd","10:18:47",195000
20000,0,2000,"sd","10:18:47",194100
20000,0,100,"sd","10:18:47",192100
20000,0,100,"sd","10:18:47",192000
20000,0,800,"sd","10:18:47",191900
20000,0,100,"sd","10:18:47",191100
20000,0,5000,"sd","10:18:47",191000
20000,0,10000,"sd","10:18:47",186000
20000,0,200,"sd","10:18:47",176000
20000,0,1000,"sd","10:18:47",175800
20000,0,1000,"sd","10:18:47",174800
20000,0,500,"sd","10:18:47",173800
20000,0,100,"sd","10:18:47",173300
20000,0,1900,"sd","10:18:42",173200
20000,0,100,"sd","10:18:42",171300
20000,0,200,"sd","10:18:41",171200
20000,0,7700,"sd","10:18:32",171000
20000,0,2000,"sd","10:18:32",163300
20000,0,100,"sd","10:18:32",161300
20000,0,200,"sd","10:18:32",161200
20000,0,2000,"sd","10:18:32",161000
20000,0,1000,"sd","10:18:12",159000
20000,0,500,"sd","10:18:01",158000
20000,0,900,"sd","10:17:57",157500
20000,0,400,"sd","10:17:40",156600
20000,0,400,"sd","10:17:40",156200
20000,0,200,"sd","10:17:40",155800
20000,0,300,"sd","10:17:40",155600
20000,0,500,"sd","10:17:29",155300
20050,50,300,"bu","10:15:41",154800
20050,50,300,"bu","10:13:15",154500
20050,50,100,"sd","10:11:23",154200
20050,50,1000,"sd","10:11:23",154100
20050,50,1300,"sd","10:11:23",153100
20050,50,300,"sd","10:10:50",151800
20050,50,700,"sd","10:10:50",151500
20050,50,2600,"sd","10:10:39",150800
20050,50,500,"sd","10:10:12",148200
20050,50,100,"sd","10:10:10",147700
20050,50,100,"sd","10:09:56",147600
20050,50,1000,"sd","10:09:56",147500
20050,50,500,"sd","10:09:56",146500
20050,50,100,"sd","10:09:56",146000
20050,50,100,"sd","10:09:56",145900
20050,50,500,"sd","10:09:56",145800
20050,50,1100,"sd","10:09:56",145300
20050,50,500,"sd","10:09:53",144200
20100,100,1000,"bu","10:09:29",143700
20050,50,2000,"sd","10:09:16",142700
20050,50,1000,"sd","10:09:16",140700
20050,50,1000,"sd","10:09:16",139700
20050,50,400,"sd","10:09:16",138700
20050,50,1000,"sd","10:09:16",138300
20050,50,200,"sd","10:09:16",137300
20050,50,400,"sd","10:09:16",137100
20050,50,200,"sd","10:09:13",136700
20050,50,200,"sd","10:09:05",136500
20050,50,500,"sd","10:08:46",136300
20100,100,500,"bu","10:08:31",135800
20100,100,1200,"sd","10:02:18",135300
20100,100,900,"sd","10:01:43",134100
20100,100,100,"sd","10:01:01",133200
20100,100,800,"sd","10:00:19",133100
20100,100,200,"sd","10:00:19",132300
20150,150,5000,"bu","09:57:53",132100
20100,100,100,"sd","09:57:15",127100
20100,100,1900,"sd","09:57:15",127000
20100,100,500,"sd","09:57:00",125100
20100,100,7600,"sd","09:56:58",124600
20100,100,1000,"sd","09:56:58",117000
20100,100,200,"sd","09:56:58",116000
20100,100,100,"sd","09:56:58",115800
20100,100,1900,"sd","09:56:46",115700
20100,100,100,"sd","09:56:46",113800
20100,100,1000,"sd","09:56:29",113700
20100,100,100,"sd","09:56:26",112700
20100,100,800,"sd","09:54:59",112600
20100,100,200,"sd","09:54:59",111800
20100,100,200,"sd","09:54:26",111600
20100,100,500,"sd","09:53:07",111400
20100,100,1000,"sd","09:52:42",110900
20100,100,200,"sd","09:51:52",109900
20100,100,900,"sd","09:51:24",109700
20100,100,100,"sd","09:51:24",108800
20100,100,400,"sd","09:51:14",108700
20100,100,100,"sd","09:50:58",108300
20100,100,1000,"sd","09:50:44",108200
20100,100,500,"sd","09:48:59",107200
20150,150,3700,"bu","09:48:58",106700
20150,150,200,"bu","09:48:58",103000
20150,150,3000,"bu","09:48:58",102800
20100,100,600,"sd","09:48:04",99800
20100,100,500,"sd","09:47:46",99200
20100,100,100,"sd","09:47:17",98700
20100,100,1000,"sd","09:45:16",98600
20100,100,500,"sd","09:43:53",97600
20100,100,100,"sd","09:43:29",97100
20100,100,200,"sd","09:43:25",97000
20100,100,200,"sd","09:43:25",96800
20100,100,100,"sd","09:42:56",96600
20150,150,200,"bu","09:42:56",96500
20150,150,300,"bu","09:42:56",96300
20150,150,4500,"bu","09:42:56",96000
20100,100,100,"sd","09:42:49",91500
20100,100,200,"sd","09:42:43",91400
20100,100,100,"sd","09:42:43",91200
20100,100,1000,"bu","09:42:07",91100
20100,100,300,"bu","09:42:07",90100
20100,100,300,"bu","09:42:07",89800
20100,100,100,"bu","09:42:07",89500
20100,100,1000,"bu","09:42:07",89400
20100,100,1000,"bu","09:42:07",88400
20100,100,200,"bu","09:42:07",87400
20100,100,300,"bu","09:42:07",87200
20100,100,100,"bu","09:42:07",86900
20100,100,300,"bu","09:42:07",86800
20100,100,300,"bu","09:42:07",86500
20050,50,500,"sd","09:41:52",86200
20100,100,300,"bu","09:41:38",85700
20100,100,300,"bu","09:41:38",85400
20100,100,300,"bu","09:41:38",85100
20100,100,300,"bu","09:41:38",84800
20100,100,300,"bu","09:41:38",84500
20100,100,300,"bu","09:41:38",84200
20100,100,300,"bu","09:41:38",83900
20100,100,300,"bu","09:41:38",83600
20100,100,300,"bu","09:41:38",83300
20100,100,300,"bu","09:41:38",83000
20100,100,300,"bu","09:41:38",82700
20100,100,300,"bu","09:41:38",82400
20100,100,300,"bu","09:41:38",82100
20100,100,100,"bu","09:41:38",81800
20100,100,200,"bu","09:38:52",81700
20100,100,300,"bu","09:38:52",81500
20100,100,200,"bu","09:37:42",81200
20100,100,200,"bu","09:37:08",81000
20100,100,100,"bu","09:36:50",80800
20100,100,100,"sd","09:35:16",80700
20100,100,3000,"bu","09:33:52",80600
20100,100,200,"sd","09:33:35",77600
20100,100,4800,"sd","09:33:35",77400
20100,100,100,"sd","09:33:33",72600
20100,100,100,"sd","09:31:58",72500
20100,100,1000,"sd","09:31:58",72400
20100,100,200,"sd","09:31:58",71400
20100,100,600,"sd","09:31:58",71200
20100,100,500,"sd","09:31:58",70600
20100,100,200,"sd","09:31:58",70100
20100,100,400,"sd","09:31:58",69900
20150,150,5000,"bu","09:30:56",69500
20150,150,2200,"sd","09:29:04",64500
20150,150,200,"sd","09:28:59",62300
20150,150,500,"sd","09:28:21",62100
20150,150,100,"sd","09:28:01",61600
20150,150,400,"sd","09:27:15",61500
20150,150,200,"sd","09:26:52",61100
20150,150,300,"bu","09:26:25",60900
20150,150,300,"bu","09:26:25",60600
20150,150,300,"bu","09:26:24",60300
20150,150,100,"bu","09:26:24",60000
20150,150,100,"bu","09:26:24",59900
20150,150,300,"bu","09:26:24",59800
20150,150,800,"sd","09:25:00",59500
20150,150,100,"sd","09:24:24",58700
20150,150,100,"sd","09:24:21",58600
20150,150,900,"sd","09:23:41",58500
20150,150,100,"sd","09:23:08",57600
20150,150,100,"sd","09:23:01",57500
20150,150,500,"bu","09:23:01",57400
20150,150,2400,"bu","09:23:01",56900
20100,100,100,"sd","09:22:57",54500
20100,100,100,"sd","09:22:51",54400
20100,100,100,"sd","09:22:47",54300
20100,100,100,"sd","09:22:41",54200
20100,100,100,"sd","09:22:36",54100
20100,100,100,"sd","09:22:30",54000
20100,100,100,"sd","09:22:27",53900
20100,100,100,"sd","09:22:20",53800
20150,150,3500,"sd","09:22:18",53700
20150,150,100,"sd","09:22:17",50200
20150,150,100,"sd","09:22:10",50100
20150,150,100,"sd","09:22:06",50000
20150,150,100,"sd","09:21:59",49900
20150,150,100,"sd","09:21:54",49800
20150,150,100,"sd","09:21:49",49700
20150,150,100,"sd","09:21:45",49600
20150,150,300,"bu","09:21:43",49500
20150,150,100,"bu","09:21:43",49200
20150,150,400,"bu","09:21:43",49100
20100,100,100,"sd","09:21:40",48700
20100,100,100,"sd","09:21:40",48600
20100,100,100,"sd","09:21:33",48500
20100,100,100,"sd","09:21:30",48400
20100,100,100,"sd","09:21:25",48300
20150,150,100,"sd","09:21:18",48200
20150,150,300,"sd","09:21:14",48100
20150,150,700,"sd","09:21:14",47800
20150,150,100,"sd","09:21:14",47100
20150,150,600,"sd","09:21:09",47000
20150,150,100,"sd","09:21:07",46400
20150,150,100,"sd","09:21:02",46300
20150,150,100,"sd","09:20:57",46200
20150,150,100,"sd","09:20:52",46100
20150,150,100,"sd","09:20:45",46000
20150,150,100,"sd","09:20:34",45900
20200,200,3400,"sd","09:20:32",45800
20200,200,100,"sd","09:20:24",42400
20200,200,100,"sd","09:20:13",42300
20200,200,100,"bu","09:20:10",42200
20200,200,300,"bu","09:20:10",42100
20200,200,200,"bu","09:20:10",41800
20200,200,2000,"bu","09:20:10",41600
20200,200,500,"bu","09:20:10",39600
20200,200,500,"bu","09:20:10",39100
20200,200,7500,"bu","09:20:10",38600
20200,200,200,"bu","09:20:05",31100
20200,200,200,"bu","09:20:01",30900
20150,150,100,"sd","09:19:57",30700
20200,200,900,"bu","09:19:57",30600
20200,200,100,"bu","09:19:48",29700
20200,200,600,"bu","09:19:40",29600
20200,200,500,"bu","09:19:39",29000
20200,200,300,"bu","09:19:39",28500
20200,200,400,"bu","09:19:39",28200
20200,200,600,"bu","09:19:39",27800
20200,200,200,"bu","09:19:39",27200
20200,200,100,"bu","09:19:28",27000
20150,150,100,"sd","09:19:26",26900
20150,150,100,"sd","09:19:17",26800
20150,150,100,"sd","09:19:04",26700
20150,150,100,"sd","09:18:59",26600
20150,150,500,"sd","09:18:54",26500
20150,150,100,"sd","09:18:52",26000
20200,200,1900,"bu","09:18:51",25900
20200,200,100,"bu","09:18:51",24000
20150,150,100,"sd","09:18:48",23900
20200,200,1000,"bu","09:18:44",23800
20100,100,100,"sd","09:18:42",22800
20100,100,100,"sd","09:18:37",22700
20100,100,100,"sd","09:18:30",22600
20100,100,100,"sd","09:18:15",22500
20100,100,100,"sd","09:18:00",22400
20100,100,100,"sd","09:17:57",22300
20100,100,500,"sd","09:17:54",22200
20100,100,100,"sd","09:17:50",21700
20100,100,100,"sd","09:17:45",21600
20200,200,100,"sd","09:17:39",21500
20200,200,900,"bu","09:17:38",21400
20200,200,100,"bu","09:17:20",20500
20200,200,100,"bu","09:17:20",20400
20200,200,500,"bu","09:17:20",20300
20050,50,100,"sd","09:17:12",19800
20050,50,100,"sd","09:17:05",19700
20050,50,100,"sd","09:17:00",19600
20050,50,100,"sd","09:16:54",19500
20100,100,500,"bu","09:16:53",19400
20050,50,100,"sd","09:16:50",18900
20050,50,100,"sd","09:16:45",18800
20050,50,100,"sd","09:16:39",18700
20050,50,100,"sd","09:16:27",18600
20100,100,100,"bu","09:16:20",18500
20050,50,100,"sd","09:16:20",18400
20100,100,400,"bu","09:16:16",18300
20100,100,600,"bu","09:16:16",17900
20050,50,100,"sd","09:16:15",17300
20100,100,400,"bu","09:16:11",17200
20100,100,100,"bu","09:16:11",16800
20050,50,100,"sd","09:16:09",16700
20050,50,100,"sd","09:16:04",16600
20000,0,100,"sd","09:15:49",16500
20000,0,100,"sd","09:15:44",16400
20000,0,100,"sd","09:15:33",16300
20050,50,300,"bu","09:15:23",16200
20050,50,200,"bu","09:15:23",15900
20050,50,500,"bu","09:15:23",15700
20000,0,100,"sd","09:15:15",15200
20000,0,100,"sd","09:15:15",15100
20000,0,15000,"sd","09:15:01",15000
