"price","change","match_qtty","side","time","total_vol"
49800,800,400,"unknown","14:45:02",32500
49800,800,200,"sd","14:29:03",32100
49800,800,700,"sd","14:28:24",31900
49700,700,1700,"unknown","14:27:48",31200
49700,700,1700,"bu","14:25:41",29500
48500,-500,500,"sd","14:25:18",27800
48500,-500,500,"sd","14:23:13",27300
48500,-500,400,"sd","14:23:07",26800
48900,-100,100,"bu","14:12:57",26400
48500,-500,700,"bu","14:10:10",26300
48500,-500,200,"bu","14:09:48",25600
48500,-500,600,"sd","14:09:40",25400
48500,-500,500,"sd","14:07:40",24800
48500,-500,500,"sd","14:02:56",24300
48500,-500,600,"sd","14:01:38",23800
48500,-500,200,"bu","14:00:42",23200
48500,-500,200,"bu","14:00:40",23000
49000,0,1300,"bu","13:49:20",22800
48500,-500,100,"bu","13:48:33",21500
48500,-500,700,"sd","13:47:38",21400
48500,-500,900,"bu","13:42:01",20700
48500,-500,100,"bu","13:41:30",19800
48500,-500,100,"bu","13:40:28",19700
48500,-500,3900,"bu","13:40:26",19600
48500,-500,5000,"sd","13:31:33",15700
48500,-500,100,"sd","13:28:38",10700
49000,0,100,"bu","11:29:39",10600
49000,0,100,"bu","11:28:45",10500
49000,0,100,"bu","11:27:51",10400
49000,0,100,"bu","11:26:57",10300
49000,0,100,"bu","11:26:03",10200
49000,0,100,"bu","11:25:09",10100
49000,0,100,"bu","11:24:15",10000
49000,0,100,"bu","11:23:20",9900
49000,0,100,"bu","11:22:26",9800
49000,0,100,"bu","11:21:32",9700
49000,0,100,"bu","11:20:38",9600
49000,0,100,"bu","11:19:44",9500
49000,0,100,"bu","11:18:52",9400
49000,0,100,"bu","11:17:55",9300
49000,0,100,"bu","11:17:01",9200
49000,0,100,"bu","11:16:07",9100
49000,0,100,"bu","11:15:12",9000
49000,0,100,"bu","11:14:18",8900
49000,0,100,"bu","11:13:24",8800
49000,0,100,"bu","11:12:29",8700
49000,0,100,"bu","11:11:35",8600
49000,0,100,"bu","11:10:41",8500
49000,0,100,"bu","11:09:47",8400
49000,0,100,"bu","11:08:54",8300
49000,0,100,"bu","11:07:59",8200
49000,0,100,"bu","11:07:07",8100
49000,0,100,"bu","11:06:11",8000
49000,0,100,"bu","11:05:17",7900
49000,0,100,"bu","11:04:23",7800
49000,0,100,"bu","11:03:29",7700
49000,0,100,"bu","11:02:35",7600
49000,0,100,"bu","11:01:41",7500
49000,0,100,"bu","11:00:46",7400
49000,0,100,"bu","10:59:52",7300
49000,0,100,"bu","10:58:58",7200
49000,0,100,"bu","10:58:04",7100
49000,0,100,"bu","10:57:10",7000
49000,0,100,"bu","10:56:16",6900
49000,0,100,"bu","10:55:21",6800
49000,0,100,"bu","10:54:27",6700
49000,0,100,"bu","10:53:33",6600
49000,0,100,"bu","10:52:39",6500
49000,0,100,"bu","10:49:12",6400
49000,0,100,"bu","10:48:17",6300
49000,0,100,"bu","10:47:21",6200
48900,-100,100,"bu","10:46:27",6100
48900,-100,100,"bu","10:45:31",6000
48900,-100,100,"bu","10:44:36",5900
48900,-100,100,"bu","10:43:41",5800
48900,-100,100,"bu","10:42:46",5700
48900,-100,100,"bu","10:41:51",5600
48900,-100,100,"bu","10:40:55",5500
48900,-100,100,"bu","10:40:00",5400
48900,-100,100,"bu","10:39:05",5300
49000,0,100,"bu","10:38:10",5200
49000,0,100,"bu","10:37:14",5100
49000,0,100,"bu","10:36:19",5000
49000,0,100,"bu","10:35:24",4900
49000,0,100,"bu","10:34:29",4800
48900,-100,100,"bu","10:33:33",4700
48900,-100,100,"bu","10:32:38",4600
48900,-100,100,"bu","10:31:43",4500
48900,-100,100,"bu","10:30:48",4400
48900,-100,100,"bu","10:29:52",4300
49000,0,100,"bu","10:28:57",4200
49000,0,100,"bu","10:28:02",4100
49000,0,100,"bu","10:27:07",4000
49000,0,100,"bu","10:26:11",3900
49000,0,100,"bu","10:25:16",3800
49000,0,100,"bu","10:24:21",3700
49000,0,100,"bu","10:23:25",3600
49000,0,100,"bu","10:22:30",3500
49000,0,100,"bu","10:21:34",3400
49000,0,100,"bu","10:20:39",3300
49000,0,100,"bu","10:19:44",3200
49000,0,100,"bu","10:18:49",3100
49000,0,100,"bu","10:17:53",3000
49000,0,100,"bu","10:16:58",2900
49000,0,100,"bu","10:16:03",2800
49000,0,100,"bu","10:15:08",2700
49000,0,100,"bu","10:14:12",2600
49000,0,100,"bu","10:13:17",2500
49000,0,100,"bu","10:12:22",2400
49000,0,100,"bu","10:11:27",2300
49000,0,100,"bu","10:10:31",2200
49000,0,100,"bu","10:09:36",2100
49000,0,100,"bu","10:08:41",2000
49000,0,100,"bu","10:07:46",1900
49000,0,100,"bu","10:06:50",1800
49000,0,100,"bu","10:05:55",1700
49000,0,100,"bu","10:05:00",1600
48500,-500,100,"unknown","10:01:25",1500
48600,-400,100,"bu","10:00:25",1400
49000,0,1000,"sd","09:54:48",1300
49800,800,100,"bu","09:42:56",300
49800,800,100,"bu","09:30:11",200
48800,-200,100,"unknown","09:29:26",100
