"price","change","match_qtty","side","time","total_vol"
28000,-400,1100,"bu","14:45:01",334900
28300,-100,200,"bu","14:29:43",333800
28200,-200,100,"bu","14:29:23",333600
28000,-400,1600,"sd","14:29:16",333500
28100,-300,200,"bu","14:28:39",331900
28200,-200,100,"bu","14:27:50",331700
28200,-200,100,"bu","14:25:41",331600
28200,-200,100,"bu","14:22:45",331500
28200,-200,100,"bu","14:19:50",331400
28200,-200,100,"bu","14:18:56",331300
28200,-200,100,"bu","14:14:43",331200
28200,-200,100,"bu","14:12:38",331100
28200,-200,100,"bu","14:09:50",331000
28200,-200,200,"sd","14:08:50",330900
28300,-100,100,"sd","14:04:54",330700
28400,0,200,"bu","13:58:06",330600
28400,0,200,"bu","13:56:51",330400
28400,0,100,"bu","13:55:57",330200
28400,0,200,"bu","13:55:20",330100
28400,0,100,"bu","13:54:57",329900
28400,0,100,"bu","13:51:20",329800
28400,0,100,"bu","13:50:39",329700
28400,0,100,"bu","13:49:43",329600
28400,0,100,"bu","13:47:34",329500
28400,0,100,"bu","13:46:10",329400
28400,0,100,"bu","13:43:09",329300
28400,0,100,"bu","13:40:07",329200
28400,0,100,"bu","13:36:51",329100
28400,0,100,"bu","13:33:40",329000
28400,0,100,"bu","13:33:14",328900
28200,-200,300,"sd","13:33:10",328800
28000,-400,5000,"sd","13:33:06",328500
28200,-200,1200,"bu","13:32:54",323500
28400,0,100,"bu","13:32:09",322300
28400,0,200,"bu","13:30:30",322200
28200,-200,300,"bu","13:30:24",322000
28200,-200,2200,"sd","13:29:59",321700
28400,0,100,"bu","13:27:52",319500
28300,-100,300,"bu","13:27:14",319400
28300,-100,1500,"bu","13:27:05",319100
28300,-100,1100,"bu","13:26:56",317600
28300,-100,1100,"sd","13:26:47",316500
28300,-100,900,"bu","13:26:45",315400
28300,-100,1500,"bu","13:26:28",314500
28300,-100,3000,"bu","13:26:18",313000
28300,-100,1000,"bu","13:25:35",310000
28300,-100,2000,"bu","13:25:26",309000
28300,-100,700,"bu","13:25:15",307000
28300,-100,1400,"bu","13:25:07",306300
28300,-100,500,"bu","13:24:55",304900
28300,-100,1100,"bu","13:24:43",304400
28300,-100,1500,"bu","13:24:33",303300
28300,-100,1500,"bu","13:24:03",301800
28300,-100,1000,"bu","13:23:49",300300
28300,-100,3000,"bu","13:23:40",299300
28300,-100,300,"bu","13:23:27",296300
28300,-100,700,"sd","13:23:24",296000
28300,-100,500,"bu","13:23:13",295300
28300,-100,1000,"bu","13:22:45",294800
28300,-100,2000,"bu","13:22:37",293800
28300,-100,700,"bu","13:22:26",291800
28300,-100,500,"bu","13:22:15",291100
28300,-100,1500,"bu","13:21:35",290600
28300,-100,1000,"bu","13:21:03",289100
28300,-100,100,"bu","13:20:04",288100
28000,-400,200,"sd","13:17:00",288000
28100,-300,800,"bu","13:16:53",287800
28300,-100,100,"bu","13:15:59",287000
28300,-100,100,"bu","13:14:36",286900
28200,-200,200,"bu","13:12:20",286800
28300,-100,100,"bu","13:12:14",286600
28300,-100,100,"bu","13:08:51",286500
28300,-100,100,"bu","13:07:54",286400
28400,0,2000,"bu","13:05:50",286300
28300,-100,1000,"bu","13:04:19",284300
28300,-100,500,"bu","13:04:10",283300
28300,-100,1000,"bu","13:04:04",282800
28300,-100,1500,"bu","13:03:58",281800
28300,-100,2000,"bu","13:03:52",280300
28300,-100,800,"bu","13:03:40",278300
28300,-100,1000,"bu","13:03:29",277500
28300,-100,500,"bu","13:03:24",276500
28300,-100,300,"bu","13:03:20",276000
28400,0,1500,"bu","13:02:55",275700
28400,0,1200,"bu","13:02:52",274200
28400,0,1000,"bu","13:02:47",273000
28400,0,1100,"bu","13:02:43",272000
28400,0,500,"bu","13:02:27",270900
28400,0,1000,"bu","13:02:22",270400
28400,0,500,"bu","13:02:10",269400
28300,-100,100,"bu","11:27:58",268900
28400,0,200,"bu","11:26:50",268800
28400,0,100,"bu","11:22:53",268600
28400,0,200,"bu","11:20:53",268500
28400,0,500,"bu","11:20:37",268300
28300,-100,1000,"bu","11:20:34",267800
28300,-100,100,"bu","11:19:25",266800
28300,-100,200,"bu","11:17:53",266700
28300,-100,100,"bu","11:14:56",266500
28300,-100,100,"bu","11:09:04",266400
28300,-100,200,"bu","11:07:57",266300
28300,-100,600,"unknown","11:06:59",266100
28300,-100,3000,"bu","11:06:55",265500
28300,-100,1400,"bu","11:06:44",262500
28300,-100,1600,"bu","11:06:40",261100
28300,-100,1300,"bu","11:06:35",259500
28300,-100,1100,"bu","11:06:31",258200
28300,-100,200,"unknown","11:03:07",257100
28300,-100,1500,"bu","11:03:00",256900
28300,-100,2200,"bu","11:02:51",255400
28300,-100,1100,"bu","11:02:45",253200
28300,-100,3000,"bu","11:02:41",252100
28300,-100,2000,"bu","11:02:37",249100
28300,-100,1000,"bu","11:02:34",247100
28300,-100,3400,"bu","11:02:30",246100
28300,-100,2300,"bu","11:02:26",242700
28300,-100,1200,"bu","11:02:22",240400
28300,-100,100,"sd","11:02:21",239200
28400,0,400,"bu","10:53:48",239100
28400,0,800,"bu","10:53:01",238700
28400,0,1000,"bu","10:52:50",237900
28400,0,700,"bu","10:52:42",236900
28400,0,2000,"bu","10:52:31",236200
28400,0,1500,"bu","10:52:23",234200
28400,0,200,"bu","10:51:39",232700
28400,0,500,"bu","10:51:32",232500
28400,0,2000,"bu","10:51:23",232000
28400,0,1000,"bu","10:50:55",230000
28400,0,400,"bu","10:50:44",229000
28400,0,200,"bu","10:50:35",228600
28400,0,400,"bu","10:50:27",228400
28400,0,800,"bu","10:50:19",228000
28400,0,1100,"bu","10:50:10",227200
28400,0,500,"bu","10:49:25",226100
28400,0,500,"bu","10:49:04",225600
28300,-100,2500,"bu","10:48:55",225100
28300,-100,2000,"bu","10:48:46",222600
28300,-100,100,"sd","10:48:32",220600
28400,0,200,"bu","10:47:18",220500
28400,0,100,"bu","10:46:56",220300
28400,0,100,"bu","10:45:09",220200
28400,0,100,"bu","10:44:32",220100
28400,0,100,"bu","10:42:07",220000
28400,0,100,"bu","10:41:46",219900
28400,0,100,"bu","10:40:03",219800
28400,0,100,"bu","10:35:08",219700
28400,0,200,"bu","10:35:00",219600
28400,0,1200,"bu","10:32:32",219400
28400,0,100,"bu","10:32:24",218200
28400,0,1000,"bu","10:32:21",218100
28400,0,100,"bu","10:31:42",217100
28400,0,100,"bu","10:29:39",217000
28400,0,100,"bu","10:28:07",216900
28400,0,100,"sd","10:23:20",216800
28400,0,500,"unknown","10:22:57",216700
28400,0,1000,"bu","10:22:54",216200
28400,0,300,"unknown","10:22:25",215200
28400,0,1000,"bu","10:22:21",214900
28400,0,2000,"bu","10:22:18",213900
28400,0,4000,"bu","10:22:15",211900
28400,0,3000,"bu","10:22:11",207900
28400,0,1000,"bu","10:22:07",204900
28400,0,2500,"bu","10:22:00",203900
28400,0,2000,"bu","10:21:57",201400
28400,0,200,"sd","10:21:52",199400
28400,0,800,"bu","10:21:51",199200
28400,0,1800,"bu","10:21:47",198400
28400,0,1400,"bu","10:21:43",196600
28400,0,1400,"bu","10:21:28",195200
28400,0,100,"bu","10:18:27",193800
28400,0,2000,"bu","10:18:24",193700
28400,0,1000,"bu","10:17:21",191700
28400,0,2000,"bu","10:17:18",190700
28400,0,1000,"bu","10:17:11",188700
28400,0,500,"bu","10:17:07",187700
28400,0,300,"bu","10:17:02",187200
28400,0,100,"bu","10:16:58",186900
28400,0,800,"bu","10:16:55",186800
28400,0,600,"bu","10:16:51",186000
28400,0,400,"bu","10:16:48",185400
28400,0,200,"bu","10:16:45",185000
28400,0,1000,"bu","10:16:41",184800
28400,0,3000,"bu","10:16:38",183800
28400,0,500,"bu","10:16:32",180800
28400,0,1000,"bu","10:16:23",180300
28400,0,100,"bu","10:15:15",179300
28400,0,200,"unknown","10:12:42",179200
28400,0,1000,"bu","10:12:39",179000
28400,0,4000,"bu","10:12:34",178000
28400,0,3000,"bu","10:12:30",174000
28400,0,1000,"bu","10:12:20",171000
28400,0,2000,"bu","10:12:16",170000
28400,0,1500,"bu","10:12:12",168000
28400,0,3000,"bu","10:12:09",166500
28400,0,1000,"bu","10:12:02",163500
28400,0,2200,"bu","10:11:57",162500
28400,0,1100,"bu","10:11:51",160300
28400,0,200,"unknown","10:11:31",159200
28400,0,1500,"bu","10:11:28",159000
28400,0,200,"bu","10:07:15",157500
28400,0,100,"bu","10:06:36",157300
28400,0,200,"bu","10:04:13",157200
28400,0,100,"bu","10:02:28",157000
28400,0,200,"bu","10:00:38",156900
28400,0,100,"bu","09:59:04",156700
28400,0,1000,"bu","09:59:01",156600
28400,0,2000,"bu","09:58:57",155600
28400,0,1500,"bu","09:58:50",153600
28400,0,400,"bu","09:58:44",152100
28400,0,1600,"sd","09:58:41",151700
28400,0,2300,"bu","09:58:36",150100
28400,0,1200,"bu","09:58:33",147800
28400,0,4400,"bu","09:58:26",146600
28400,0,3300,"bu","09:58:22",142200
28400,0,2200,"bu","09:58:19",138900
28400,0,800,"unknown","09:58:06",136700
28400,0,2000,"bu","09:58:03",135900
28400,0,200,"bu","09:52:18",133900
28400,0,100,"bu","09:51:16",133700
28400,0,300,"unknown","09:50:24",133600
28400,0,1500,"bu","09:50:17",133300
28400,0,3000,"bu","09:50:09",131800
28400,0,2000,"bu","09:50:02",128800
28400,0,200,"bu","09:49:57",126800
28400,0,800,"sd","09:49:52",126600
28400,0,900,"bu","09:48:44",125800
28400,0,1000,"bu","09:48:33",124900
28400,0,1200,"bu","09:48:21",123900
28400,0,100,"sd","09:48:13",122700
28400,0,900,"bu","09:48:09",122600
28400,0,600,"bu","09:47:55",121700
28400,0,1000,"bu","09:47:47",121100
28400,0,2000,"bu","09:47:38",120100
28400,0,500,"bu","09:47:26",118100
28400,0,1000,"bu","09:46:56",117600
28400,0,900,"bu","09:46:48",116600
28400,0,400,"sd","09:46:41",115700
28400,0,100,"sd","09:46:35",115300
28400,0,1000,"bu","09:46:25",115200
28400,0,700,"bu","09:46:17",114200
28400,0,1500,"bu","09:46:09",113500
28400,0,300,"bu","09:46:00",112000
28400,0,400,"bu","09:45:52",111700
28500,100,1000,"bu","09:45:38",111300
28400,0,200,"bu","09:45:30",110300
28400,0,400,"bu","09:45:21",110100
28400,0,200,"bu","09:45:15",109700
28400,0,600,"bu","09:44:29",109500
28400,0,1000,"bu","09:44:19",108900
28400,0,200,"bu","09:44:10",107900
28500,100,500,"bu","09:43:58",107700
28400,0,300,"bu","09:43:50",107200
28400,0,1500,"bu","09:43:40",106900
28400,0,200,"bu","09:43:31",105400
28400,0,1000,"bu","09:42:58",105200
28400,0,300,"bu","09:42:48",104200
28400,0,500,"bu","09:42:39",103900
28400,0,600,"bu","09:42:30",103400
28500,100,1500,"bu","09:42:17",102800
28400,0,500,"bu","09:42:06",101300
28400,0,1100,"bu","09:41:59",100800
28400,0,100,"bu","09:41:52",99700
28500,100,2000,"bu","09:40:54",99600
28500,100,1500,"bu","09:40:29",97600
28500,100,1000,"bu","09:40:19",96100
28500,100,500,"bu","09:40:11",95100
28500,100,400,"bu","09:39:44",94600
28500,100,1000,"bu","09:39:05",94200
28500,100,400,"bu","09:38:55",93200
28500,100,2000,"bu","09:38:34",92800
28400,0,500,"bu","09:38:23",90800
28400,0,1000,"bu","09:38:14",90300
28400,0,100,"bu","09:37:56",89300
28400,0,300,"bu","09:37:47",89200
28400,0,400,"bu","09:37:40",88900
28400,0,100,"unknown","09:35:27",88500
28400,0,1000,"bu","09:35:23",88400
28400,0,500,"bu","09:35:12",87400
28400,0,200,"bu","09:35:07",86900
28400,0,100,"bu","09:31:09",86700
28400,0,100,"bu","09:28:22",86600
28500,100,200,"bu","09:27:43",86500
28500,100,500,"bu","09:27:39",86300
28500,100,1000,"bu","09:27:21",85800
28400,0,1300,"bu","09:27:17",84800
28400,0,1400,"bu","09:27:12",83500
28400,0,1200,"bu","09:27:08",82100
28400,0,400,"sd","09:27:01",80900
28400,0,600,"bu","09:26:56",80500
28400,0,500,"bu","09:26:42",79900
28400,0,700,"bu","09:26:34",79400
28400,0,1500,"bu","09:26:29",78700
28400,0,300,"bu","09:26:24",77200
28400,0,200,"bu","09:26:19",76900
28400,0,500,"bu","09:26:14",76700
28400,0,1000,"bu","09:26:11",76200
28500,100,1000,"bu","09:25:42",75200
28500,100,1500,"bu","09:25:36",74200
28500,100,1200,"bu","09:25:23",72700
28500,100,100,"sd","09:25:14",71500
28500,100,1200,"sd","09:25:12",71400
28500,100,1400,"bu","09:25:05",70200
28500,100,1100,"bu","09:25:01",68800
28500,100,100,"sd","09:24:56",67700
28500,100,1900,"bu","09:24:47",67600
28500,100,1500,"bu","09:24:42",65700
28500,100,2000,"bu","09:24:36",64200
28500,100,300,"bu","09:24:05",62200
28500,100,1000,"bu","09:24:00",61900
28500,100,500,"bu","09:23:57",60900
28500,100,300,"bu","09:22:24",60400
28500,100,2000,"bu","09:22:14",60100
28500,100,1500,"bu","09:22:07",58100
28500,100,900,"bu","09:21:50",56600
28500,100,200,"bu","09:20:14",55700
28500,100,100,"bu","09:18:16",55500
28500,100,500,"bu","09:18:12",55400
28500,100,300,"bu","09:18:09",54900
28500,100,200,"bu","09:18:04",54600
28500,100,300,"bu","09:17:54",54400
28500,100,200,"bu","09:17:49",54100
28500,100,500,"bu","09:16:39",53900
28500,100,1500,"bu","09:16:25",53400
28500,100,1000,"bu","09:13:29",51900
28500,100,1200,"bu","09:13:24",50900
28500,100,100,"bu","09:13:20",49700
28700,300,100,"bu","09:08:24",49600
28700,300,1600,"bu","09:06:57",49500
28700,300,1400,"bu","09:06:52",47900
28700,300,1200,"bu","09:06:47",46500
28700,300,1500,"bu","09:06:42",45300
28700,300,1300,"bu","09:06:37",43800
28700,300,1100,"bu","09:06:32",42500
28400,0,100,"sd","09:06:07",41400
28900,500,2000,"bu","09:06:06",41300
28900,500,3000,"bu","09:06:02",39300
28900,500,1000,"bu","09:05:51",36300
28900,500,400,"bu","09:05:36",35300
28900,500,500,"bu","09:05:31",34900
28900,500,1100,"bu","09:05:24",34400
28900,500,1300,"bu","09:05:03",33300
29000,600,100,"bu","09:04:51",32000
29000,600,500,"bu","09:04:46",31900
28900,500,800,"bu","09:04:39",31400
28900,500,1100,"bu","09:04:36",30600
28900,500,500,"bu","09:04:29",29500
28900,500,1200,"bu","09:04:25",29000
28900,500,1000,"bu","09:04:01",27800
29000,600,1000,"bu","09:03:44",26800
29000,600,1200,"bu","09:03:02",25800
29000,600,1000,"bu","09:02:54",24600
29000,600,2500,"bu","09:02:49",23600
29000,600,1100,"bu","09:02:41",21100
29000,600,2000,"bu","09:02:32",20000
28900,500,3000,"bu","09:02:26",18000
28900,500,2000,"bu","09:02:17",15000
28700,300,100,"unknown","09:02:09",13000
28900,500,200,"sd","09:01:52",12900
28900,500,400,"sd","09:01:34",12700
29000,600,2200,"bu","09:01:33",12300
28900,500,4200,"bu","09:01:27",10100
28700,300,2900,"sd","09:01:20",5900
28600,200,3000,"bu","09:00:26",3000
