"price","change","match_qtty","side","time","total_vol"
25350,350,128100,"unknown","14:45:03",2433800
25350,350,100,"bu","14:29:41",2305700
25300,300,100,"bu","14:29:30",2305600
25300,300,500,"sd","14:29:23",2305500
25300,300,500,"bu","14:29:21",2305000
25300,300,4500,"sd","14:29:09",2304500
25300,300,1000,"sd","14:29:06",2300000
25300,300,500,"bu","14:28:57",2299000
25200,200,500,"sd","14:28:51",2298500
25300,300,900,"bu","14:28:48",2298000
25300,300,100,"bu","14:28:48",2297100
25200,200,400,"sd","14:28:38",2297000
25200,200,100,"sd","14:28:38",2296600
25200,200,600,"sd","14:28:38",2296500
25200,200,900,"sd","14:28:38",2295900
25200,200,100,"sd","14:28:30",2295000
25200,200,2900,"sd","14:28:30",2294900
25200,200,2100,"bu","14:28:29",2292000
25150,150,400,"sd","14:28:27",2289900
25150,150,100,"sd","14:28:27",2289500
25150,150,500,"sd","14:28:27",2289400
25200,200,700,"bu","14:28:27",2288900
25200,200,300,"bu","14:28:26",2288200
25200,200,2000,"bu","14:28:24",2287900
25200,200,1500,"bu","14:28:22",2285900
25200,200,500,"bu","14:28:20",2284400
25200,200,100,"bu","14:28:20",2283900
25200,200,100,"bu","14:28:13",2283800
25200,200,500,"bu","14:28:09",2283700
25200,200,600,"bu","14:28:09",2283200
25200,200,500,"sd","14:28:07",2282600
25200,200,1100,"sd","14:28:07",2282100
25200,200,100,"sd","14:28:05",2281000
25200,200,500,"sd","14:28:05",2280900
25200,200,4500,"sd","14:28:05",2280400
25200,200,2000,"bu","14:28:04",2275900
25200,200,300,"bu","14:28:04",2273900
25200,200,1000,"bu","14:27:59",2273600
25200,200,200,"bu","14:27:46",2272600
25200,200,300,"bu","14:27:34",2272400
25200,200,100,"bu","14:27:32",2272100
25200,200,100,"bu","14:27:19",2272000
25200,200,1200,"bu","14:27:18",2271900
25150,150,500,"sd","14:26:51",2270700
25150,150,1000,"sd","14:26:51",2270200
25150,150,500,"sd","14:26:51",2269200
25150,150,200,"sd","14:26:51",2268700
25150,150,1000,"sd","14:26:51",2268500
25150,150,5800,"sd","14:26:51",2267500
25150,150,500,"sd","14:26:47",2261700
25150,150,5800,"bu","14:26:40",2261200
25150,150,5000,"bu","14:26:39",2255400
25150,150,1500,"sd","14:26:38",2250400
25150,150,500,"sd","14:26:38",2248900
25150,150,3000,"sd","14:26:38",2248400
25150,150,100,"sd","14:26:38",2245400
25150,150,300,"sd","14:26:38",2245300
25150,150,600,"sd","14:26:38",2245000
25150,150,100,"sd","14:26:38",2244400
25150,150,100,"sd","14:26:38",2244300
25150,150,3000,"sd","14:26:38",2244200
25150,150,300,"sd","14:26:38",2241200
25150,150,300,"sd","14:26:38",2240900
25150,150,100,"sd","14:26:38",2240600
25150,150,200,"sd","14:26:38",2240500
25150,150,5000,"sd","14:26:38",2240300
25150,150,500,"sd","14:26:38",2235300
25150,150,300,"sd","14:26:38",2234800
25150,150,100,"sd","14:26:38",2234500
25150,150,100,"sd","14:26:38",2234400
25150,150,1000,"sd","14:26:38",2234300
25150,150,2100,"sd","14:26:38",2233300
25200,200,100,"bu","14:26:18",2231200
25200,200,200,"bu","14:26:15",2231100
25200,200,500,"bu","14:26:06",2230900
25200,200,2500,"bu","14:26:04",2230400
25200,200,3000,"bu","14:26:04",2227900
25200,200,500,"bu","14:26:04",2224900
25200,200,2000,"bu","14:26:04",2224400
25200,200,500,"sd","14:26:04",2222400
25200,200,1000,"sd","14:26:04",2221900
25200,200,100,"sd","14:26:04",2220900
25200,200,200,"sd","14:26:04",2220800
25200,200,500,"sd","14:26:04",2220600
25200,200,200,"sd","14:26:04",2220100
25200,200,200,"sd","14:26:04",2219900
25200,200,100,"sd","14:26:04",2219700
25200,200,1000,"sd","14:26:04",2219600
25200,200,1900,"sd","14:26:04",2218600
25250,250,1000,"sd","14:26:04",2216700
25250,250,1000,"sd","14:26:04",2215700
25250,250,3000,"sd","14:26:04",2214700
25300,300,800,"sd","14:26:04",2211700
25300,300,100,"bu","14:26:02",2210900
25300,300,1000,"bu","14:26:02",2210800
25300,300,100,"bu","14:26:02",2209800
25300,300,500,"bu","14:25:59",2209700
25250,250,200,"sd","14:25:58",2209200
25300,300,300,"bu","14:25:52",2209000
25250,250,1500,"sd","14:25:40",2208700
25300,300,1000,"bu","14:25:40",2207200
25300,300,100,"bu","14:25:25",2206200
25250,250,300,"bu","14:25:24",2206100
25250,250,300,"sd","14:25:24",2205800
25250,250,500,"sd","14:25:24",2205500
25250,250,200,"sd","14:25:24",2205000
25250,250,2700,"sd","14:25:24",2204800
25250,250,100,"sd","14:25:15",2202100
25250,250,2000,"bu","14:25:06",2202000
25250,250,200,"bu","14:25:06",2200000
25250,250,500,"sd","14:24:55",2199800
25250,250,500,"sd","14:24:55",2199300
25250,250,300,"sd","14:24:55",2198800
25250,250,500,"sd","14:24:55",2198500
25250,250,600,"sd","14:24:53",2198000
25300,300,400,"bu","14:24:53",2197400
25300,300,600,"bu","14:24:49",2197000
25250,250,500,"sd","14:24:35",2196400
25200,200,1700,"sd","14:23:54",2195900
25300,300,1400,"bu","14:23:45",2194200
25300,300,100,"bu","14:23:45",2192800
25300,300,100,"bu","14:23:45",2192700
25300,300,8200,"bu","14:23:45",2192600
25250,250,200,"bu","14:23:45",2184400
25250,250,300,"sd","14:23:43",2184200
25250,250,3800,"sd","14:23:43",2183900
25250,250,200,"sd","14:23:43",2180100
25300,300,5000,"bu","14:23:43",2179900
25300,300,1000,"bu","14:23:38",2174900
25300,300,1000,"bu","14:23:38",2173900
25300,300,100,"bu","14:23:37",2172900
25300,300,1700,"bu","14:23:37",2172800
25250,250,500,"sd","14:23:37",2171100
25300,300,500,"sd","14:22:59",2170600
25300,300,2800,"sd","14:22:49",2170100
25300,300,5000,"sd","14:22:49",2167300
25300,300,1000,"sd","14:22:49",2162300
25300,300,200,"sd","14:22:49",2161300
25300,300,400,"sd","14:22:49",2161100
25300,300,300,"sd","14:22:49",2160700
25300,300,100,"sd","14:22:49",2160400
25300,300,4000,"sd","14:22:49",2160300
25300,300,4200,"sd","14:22:49",2156300
25350,350,2000,"sd","14:22:39",2152100
25350,350,1000,"sd","14:22:27",2150100
25350,350,800,"bu","14:22:26",2149100
25350,350,100,"bu","14:22:26",2148300
25300,300,5400,"sd","14:22:13",2148200
25350,350,5000,"sd","14:21:56",2142800
25350,350,400,"sd","14:21:56",2137800
25350,350,5000,"sd","14:21:56",2137400
25350,350,5000,"sd","14:21:56",2132400
25350,350,2000,"sd","14:21:56",2127400
25350,350,300,"sd","14:21:56",2125400
25350,350,2000,"sd","14:21:56",2125100
25350,350,5000,"sd","14:21:56",2123100
25350,350,200,"sd","14:21:56",2118100
25350,350,100,"sd","14:21:45",2117900
25400,400,1200,"sd","14:21:43",2117800
25400,400,800,"sd","14:21:43",2116600
25400,400,100,"sd","14:21:43",2115800
25400,400,200,"sd","14:21:43",2115700
25400,400,1000,"sd","14:21:43",2115500
25400,400,400,"sd","14:21:43",2114500
25400,400,500,"sd","14:21:28",2114100
25400,400,4000,"sd","14:21:25",2113600
25400,400,5000,"sd","14:21:03",2109600
25400,400,600,"sd","14:21:03",2104600
25400,400,100,"sd","14:21:03",2104000
25400,400,200,"sd","14:21:03",2103900
25400,400,1000,"sd","14:21:03",2103700
25400,400,100,"sd","14:21:03",2102700
25400,400,3000,"sd","14:21:03",2102600
25450,450,100,"bu","14:21:02",2099600
25450,450,600,"bu","14:20:48",2099500
25450,450,900,"bu","14:20:48",2098900
25450,450,100,"bu","14:20:41",2098000
25450,450,900,"bu","14:20:41",2097900
25450,450,100,"sd","14:20:27",2097000
25450,450,300,"sd","14:20:27",2096900
25400,400,500,"sd","14:20:19",2096600
25450,450,700,"bu","14:20:19",2096100
25450,450,200,"sd","14:20:18",2095400
25450,450,100,"sd","14:20:18",2095200
25450,450,100,"sd","14:20:14",2095100
25450,450,1700,"sd","14:19:48",2095000
25450,450,800,"sd","14:19:48",2093300
25450,450,500,"sd","14:19:47",2092500
25450,450,2100,"sd","14:19:33",2092000
25450,450,100,"sd","14:19:23",2089900
25450,450,600,"sd","14:19:21",2089800
25450,450,500,"sd","14:19:21",2089200
25450,450,400,"sd","14:19:21",2088700
25450,450,600,"bu","14:19:10",2088300
25450,450,900,"bu","14:19:03",2087700
25450,450,100,"bu","14:19:03",2086800
25450,450,200,"bu","14:18:46",2086700
25450,450,100,"bu","14:18:25",2086500
25450,450,1000,"sd","14:18:16",2086400
25450,450,1000,"sd","14:18:16",2085400
25450,450,100,"sd","14:18:16",2084400
25450,450,200,"sd","14:17:51",2084300
25450,450,200,"sd","14:17:37",2084100
25500,500,800,"bu","14:16:29",2083900
25450,450,500,"sd","14:16:27",2083100
25450,450,200,"sd","14:16:27",2082600
25450,450,300,"sd","14:16:27",2082400
25500,500,1000,"sd","14:16:25",2082100
25500,500,2000,"sd","14:16:11",2081100
25450,450,1900,"sd","14:15:42",2079100
25500,500,200,"sd","14:15:42",2077200
25500,500,2000,"bu","14:15:41",2077000
25500,500,300,"bu","14:15:41",2075000
25500,500,500,"bu","14:15:41",2074700
25450,450,2400,"sd","14:15:22",2074200
25450,450,400,"sd","14:15:22",2071800
25450,450,500,"sd","14:15:22",2071400
25450,450,1200,"sd","14:15:22",2070900
25500,500,100,"sd","14:15:09",2069700
25500,500,200,"sd","14:15:09",2069600
25500,500,700,"sd","14:15:06",2069400
25550,550,3000,"bu","14:15:05",2068700
25550,550,2000,"bu","14:15:05",2065700
25500,500,100,"sd","14:15:05",2063700
25500,500,100,"bu","14:14:52",2063600
25500,500,1900,"bu","14:14:52",2063500
25500,500,600,"bu","14:14:47",2061600
25500,500,500,"bu","14:14:39",2061000
25500,500,1200,"bu","14:14:30",2060500
25500,500,500,"bu","14:14:30",2059300
25500,500,2000,"bu","14:14:30",2058800
25500,500,500,"bu","14:14:30",2056800
25500,500,1000,"bu","14:14:30",2056300
25500,500,4800,"bu","14:14:30",2055300
25500,500,200,"bu","14:14:26",2050500
25500,500,200,"bu","14:14:26",2050300
25500,500,100,"bu","14:14:05",2050100
25500,500,1000,"bu","14:13:59",2050000
25500,500,200,"bu","14:13:51",2049000
25500,500,500,"bu","14:13:42",2048800
25500,500,500,"bu","14:13:42",2048300
25500,500,500,"bu","14:13:31",2047800
25500,500,2000,"bu","14:13:31",2047300
25500,500,2000,"bu","14:13:31",2045300
25500,500,3500,"bu","14:13:31",2043300
25500,500,2000,"bu","14:13:31",2039800
25450,450,1000,"sd","14:13:25",2037800
25450,450,600,"bu","14:13:21",2036800
25450,450,200,"sd","14:13:18",2036200
25450,450,700,"sd","14:13:18",2036000
25500,500,100,"bu","14:13:12",2035300
25500,500,400,"bu","14:13:01",2035200
25500,500,500,"bu","14:13:01",2034800
25500,500,300,"bu","14:13:01",2034300
25500,500,1800,"bu","14:13:01",2034000
25450,450,14300,"sd","14:13:01",2032200
25450,450,500,"sd","14:13:01",2017900
25450,450,9500,"bu","14:12:31",2017400
25450,450,5000,"bu","14:12:29",2007900
25450,450,1000,"bu","14:12:29",2002900
25400,400,300,"sd","14:12:03",2001900
25400,400,100,"sd","14:12:03",2001600
25450,450,200,"sd","14:12:03",2001500
25450,450,500,"sd","14:12:03",2001300
25450,450,500,"sd","14:11:50",2000800
25400,400,100,"bu","14:11:09",2000300
25350,350,1000,"sd","14:10:30",2000200
25300,300,400,"sd","14:09:55",1999200
25300,300,1000,"sd","14:09:55",1998800
25300,300,2600,"sd","14:09:55",1997800
25300,300,2400,"sd","14:09:42",1995200
25300,300,1000,"sd","14:09:42",1992800
25300,300,5000,"sd","14:09:42",1991800
25300,300,500,"sd","14:09:42",1986800
25300,300,100,"sd","14:09:42",1986300
25350,350,500,"sd","14:09:42",1986200
25350,350,100,"sd","14:09:42",1985700
25350,350,300,"sd","14:09:42",1985600
25450,450,100,"sd","14:09:42",1985300
25500,500,3200,"sd","14:09:34",1985200
25500,500,100,"sd","14:09:26",1982000
25500,500,500,"sd","14:09:23",1981900
25500,500,1000,"sd","14:09:23",1981400
25500,500,500,"sd","14:09:19",1980400
25500,500,100,"sd","14:09:17",1979900
25500,500,3000,"sd","14:09:14",1979800
25500,500,5000,"sd","14:08:42",1976800
25500,500,500,"bu","14:08:37",1971800
25500,500,200,"bu","14:08:37",1971300
25500,500,100,"bu","14:08:37",1971100
25500,500,100,"bu","14:08:37",1971000
25500,500,5000,"bu","14:08:37",1970900
25500,500,5000,"bu","14:08:37",1965900
25500,500,100,"bu","14:08:37",1960900
25500,500,100,"bu","14:08:37",1960800
25500,500,500,"bu","14:08:37",1960700
25500,500,200,"bu","14:08:37",1960200
25500,500,5000,"bu","14:08:37",1960000
25500,500,1000,"bu","14:08:37",1955000
25500,500,2700,"bu","14:08:37",1954000
25500,500,3000,"bu","14:08:37",1951300
25500,500,200,"bu","14:08:37",1948300
25500,500,10000,"bu","14:08:37",1948100
25450,450,1000,"bu","14:08:37",1938100
25450,450,1100,"bu","14:08:37",1937100
25450,450,100,"bu","14:08:37",1936000
25450,450,100,"bu","14:08:37",1935900
25450,450,200,"bu","14:08:37",1935800
25400,400,400,"bu","14:08:37",1935600
25400,400,200,"bu","14:08:34",1935200
25400,400,100,"bu","14:08:34",1935000
25400,400,300,"bu","14:08:34",1934900
25400,400,700,"bu","14:08:13",1934600
25400,400,300,"bu","14:08:09",1933900
25400,400,200,"bu","14:08:09",1933600
25400,400,800,"bu","14:08:09",1933400
25400,400,100,"bu","14:08:08",1932600
25400,400,100,"bu","14:08:08",1932500
25400,400,500,"bu","14:08:07",1932400
25400,400,1100,"bu","14:08:07",1931900
25400,400,5000,"bu","14:08:00",1930800
25400,400,1000,"bu","14:07:53",1925800
25400,400,1000,"bu","14:07:40",1924800
25400,400,1800,"bu","14:07:22",1923800
25400,400,100,"bu","14:07:16",1922000
25400,400,4900,"bu","14:07:16",1921900
25400,400,100,"bu","14:07:12",1917000
25400,400,100,"bu","14:07:12",1916900
25350,350,100,"sd","14:06:58",1916800
25400,400,500,"bu","14:06:50",1916700
25400,400,200,"bu","14:06:49",1916200
25400,400,300,"bu","14:06:49",1916000
25350,350,100,"bu","14:06:36",1915700
25350,350,100,"bu","14:06:35",1915600
25350,350,500,"bu","14:06:30",1915500
25350,350,300,"bu","14:06:29",1915000
25350,350,200,"bu","14:06:22",1914700
25350,350,500,"bu","14:06:21",1914500
25350,350,400,"bu","14:06:20",1914000
25350,350,100,"bu","14:06:20",1913600
25350,350,200,"bu","14:06:03",1913500
25350,350,100,"bu","14:05:59",1913300
25350,350,2900,"bu","14:05:45",1913200
25350,350,2400,"bu","14:05:45",1910300
25300,300,1200,"unknown","14:05:45",1907900
25300,300,3300,"bu","14:05:45",1906700
25300,300,200,"bu","14:05:45",1903400
25300,300,1000,"bu","14:05:42",1903200
25300,300,800,"bu","14:05:38",1902200
25300,300,200,"bu","14:05:38",1901400
25250,250,100,"sd","14:05:26",1901200
25250,250,10800,"sd","14:05:15",1901100
25250,250,4500,"sd","14:05:15",1890300
25250,250,100,"bu","14:05:13",1885800
25250,250,1200,"bu","14:05:08",1885700
25250,250,2400,"bu","14:05:06",1884500
25250,250,500,"bu","14:05:02",1882100
25200,200,4700,"sd","14:05:01",1881600
25250,250,500,"bu","14:04:56",1876900
25200,200,200,"sd","14:04:48",1876400
25200,200,1500,"sd","14:04:28",1876200
25200,200,1000,"sd","14:04:28",1874700
25200,200,500,"sd","14:04:28",1873700
25200,200,500,"sd","14:04:28",1873200
25200,200,2500,"sd","14:04:28",1872700
25250,250,100,"bu","14:04:20",1870200
25250,250,300,"bu","14:04:16",1870100
25250,250,400,"sd","14:04:10",1869800
25250,250,400,"bu","14:04:03",1869400
25250,250,200,"bu","14:04:03",1869000
25250,250,800,"bu","14:03:54",1868800
25250,250,200,"bu","14:03:54",1868000
25200,200,2700,"sd","14:03:42",1867800
25250,250,300,"sd","14:03:42",1865100
25250,250,200,"sd","14:03:39",1864800
25250,250,700,"sd","14:03:39",1864600
25250,250,500,"sd","14:03:39",1863900
25250,250,100,"sd","14:03:39",1863400
25250,250,1900,"bu","14:02:53",1863300
25250,250,100,"bu","14:02:52",1861400
25250,250,200,"bu","14:02:52",1861300
25250,250,300,"bu","14:02:52",1861100
25250,250,500,"bu","14:02:52",1860800
25200,200,100,"sd","14:02:29",1860300
25200,200,500,"sd","14:02:20",1860200
25200,200,500,"sd","14:02:00",1859700
25200,200,100,"sd","14:01:59",1859200
25200,200,1000,"sd","14:01:55",1859100
25200,200,1000,"sd","14:01:52",1858100
25200,200,1600,"sd","14:01:44",1857100
25200,200,1900,"sd","14:01:44",1855500
25200,200,100,"sd","14:01:37",1853600
25200,200,1000,"sd","14:01:37",1853500
25250,250,300,"sd","14:01:11",1852500
25250,250,3700,"sd","14:01:11",1852200
25300,300,500,"bu","14:01:09",1848500
25300,300,500,"sd","14:01:02",1848000
25300,300,500,"sd","14:01:02",1847500
25300,300,500,"sd","14:01:02",1847000
25300,300,1000,"sd","14:01:02",1846500
25300,300,900,"sd","14:01:02",1845500
25300,300,100,"sd","14:00:53",1844600
25300,300,900,"sd","14:00:53",1844500
25350,350,1000,"bu","14:00:49",1843600
25300,300,100,"sd","14:00:49",1842600
25300,300,100,"sd","14:00:40",1842500
25300,300,200,"bu","14:00:33",1842400
25250,250,100,"sd","14:00:32",1842200
25300,300,200,"bu","14:00:27",1842100
25250,250,200,"sd","14:00:19",1841900
25250,250,100,"bu","14:00:11",1841700
25250,250,500,"bu","14:00:11",1841600
25250,250,400,"bu","14:00:11",1841100
25200,200,2000,"bu","13:59:57",1840700
25200,200,100,"bu","13:59:43",1838700
25150,150,2100,"sd","13:59:40",1838600
25200,200,500,"sd","13:59:40",1836500
25150,150,200,"sd","13:59:28",1836000
25200,200,600,"sd","13:59:28",1835800
25200,200,4100,"sd","13:59:25",1835200
25200,200,300,"bu","13:59:25",1831100
25150,150,2000,"sd","13:59:22",1830800
25150,150,3600,"bu","13:59:20",1828800
25150,150,100,"bu","13:59:16",1825200
25150,150,100,"unknown","13:59:16",1825100
25150,150,500,"sd","13:59:16",1825000
25150,150,200,"sd","13:59:16",1824500
25150,150,200,"sd","13:59:16",1824300
25150,150,500,"sd","13:59:16",1824100
25150,150,4800,"sd","13:59:16",1823600
25200,200,3500,"bu","13:59:15",1818800
25150,150,100,"sd","13:59:12",1815300
25200,200,1000,"bu","13:59:11",1815200
25200,200,500,"bu","13:59:04",1814200
25200,200,5100,"bu","13:59:02",1813700
25200,200,300,"bu","13:58:58",1808600
25150,150,100,"sd","13:58:55",1808300
25150,150,900,"sd","13:58:55",1808200
25150,150,100,"sd","13:58:42",1807300
25150,150,100,"sd","13:58:42",1807200
25200,200,1000,"bu","13:58:41",1807100
25150,150,100,"bu","13:58:25",1806100
25100,100,500,"sd","13:58:25",1806000
25100,100,500,"sd","13:58:25",1805500
25100,100,3000,"sd","13:58:25",1805000
25100,100,200,"sd","13:58:25",1802000
25100,100,100,"sd","13:58:25",1801800
25100,100,100,"sd","13:58:25",1801700
25100,100,100,"sd","13:58:25",1801600
25100,100,400,"sd","13:57:51",1801500
25100,100,100,"sd","13:57:48",1801100
25100,100,600,"sd","13:57:46",1801000
25100,100,700,"sd","13:57:46",1800400
25100,100,3000,"sd","13:57:46",1799700
25100,100,500,"sd","13:57:46",1796700
25100,100,200,"sd","13:57:46",1796200
25100,100,300,"sd","13:57:43",1796000
25100,100,100,"sd","13:57:43",1795700
25100,100,500,"sd","13:57:43",1795600
25100,100,500,"sd","13:57:43",1795100
25100,100,2600,"sd","13:57:43",1794600
25150,150,1000,"unknown","13:57:43",1792000
25100,100,2400,"sd","13:57:42",1791000
25100,100,1000,"sd","13:57:42",1788600
25100,100,5000,"sd","13:57:42",1787600
25100,100,1000,"sd","13:57:42",1782600
25100,100,300,"sd","13:57:42",1781600
25100,100,100,"sd","13:57:42",1781300
25150,150,200,"sd","13:57:42",1781200
25150,150,300,"bu","13:57:40",1781000
25150,150,500,"bu","13:57:39",1780700
25150,150,200,"bu","13:57:37",1780200
25150,150,9800,"bu","13:57:37",1780000
25150,150,100,"bu","13:57:28",1770200
25100,100,500,"sd","13:57:23",1770100
25150,150,200,"sd","13:57:17",1769600
25150,150,100,"sd","13:57:17",1769400
25150,150,3800,"sd","13:57:17",1769300
25150,150,2000,"sd","13:57:15",1765500
25150,150,600,"sd","13:57:14",1763500
25150,150,1000,"sd","13:57:14",1762900
25150,150,500,"sd","13:57:14",1761900
25150,150,400,"sd","13:57:14",1761400
25150,150,300,"sd","13:57:14",1761000
25150,150,1000,"sd","13:57:14",1760700
25150,150,500,"sd","13:57:14",1759700
25150,150,5700,"sd","13:57:14",1759200
25150,150,4300,"sd","13:57:08",1753500
25150,150,700,"sd","13:57:08",1749200
25150,150,300,"sd","13:57:07",1748500
25150,150,1000,"sd","13:57:07",1748200
25150,150,200,"sd","13:57:07",1747200
25150,150,100,"sd","13:57:05",1747000
25150,150,100,"sd","13:57:05",1746900
25150,150,100,"sd","13:57:02",1746800
25150,150,900,"sd","13:57:02",1746700
25150,150,1600,"sd","13:57:02",1745800
25200,200,100,"sd","13:56:46",1744200
25200,200,100,"sd","13:56:46",1744100
25200,200,500,"sd","13:56:46",1744000
25200,200,3300,"sd","13:56:46",1743500
25200,200,500,"sd","13:56:46",1740200
25200,200,200,"sd","13:56:45",1739700
25250,250,4600,"bu","13:56:44",1739500
25250,250,400,"bu","13:56:44",1734900
25200,200,1000,"sd","13:56:43",1734500
25200,200,3500,"sd","13:56:42",1733500
25200,200,100,"sd","13:56:42",1730000
25200,200,1000,"sd","13:56:42",1729900
25200,200,500,"sd","13:56:42",1728900
25200,200,2900,"sd","13:56:42",1728400
25250,250,100,"bu","13:56:37",1725500
25200,200,100,"sd","13:56:37",1725400
25200,200,500,"sd","13:56:37",1725300
25200,200,300,"sd","13:56:37",1724800
25200,200,100,"sd","13:56:37",1724500
25200,200,900,"sd","13:56:35",1724400
25200,200,5000,"sd","13:56:35",1723500
25200,200,200,"sd","13:56:35",1718500
25200,200,5000,"sd","13:56:35",1718300
25200,200,500,"sd","13:56:35",1713300
25200,200,200,"sd","13:56:35",1712800
25200,200,200,"sd","13:56:35",1712600
25250,250,100,"sd","13:56:33",1712400
25250,250,500,"sd","13:56:33",1712300
25250,250,1000,"sd","13:56:33",1711800
25250,250,1200,"sd","13:56:33",1710800
25250,250,800,"sd","13:56:21",1709600
25250,250,200,"sd","13:56:21",1708800
25250,250,1000,"sd","13:56:21",1708600
25250,250,2000,"sd","13:56:21",1707600
25250,250,500,"sd","13:56:21",1705600
25250,250,500,"sd","13:56:21",1705100
25300,300,1000,"sd","13:56:12",1704600
25300,300,300,"sd","13:56:12",1703600
25300,300,300,"sd","13:56:12",1703300
25300,300,100,"sd","13:56:12",1703000
25300,300,2000,"sd","13:56:12",1702900
25300,300,100,"sd","13:56:12",1700900
25300,300,100,"sd","13:56:12",1700800
25300,300,100,"sd","13:56:12",1700700
25300,300,1200,"sd","13:56:12",1700600
25300,300,1000,"sd","13:56:12",1699400
25300,300,4600,"sd","13:56:12",1698400
25300,300,2400,"sd","13:56:09",1693800
25300,300,1000,"sd","13:55:50",1691400
25300,300,6000,"sd","13:55:50",1690400
25350,350,5000,"bu","13:55:41",1684400
25350,350,600,"bu","13:55:37",1679400
25350,350,1000,"bu","13:55:37",1678800
25350,350,500,"sd","13:55:35",1677800
25350,350,1000,"sd","13:55:29",1677300
25350,350,500,"sd","13:55:25",1676300
25350,350,500,"sd","13:55:25",1675800
25350,350,500,"sd","13:55:21",1675300
25350,350,100,"sd","13:55:21",1674800
25350,350,500,"sd","13:55:21",1674700
25350,350,200,"sd","13:55:21",1674200
25350,350,5800,"sd","13:55:21",1674000
25350,350,100,"sd","13:55:12",1668200
25350,350,1800,"sd","13:55:05",1668100
25350,350,100,"sd","13:55:05",1666300
25350,350,300,"sd","13:55:05",1666200
25350,350,800,"sd","13:55:05",1665900
25400,400,800,"bu","13:55:03",1665100
25350,350,500,"sd","13:54:58",1664300
25350,350,700,"sd","13:54:09",1663800
25350,350,2300,"sd","13:54:09",1663100
25350,350,700,"sd","13:53:50",1660800
25350,350,1300,"sd","13:53:50",1660100
25350,350,700,"sd","13:53:45",1658800
25350,350,3800,"sd","13:53:45",1658100
25350,350,1000,"sd","13:53:43",1654300
25400,400,300,"bu","13:53:17",1653300
25400,400,300,"bu","13:52:25",1653000
25400,400,1000,"bu","13:52:02",1652700
25400,400,100,"bu","13:51:48",1651700
25400,400,800,"bu","13:51:32",1651600
25400,400,100,"bu","13:51:27",1650800
25400,400,500,"bu","13:51:27",1650700
25400,400,400,"bu","13:51:27",1650200
25400,400,100,"bu","13:51:15",1649800
25400,400,100,"bu","13:51:15",1649700
25400,400,3700,"bu","13:51:05",1649600
25350,350,200,"sd","13:50:03",1645900
25350,350,300,"sd","13:50:03",1645700
25350,350,1700,"sd","13:49:24",1645400
25350,350,10000,"sd","13:49:24",1643700
25350,350,2500,"sd","13:49:24",1633700
25350,350,800,"sd","13:49:24",1631200
25400,400,200,"bu","13:48:53",1630400
25400,400,200,"bu","13:48:27",1630200
25400,400,100,"bu","13:48:06",1630000
25400,400,200,"sd","13:48:00",1629900
25400,400,400,"sd","13:47:59",1629700
25400,400,100,"sd","13:47:59",1629300
25400,400,100,"sd","13:47:44",1629200
25400,400,300,"sd","13:47:44",1629100
25400,400,500,"sd","13:47:32",1628800
25400,400,200,"sd","13:47:28",1628300
25400,400,100,"sd","13:47:28",1628100
25400,400,100,"sd","13:47:28",1628000
25400,400,300,"sd","13:47:28",1627900
25400,400,300,"sd","13:47:28",1627600
25400,400,2000,"sd","13:47:15",1627300
25400,400,100,"sd","13:46:57",1625300
25400,400,500,"sd","13:46:39",1625200
25400,400,3000,"sd","13:46:27",1624700
25400,400,100,"sd","13:46:26",1621700
25400,400,400,"bu","13:45:49",1621600
25400,400,1000,"bu","13:45:49",1621200
25400,400,2600,"bu","13:45:49",1620200
25400,400,100,"bu","13:45:44",1617600
25400,400,100,"sd","13:45:07",1617500
25400,400,400,"sd","13:45:07",1617400
25400,400,300,"sd","13:45:07",1617000
25400,400,100,"sd","13:45:07",1616700
25400,400,1400,"sd","13:45:07",1616600
25400,400,2000,"sd","13:44:58",1615200
25400,400,200,"sd","13:44:25",1613200
25400,400,100,"sd","13:44:13",1613000
25400,400,300,"sd","13:43:56",1612900
25400,400,100,"sd","13:43:56",1612600
25400,400,600,"sd","13:43:56",1612500
25400,400,1000,"sd","13:43:24",1611900
25400,400,400,"sd","13:42:26",1610900
25400,400,500,"sd","13:42:26",1610500
25400,400,100,"sd","13:42:26",1610000
25400,400,400,"bu","13:41:57",1609900
25400,400,1000,"sd","13:41:51",1609500
25400,400,100,"sd","13:41:51",1608500
25400,400,1000,"sd","13:41:51",1608400
25400,400,200,"sd","13:41:51",1607400
25400,400,200,"sd","13:41:51",1607200
25400,400,1100,"sd","13:41:51",1607000
25400,400,1000,"bu","13:41:00",1605900
25400,400,5000,"bu","13:41:00",1604900
25400,400,200,"bu","13:41:00",1599900
25400,400,2700,"bu","13:41:00",1599700
25400,400,1000,"bu","13:40:59",1597000
25400,400,1000,"bu","13:40:48",1596000
25400,400,500,"bu","13:40:48",1595000
25400,400,1800,"bu","13:40:44",1594500
25400,400,100,"bu","13:40:34",1592700
25400,400,300,"bu","13:40:32",1592600
25400,400,5000,"bu","13:40:24",1592300
25350,350,1200,"sd","13:39:53",1587300
25350,350,200,"sd","13:39:53",1586100
25350,350,6000,"sd","13:39:53",1585900
25350,350,1000,"sd","13:39:53",1579900
25350,350,200,"sd","13:39:53",1578900
25350,350,100,"sd","13:38:43",1578700
25350,350,2200,"sd","13:38:40",1578600
25350,350,400,"sd","13:38:40",1576400
25350,350,1000,"sd","13:38:40",1576000
25350,350,1400,"sd","13:38:40",1575000
25350,350,800,"sd","13:38:28",1573600
25350,350,2800,"bu","13:38:23",1572800
25350,350,2900,"sd","13:38:15",1570000
25350,350,1000,"sd","13:38:15",1567100
25350,350,900,"sd","13:38:15",1566100
25350,350,100,"sd","13:38:13",1565200
25350,350,100,"sd","13:38:12",1565100
25350,350,100,"sd","13:38:06",1565000
25350,350,600,"sd","13:38:04",1564900
25350,350,100,"sd","13:37:57",1564300
25350,350,300,"sd","13:37:48",1564200
25350,350,1800,"sd","13:37:48",1563900
25350,350,2000,"sd","13:37:48",1562100
25350,350,200,"sd","13:37:48",1560100
25350,350,100,"sd","13:37:48",1559900
25350,350,4300,"sd","13:37:48",1559800
25350,350,900,"sd","13:37:48",1555500
25350,350,2700,"sd","13:37:48",1554600
25400,400,1000,"bu","13:37:46",1551900
25350,350,100,"sd","13:37:45",1550900
25350,350,100,"sd","13:37:27",1550800
25350,350,900,"sd","13:37:23",1550700
25400,400,3000,"bu","13:37:21",1549800
25350,350,2500,"sd","13:37:19",1546800
25350,350,1000,"sd","13:37:13",1544300
25350,350,2000,"sd","13:37:12",1543300
25350,350,300,"sd","13:36:58",1541300
25350,350,400,"sd","13:36:03",1541000
25350,350,300,"sd","13:36:03",1540600
25350,350,1800,"sd","13:36:03",1540300
25350,350,100,"sd","13:36:01",1538500
25350,350,1500,"sd","13:35:22",1538400
25400,400,2000,"sd","13:35:16",1536900
25400,400,200,"sd","13:35:16",1534900
25400,400,1400,"sd","13:35:16",1534700
25400,400,3500,"sd","13:35:13",1533300
25450,450,1000,"bu","13:34:19",1529800
25450,450,600,"sd","13:34:14",1528800
25450,450,200,"sd","13:34:12",1528200
25450,450,1000,"sd","13:34:12",1528000
25450,450,1400,"sd","13:34:12",1527000
25450,450,1000,"bu","13:33:57",1525600
25450,450,200,"sd","13:33:50",1524600
25450,450,100,"sd","13:33:50",1524400
25450,450,5000,"sd","13:33:50",1524300
25450,450,300,"sd","13:33:50",1519300
25450,450,1000,"sd","13:33:50",1519000
25450,450,1000,"sd","13:33:50",1518000
25450,450,2500,"sd","13:33:50",1517000
25450,450,1200,"sd","13:33:24",1514500
25450,450,600,"sd","13:33:24",1513300
25450,450,500,"sd","13:33:24",1512700
25450,450,1600,"sd","13:33:24",1512200
25450,450,2400,"sd","13:33:22",1510600
25450,450,400,"sd","13:32:16",1508200
25450,450,600,"sd","13:31:43",1507800
25450,450,100,"sd","13:31:42",1507200
25450,450,1000,"sd","13:31:42",1507100
25450,450,800,"sd","13:31:42",1506100
25500,500,400,"bu","13:31:39",1505300
25500,500,100,"bu","13:31:39",1504900
25500,500,100,"bu","13:31:39",1504800
25500,500,1000,"bu","13:31:39",1504700
25500,500,400,"bu","13:31:39",1503700
25450,450,4400,"sd","13:31:29",1503300
25500,500,200,"bu","13:30:44",1498900
25500,500,5000,"bu","13:30:38",1498700
25500,500,4400,"bu","13:30:23",1493700
25500,500,1900,"bu","13:30:23",1489300
25500,500,3000,"bu","13:30:23",1487400
25500,500,2000,"bu","13:30:23",1484400
25500,500,500,"bu","13:30:23",1482400
25500,500,200,"bu","13:30:23",1481900
25450,450,500,"sd","13:29:43",1481700
25450,450,500,"sd","13:29:16",1481200
25450,450,200,"sd","13:29:09",1480700
25450,450,300,"sd","13:28:45",1480500
25450,450,1000,"sd","13:28:36",1480200
25450,450,2000,"sd","13:28:29",1479200
25500,500,1000,"bu","13:28:19",1477200
25450,450,300,"sd","13:28:11",1476200
25450,450,500,"sd","13:28:11",1475900
25450,450,200,"sd","13:28:11",1475400
25500,500,100,"bu","13:27:55",1475200
25450,450,4800,"sd","13:27:27",1475100
25450,450,5000,"sd","13:27:27",1470300
25450,450,100,"sd","13:27:27",1465300
25450,450,100,"sd","13:27:27",1465200
25450,450,5000,"sd","13:27:27",1465100
25500,500,500,"bu","13:27:25",1460100
25500,500,500,"bu","13:27:15",1459600
25500,500,1000,"sd","13:27:08",1459100
25500,500,1700,"sd","13:27:08",1458100
25500,500,2000,"sd","13:27:04",1456400
25500,500,1000,"sd","13:27:04",1454400
25500,500,100,"sd","13:26:51",1453400
25500,500,500,"sd","13:26:35",1453300
25500,500,1000,"bu","13:26:34",1452800
25500,500,200,"bu","13:26:34",1451800
25500,500,3500,"bu","13:26:34",1451600
25500,500,2100,"bu","13:26:08",1448100
25500,500,500,"bu","13:26:08",1446000
25500,500,400,"bu","13:26:08",1445500
25500,500,1600,"bu","13:25:58",1445100
25500,500,1000,"bu","13:25:58",1443500
25500,500,100,"bu","13:25:58",1442500
25500,500,100,"bu","13:25:58",1442400
25500,500,100,"bu","13:25:58",1442300
25500,500,100,"bu","13:25:58",1442200
25500,500,500,"bu","13:25:56",1442100
25500,500,100,"bu","13:25:41",1441600
25450,450,1000,"sd","13:25:39",1441500
25500,500,200,"bu","13:25:29",1440500
25500,500,100,"bu","13:25:24",1440300
25500,500,300,"bu","13:25:19",1440200
25450,450,100,"sd","13:24:59",1439900
25450,450,3000,"sd","13:24:18",1439800
25450,450,100,"sd","13:23:25",1436800
25450,450,600,"sd","13:23:25",1436700
25450,450,100,"sd","13:23:25",1436100
25450,450,200,"sd","13:23:25",1436000
25450,450,800,"sd","13:23:25",1435800
25450,450,200,"sd","13:23:25",1435000
25500,500,1000,"bu","13:23:24",1434800
25500,500,200,"bu","13:23:24",1433800
25500,500,1100,"bu","13:23:24",1433600
25500,500,2700,"bu","13:23:24",1432500
25450,450,100,"sd","13:23:12",1429800
25450,450,500,"bu","13:22:31",1429700
25450,450,700,"bu","13:22:31",1429200
25450,450,300,"sd","13:22:20",1428500
25500,500,2300,"bu","13:22:09",1428200
25500,500,200,"bu","13:22:09",1425900
25500,500,500,"bu","13:22:09",1425700
25500,500,1000,"bu","13:22:09",1425200
25500,500,300,"bu","13:22:09",1424200
25500,500,600,"bu","13:22:09",1423900
25450,450,100,"bu","13:22:09",1423300
25450,450,100,"sd","13:21:45",1423200
25450,450,100,"sd","13:21:37",1423100
25450,450,100,"sd","13:21:37",1423000
25450,450,1000,"bu","13:20:56",1422900
25400,400,100,"sd","13:20:49",1421900
25400,400,500,"bu","13:20:28",1421800
25400,400,500,"bu","13:20:27",1421300
25400,400,4500,"bu","13:20:27",1420800
25350,350,300,"sd","13:20:25",1416300
25350,350,1300,"sd","13:20:12",1416000
25350,350,700,"sd","13:20:12",1414700
25350,350,1500,"sd","13:20:07",1414000
25350,350,2800,"sd","13:20:00",1412500
25350,350,1000,"sd","13:20:00",1409700
25350,350,1000,"sd","13:20:00",1408700
25300,300,1000,"sd","13:19:28",1407700
25300,300,1000,"sd","13:19:28",1406700
25300,300,500,"sd","13:19:28",1405700
25300,300,500,"sd","13:19:28",1405200
25300,300,200,"sd","13:19:28",1404700
25300,300,1000,"sd","13:19:28",1404500
25300,300,100,"sd","13:19:28",1403500
25300,300,5000,"sd","13:19:28",1403400
25300,300,2000,"sd","13:19:28",1398400
25300,300,5400,"sd","13:19:28",1396400
25350,350,5000,"sd","13:19:28",1391000
25350,350,100,"sd","13:19:28",1386000
25350,350,500,"sd","13:19:28",1385900
25350,350,5000,"sd","13:19:28",1385400
25350,350,2700,"sd","13:19:28",1380400
25350,350,100,"sd","13:19:18",1377700
25400,400,400,"bu","13:19:01",1377600
25400,400,1000,"bu","13:19:01",1377200
25400,400,500,"bu","13:19:01",1376200
25400,400,2000,"bu","13:19:01",1375700
25400,400,1100,"bu","13:19:01",1373700
25350,350,2100,"sd","13:19:01",1372600
25350,350,500,"sd","13:18:58",1370500
25350,350,500,"sd","13:18:26",1370000
25350,350,400,"bu","13:18:07",1369500
25350,350,600,"sd","13:18:01",1369100
25350,350,2000,"sd","13:17:48",1368500
25350,350,2400,"sd","13:17:48",1366500
25350,350,500,"sd","13:17:48",1364100
25350,350,2100,"sd","13:17:48",1363600
25350,350,900,"sd","13:17:33",1361500
25350,350,600,"sd","13:17:33",1360600
25350,350,300,"sd","13:17:31",1360000
25350,350,100,"unknown","13:17:17",1359700
25300,300,200,"sd","13:17:16",1359600
25350,350,1300,"sd","13:17:16",1359400
25350,350,200,"sd","13:17:09",1358100
25350,350,100,"sd","13:17:04",1357900
25350,350,3100,"bu","13:16:55",1357800
25350,350,300,"bu","13:16:55",1354700
25350,350,100,"bu","13:16:49",1354400
25350,350,1800,"bu","13:16:49",1354300
25350,350,200,"bu","13:16:37",1352500
25350,350,300,"bu","13:16:35",1352300
25350,350,200,"bu","13:16:35",1352000
25300,300,600,"sd","13:16:25",1351800
25300,300,400,"sd","13:16:25",1351200
25350,350,100,"bu","13:16:17",1350800
25300,300,100,"sd","13:16:08",1350700
25350,350,100,"bu","13:16:07",1350600
25350,350,100,"sd","13:16:02",1350500
25350,350,1000,"sd","13:16:02",1350400
25350,350,100,"sd","13:16:02",1349400
25350,350,400,"sd","13:16:02",1349300
25350,350,100,"sd","13:15:57",1348900
25350,350,500,"sd","13:15:57",1348800
25350,350,500,"sd","13:15:57",1348300
25350,350,300,"sd","13:15:57",1347800
25350,350,100,"sd","13:15:57",1347500
25350,350,2000,"sd","13:15:57",1347400
25350,350,500,"sd","13:15:57",1345400
25350,350,1000,"sd","13:15:57",1344900
25350,350,200,"sd","13:15:46",1343900
25350,350,400,"sd","13:15:34",1343700
25350,350,200,"sd","13:15:34",1343300
25350,350,2000,"sd","13:15:34",1343100
25350,350,200,"sd","13:15:34",1341100
25350,350,9200,"sd","13:15:34",1340900
25400,400,1900,"sd","13:15:26",1331700
25400,400,100,"bu","13:15:24",1329800
25350,350,2000,"sd","13:15:22",1329700
25350,350,200,"sd","13:15:19",1327700
25350,350,100,"sd","13:15:18",1327500
25350,350,800,"sd","13:15:16",1327400
25350,350,800,"sd","13:15:06",1326600
25400,400,200,"sd","13:14:37",1325800
25400,400,200,"sd","13:14:30",1325600
25400,400,100,"sd","13:14:29",1325400
25400,400,1000,"sd","13:14:26",1325300
25400,400,100,"sd","13:14:12",1324300
25400,400,100,"sd","13:14:10",1324200
25400,400,300,"sd","13:14:04",1324100
25400,400,100,"sd","13:14:04",1323800
25400,400,600,"sd","13:14:04",1323700
25400,400,100,"sd","13:14:02",1323100
25400,400,2000,"sd","13:13:21",1323000
25400,400,500,"sd","13:13:17",1321000
25400,400,1000,"bu","13:13:16",1320500
25400,400,800,"bu","13:13:16",1319500
25350,350,200,"sd","13:13:13",1318700
25400,400,700,"bu","13:13:03",1318500
25400,400,1300,"bu","13:13:03",1317800
25400,400,1700,"bu","13:12:58",1316500
25400,400,200,"bu","13:12:58",1314800
25400,400,100,"bu","13:12:58",1314600
25400,400,200,"bu","13:12:41",1314500
25400,400,200,"bu","13:12:41",1314300
25400,400,100,"bu","13:12:41",1314100
25350,350,1000,"sd","13:12:33",1314000
25400,400,200,"bu","13:12:26",1313000
25400,400,100,"bu","13:12:14",1312800
25400,400,400,"sd","13:12:06",1312700
25400,400,600,"bu","13:12:05",1312300
25400,400,5000,"bu","13:11:58",1311700
25400,400,400,"bu","13:11:58",1306700
25400,400,600,"bu","13:11:58",1306300
25400,400,100,"bu","13:11:51",1305700
25400,400,300,"sd","13:11:43",1305600
25400,400,2500,"bu","13:11:40",1305300
25400,400,100,"bu","13:11:32",1302800
25350,350,1000,"sd","13:11:25",1302700
25400,400,2000,"bu","13:11:19",1301700
25400,400,100,"bu","13:11:19",1299700
25400,400,100,"bu","13:11:19",1299600
25400,400,4000,"bu","13:11:19",1299500
25400,400,2000,"bu","13:11:19",1295500
25400,400,500,"bu","13:11:19",1293500
25400,400,2000,"bu","13:11:19",1293000
25400,400,100,"bu","13:11:19",1291000
25400,400,500,"bu","13:11:19",1290900
25400,400,500,"bu","13:11:19",1290400
25400,400,300,"bu","13:11:19",1289900
25400,400,2000,"bu","13:11:19",1289600
25400,400,400,"bu","13:11:19",1287600
25400,400,2900,"sd","13:11:19",1287200
25400,400,100,"sd","13:11:18",1284300
25400,400,300,"sd","13:11:18",1284200
25400,400,100,"sd","13:11:18",1283900
25400,400,100,"sd","13:11:18",1283800
25400,400,100,"sd","13:11:18",1283700
25400,400,100,"sd","13:11:18",1283600
25400,400,100,"sd","13:11:18",1283500
25400,400,100,"sd","13:11:18",1283400
25400,400,100,"sd","13:11:18",1283300
25400,400,100,"sd","13:11:18",1283200
25400,400,200,"sd","13:11:18",1283100
25400,400,100,"sd","13:11:18",1282900
25400,400,200,"sd","13:11:18",1282800
25400,400,900,"sd","13:11:18",1282600
25450,450,1100,"sd","13:11:18",1281700
25400,400,100,"sd","13:11:18",1280600
25400,400,200,"sd","13:11:18",1280500
25450,450,100,"sd","13:11:18",1280300
25450,450,1800,"sd","13:11:17",1280200
25450,450,200,"sd","13:11:17",1278400
25450,450,2000,"sd","13:11:17",1278200
25450,450,1000,"sd","13:11:17",1276200
25450,450,1000,"sd","13:11:17",1275200
25450,450,2000,"sd","13:11:14",1274200
25450,450,100,"sd","13:11:07",1272200
25450,450,1900,"sd","13:10:43",1272100
25450,450,500,"sd","13:10:43",1270200
25450,450,1500,"bu","13:10:30",1269700
25450,450,500,"bu","13:10:25",1268200
25450,450,100,"bu","13:10:25",1267700
25450,450,5000,"bu","13:10:25",1267600
25450,450,100,"bu","13:10:25",1262600
25450,450,400,"unknown","13:10:25",1262500
25450,450,200,"sd","13:10:25",1262100
25450,450,500,"sd","13:10:25",1261900
25450,450,200,"sd","13:10:25",1261400
25450,450,1600,"sd","13:10:25",1261200
25450,450,2000,"sd","13:10:25",1259600
25450,450,100,"sd","13:10:25",1257600
25450,450,500,"sd","13:10:25",1257500
25450,450,100,"sd","13:10:25",1257000
25450,450,1600,"sd","13:09:21",1256900
25450,450,1000,"sd","13:09:09",1255300
25500,500,1400,"bu","13:08:58",1254300
25500,500,1000,"bu","13:08:58",1252900
25500,500,300,"bu","13:08:58",1251900
25500,500,5000,"bu","13:08:58",1251600
25500,500,100,"bu","13:08:58",1246600
25500,500,100,"bu","13:08:58",1246500
25500,500,5000,"bu","13:08:58",1246400
25500,500,100,"bu","13:08:58",1241400
25500,500,1000,"bu","13:08:58",1241300
25500,500,3900,"bu","13:08:58",1240300
25500,500,900,"sd","13:08:42",1236400
25550,550,100,"bu","13:08:12",1235500
25550,550,300,"bu","13:08:12",1235400
25500,500,100,"sd","13:07:56",1235100
25500,500,100,"sd","13:07:43",1235000
25550,550,3200,"bu","13:06:54",1234900
25550,550,1000,"bu","13:06:54",1231700
25500,500,800,"bu","13:06:54",1230700
25500,500,1000,"bu","13:06:54",1229900
25500,500,100,"bu","13:06:47",1228900
25500,500,300,"bu","13:06:41",1228800
25500,500,1400,"bu","13:06:41",1228500
25500,500,200,"bu","13:06:41",1227100
25500,500,100,"bu","13:06:41",1226900
25500,500,1900,"bu","13:06:27",1226800
25500,500,1000,"bu","13:06:27",1224900
25500,500,100,"bu","13:06:27",1223900
25500,500,2000,"bu","13:06:27",1223800
25500,500,500,"bu","13:06:17",1221800
25500,500,300,"bu","13:06:17",1221300
25500,500,100,"bu","13:05:36",1221000
25500,500,400,"sd","13:05:17",1220900
25500,500,100,"sd","13:05:04",1220500
25500,500,100,"sd","13:05:04",1220400
25500,500,200,"sd","13:05:04",1220300
25500,500,100,"sd","13:05:04",1220100
25500,500,1000,"sd","13:04:35",1220000
25500,500,900,"bu","13:04:27",1219000
25500,500,900,"bu","13:04:20",1218100
25500,500,500,"sd","13:04:15",1217200
25500,500,100,"sd","13:04:15",1216700
25500,500,2700,"sd","13:04:15",1216600
25550,550,600,"bu","13:04:05",1213900
25550,550,1400,"bu","13:04:05",1213300
25500,500,500,"sd","13:04:03",1211900
25500,500,100,"sd","13:04:02",1211400
25500,500,2000,"sd","13:04:00",1211300
25500,500,3600,"sd","13:03:57",1209300
25500,500,400,"sd","13:03:57",1205700
25500,500,1100,"sd","13:03:55",1205300
25500,500,900,"sd","13:03:55",1204200
25500,500,200,"sd","13:03:50",1203300
25500,500,2000,"sd","13:03:47",1203100
25500,500,1000,"sd","13:03:32",1201100
25500,500,700,"sd","13:03:19",1200100
25500,500,4200,"sd","13:02:59",1199400
25550,550,700,"bu","13:02:58",1195200
25550,550,500,"bu","13:02:45",1194500
25500,500,500,"bu","13:02:38",1194000
25500,500,500,"bu","13:02:38",1193500
25500,500,1000,"sd","13:02:32",1193000
25500,500,500,"sd","13:02:32",1192000
25500,500,100,"sd","13:02:25",1191500
25500,500,1500,"sd","13:02:12",1191400
25500,500,500,"sd","13:01:55",1189900
25500,500,100,"sd","13:01:47",1189400
25500,500,900,"sd","13:01:47",1189300
25500,500,1000,"sd","13:01:46",1188400
25550,550,900,"bu","13:01:45",1187400
25500,500,100,"sd","13:01:42",1186500
25500,500,100,"sd","13:01:42",1186400
25500,500,2000,"sd","13:01:33",1186300
25500,500,500,"sd","13:00:48",1184300
25500,500,1500,"sd","13:00:44",1183800
25500,500,900,"sd","13:00:42",1182300
25500,500,100,"sd","13:00:42",1181400
25500,500,200,"sd","13:00:38",1181300
25500,500,700,"sd","13:00:19",1181100
25500,500,100,"sd","13:00:19",1180400
25500,500,100,"sd","13:00:19",1180300
25500,500,100,"sd","13:00:19",1180200
25500,500,400,"sd","13:00:16",1180100
25500,500,300,"sd","13:00:16",1179700
25500,500,2100,"sd","13:00:16",1179400
25500,500,100,"sd","13:00:16",1177300
25500,500,500,"sd","13:00:16",1177200
25500,500,1300,"sd","13:00:16",1176700
25500,500,100,"sd","13:00:15",1175400
25500,500,4900,"sd","13:00:14",1175300
25500,500,200,"sd","13:00:14",1170400
25500,500,500,"sd","13:00:14",1170200
25500,500,500,"sd","13:00:14",1169700
25500,500,300,"sd","13:00:14",1169200
25500,500,300,"sd","13:00:13",1168900
25550,550,500,"bu","13:00:13",1168600
25600,600,2000,"bu","13:00:12",1168100
25550,550,1900,"bu","13:00:12",1166100
25550,550,600,"bu","13:00:12",1164200
25500,500,1100,"sd","13:00:11",1163600
25600,600,3200,"bu","13:00:09",1162500
25600,600,3200,"bu","13:00:08",1159300
25600,600,500,"bu","13:00:06",1156100
25600,600,1500,"bu","13:00:04",1155600
25600,600,300,"unknown","13:00:04",1154100
25600,600,4700,"sd","13:00:04",1153800
25600,600,200,"sd","13:00:03",1149100
25600,600,100,"sd","13:00:02",1148900
25600,600,500,"sd","11:27:43",1148800
25650,650,100,"sd","11:27:35",1148300
25650,650,4200,"sd","11:27:35",1148200
25650,650,1000,"sd","11:27:35",1144000
25650,650,200,"sd","11:25:50",1143000
25700,700,4200,"bu","11:25:45",1142800
25650,650,1000,"sd","11:25:24",1138600
25650,650,400,"sd","11:25:10",1137600
25650,650,500,"sd","11:24:58",1137200
25650,650,1900,"sd","11:24:27",1136700
25650,650,4000,"sd","11:24:27",1134800
25650,650,500,"sd","11:24:11",1130800
25650,650,1000,"sd","11:23:57",1130300
25650,650,4500,"sd","11:23:37",1129300
25650,650,800,"sd","11:23:37",1124800
25650,650,100,"sd","11:23:37",1124000
25650,650,200,"sd","11:23:37",1123900
25650,650,1000,"sd","11:23:37",1123700
25650,650,900,"sd","11:23:20",1122700
25650,650,200,"sd","11:23:11",1121800
25650,650,2400,"sd","11:23:00",1121600
25650,650,500,"sd","11:22:52",1119200
25650,650,1000,"sd","11:22:52",1118700
25650,650,500,"sd","11:22:52",1117700
25650,650,500,"sd","11:22:33",1117200
25650,650,300,"sd","11:21:43",1116700
25650,650,300,"sd","11:21:25",1116400
25650,650,200,"sd","11:21:07",1116100
25650,650,100,"sd","11:20:29",1115900
25650,650,1000,"sd","11:20:16",1115800
25700,700,1400,"sd","11:20:03",1114800
25700,700,1000,"sd","11:19:37",1113400
25700,700,200,"sd","11:19:29",1112400
25700,700,1000,"bu","11:19:13",1112200
25700,700,200,"bu","11:19:13",1111200
25700,700,1000,"bu","11:19:13",1111000
25700,700,200,"bu","11:19:13",1110000
25750,750,200,"bu","11:18:30",1109800
25700,700,300,"unknown","11:18:30",1109600
25700,700,500,"sd","11:18:23",1109300
25700,700,1000,"sd","11:18:06",1108800
25700,700,200,"sd","11:18:01",1107800
25700,700,300,"sd","11:17:43",1107600
25700,700,2000,"sd","11:17:16",1107300
25700,700,500,"bu","11:17:04",1105300
25700,700,500,"bu","11:17:04",1104800
25650,650,100,"sd","11:16:21",1104300
25650,650,200,"sd","11:15:05",1104200
25700,700,100,"sd","11:14:23",1104000
25700,700,100,"bu","11:14:04",1103900
25700,700,300,"bu","11:12:53",1103800
25700,700,600,"bu","11:12:53",1103500
25700,700,300,"sd","11:12:52",1102900
25700,700,2000,"bu","11:12:25",1102600
25700,700,100,"bu","11:12:25",1100600
25700,700,2000,"bu","11:12:25",1100500
25700,700,100,"bu","11:12:25",1098500
25700,700,1000,"bu","11:12:09",1098400
25700,700,2200,"bu","11:12:06",1097400
25700,700,500,"bu","11:12:06",1095200
25700,700,100,"bu","11:12:06",1094700
25700,700,1000,"bu","11:12:06",1094600
25700,700,200,"bu","11:12:06",1093600
25700,700,5000,"bu","11:09:36",1093400
25650,650,100,"sd","11:09:21",1088400
25650,650,300,"sd","11:09:13",1088300
25650,650,200,"sd","11:08:49",1088000
25700,700,100,"bu","11:08:17",1087800
25700,700,7900,"bu","11:07:15",1087700
25650,650,2000,"bu","11:07:15",1079800
25650,650,100,"bu","11:07:15",1077800
25650,650,1000,"bu","11:06:51",1077700
25650,650,900,"bu","11:06:06",1076700
25650,650,100,"bu","11:06:06",1075800
25650,650,1300,"bu","11:06:05",1075700
25650,650,600,"bu","11:04:44",1074400
25650,650,100,"sd","11:04:41",1073800
25650,650,200,"bu","11:04:21",1073700
25650,650,200,"bu","11:04:03",1073500
25650,650,500,"bu","11:03:32",1073300
25650,650,100,"bu","11:03:32",1072800
25650,650,300,"sd","11:03:23",1072700
25650,650,3700,"sd","11:03:09",1072400
25650,650,1000,"sd","11:03:09",1068700
25650,650,300,"sd","11:03:09",1067700
25650,650,200,"sd","11:03:00",1067400
25650,650,500,"sd","11:02:48",1067200
25650,650,1000,"sd","11:02:48",1066700
25650,650,8500,"sd","11:02:48",1065700
25650,650,1000,"sd","11:02:38",1057200
25650,650,500,"sd","11:02:37",1056200
25650,650,500,"sd","11:02:37",1055700
25650,650,500,"sd","11:02:02",1055200
25650,650,1000,"sd","11:02:02",1054700
25650,650,200,"sd","11:01:48",1053700
25650,650,800,"sd","11:01:03",1053500
25650,650,100,"sd","11:01:03",1052700
25650,650,100,"sd","11:01:03",1052600
25650,650,100,"sd","11:01:03",1052500
25650,650,300,"sd","11:01:03",1052400
25650,650,700,"sd","11:00:42",1052100
25650,650,1300,"sd","11:00:42",1051400
25650,650,200,"sd","11:00:21",1050100
25700,700,1700,"bu","11:00:17",1049900
25700,700,2000,"bu","10:59:31",1048200
25650,650,200,"sd","10:59:17",1046200
25700,700,500,"bu","10:59:13",1046000
25700,700,1000,"bu","10:58:44",1045500
25700,700,100,"bu","10:58:28",1044500
25700,700,100,"bu","10:58:28",1044400
25700,700,5000,"bu","10:58:28",1044300
25700,700,1000,"bu","10:58:28",1039300
25700,700,4200,"bu","10:58:28",1038300
25700,700,700,"sd","10:58:28",1034100
25700,700,100,"sd","10:58:28",1033400
25700,700,400,"sd","10:58:28",1033300
25750,750,300,"bu","10:58:21",1032900
25750,750,4700,"bu","10:58:21",1032600
25750,750,900,"bu","10:57:55",1027900
25750,750,400,"bu","10:57:46",1027000
25750,750,1000,"sd","10:56:56",1026600
25750,750,2700,"sd","10:56:56",1025600
25750,750,200,"sd","10:56:41",1022900
25750,750,1300,"sd","10:56:41",1022700
25750,750,2000,"bu","10:56:27",1021400
25750,750,1700,"bu","10:56:27",1019400
25750,750,1000,"sd","10:56:23",1017700
25750,750,300,"sd","10:56:22",1016700
25750,750,500,"sd","10:56:22",1016400
25750,750,1200,"sd","10:56:22",1015900
25750,750,200,"sd","10:56:20",1014700
25750,750,100,"sd","10:56:20",1014500
25750,750,700,"sd","10:56:20",1014400
25750,750,2400,"sd","10:56:13",1013700
25750,750,300,"sd","10:55:58",1011300
25800,800,900,"bu","10:55:33",1011000
25850,850,300,"bu","10:54:56",1010100
25800,800,200,"bu","10:54:56",1009800
25800,800,300,"bu","10:54:47",1009600
25750,750,500,"sd","10:54:43",1009300
25750,750,100,"sd","10:54:38",1008800
25800,800,500,"bu","10:54:26",1008700
25800,800,100,"sd","10:54:04",1008200
25800,800,2100,"sd","10:54:04",1008100
25800,800,300,"sd","10:54:04",1006000
25800,800,100,"sd","10:54:04",1005700
25800,800,500,"sd","10:54:04",1005600
25800,800,1800,"sd","10:54:04",1005100
25800,800,2600,"sd","10:54:04",1003300
25800,800,2000,"sd","10:53:45",1000700
25800,800,400,"sd","10:53:43",998700
25850,850,200,"bu","10:53:34",998300
25800,800,5000,"sd","10:53:33",998100
25850,850,400,"bu","10:53:29",993100
25850,850,100,"bu","10:53:29",992700
25850,850,900,"sd","10:53:14",992600
25850,850,500,"sd","10:53:06",991700
25850,850,200,"sd","10:53:03",991200
25850,850,3000,"sd","10:52:55",991000
25900,900,1700,"bu","10:52:54",988000
25850,850,200,"sd","10:52:43",986300
25900,900,10000,"bu","10:52:41",986100
25850,850,200,"sd","10:52:35",976100
25850,850,100,"sd","10:52:35",975900
25900,900,1000,"bu","10:52:33",975800
25900,900,100,"bu","10:52:26",974800
25900,900,200,"sd","10:52:23",974700
25900,900,100,"sd","10:52:23",974500
25900,900,23700,"sd","10:52:23",974400
25950,950,200,"bu","10:52:21",950700
25950,950,800,"bu","10:52:16",950500
25950,950,700,"bu","10:52:16",949700
25950,950,1600,"bu","10:52:16",949000
25950,950,100,"bu","10:52:13",947400
25950,950,500,"bu","10:52:13",947300
25950,950,100,"bu","10:52:13",946800
25950,950,1000,"bu","10:52:13",946700
25950,950,300,"bu","10:52:13",945700
25950,950,700,"bu","10:52:06",945400
25950,950,100,"bu","10:52:06",944700
25900,900,5000,"sd","10:52:04",944600
25900,900,500,"sd","10:51:51",939600
25900,900,400,"sd","10:51:51",939100
25900,900,1600,"bu","10:51:49",938700
25900,900,1000,"bu","10:51:49",937100
25900,900,1000,"bu","10:51:49",936100
25900,900,500,"bu","10:51:49",935100
25900,900,1000,"bu","10:51:49",934600
25900,900,1000,"bu","10:51:49",933600
25900,900,100,"bu","10:51:49",932600
25900,900,500,"bu","10:51:49",932500
25900,900,3000,"bu","10:51:49",932000
25900,900,100,"bu","10:51:49",929000
25900,900,100,"bu","10:51:49",928900
25900,900,5000,"bu","10:51:49",928800
25900,900,2000,"bu","10:51:49",923800
25900,900,100,"bu","10:51:49",921800
25900,900,500,"bu","10:51:49",921700
25900,900,500,"bu","10:51:49",921200
25900,900,15000,"bu","10:51:49",920700
25900,900,1000,"bu","10:51:49",905700
25900,900,3000,"bu","10:51:49",904700
25850,850,2000,"sd","10:51:41",901700
25850,850,500,"sd","10:51:39",899700
25850,850,1200,"sd","10:51:39",899200
25850,850,3800,"bu","10:51:15",898000
25850,850,100,"sd","10:51:06",894200
25850,850,400,"sd","10:50:59",894100
25850,850,1000,"sd","10:50:57",893700
25850,850,700,"sd","10:50:47",892700
25850,850,1000,"sd","10:50:47",892000
25850,850,300,"sd","10:50:47",891000
25850,850,700,"sd","10:50:47",890700
25850,850,1200,"sd","10:50:47",890000
25850,850,100,"sd","10:50:47",888800
25900,900,2000,"bu","10:50:46",888700
25850,850,100,"sd","10:50:42",886700
25850,850,100,"sd","10:50:35",886600
25850,850,100,"bu","10:50:21",886500
25850,850,100,"bu","10:50:21",886400
25850,850,100,"bu","10:50:21",886300
25850,850,400,"bu","10:50:21",886200
25850,850,1600,"bu","10:50:19",885800
25850,850,500,"bu","10:50:19",884200
25850,850,100,"bu","10:50:19",883700
25850,850,800,"bu","10:50:19",883600
25850,850,1000,"bu","10:50:19",882800
25850,850,1000,"bu","10:50:19",881800
25800,800,100,"bu","10:50:00",880800
25800,800,500,"bu","10:50:00",880700
25800,800,100,"bu","10:50:00",880200
25800,800,300,"bu","10:50:00",880100
25800,800,800,"bu","10:50:00",879800
25800,800,100,"bu","10:50:00",879000
25800,800,100,"bu","10:50:00",878900
25800,800,700,"bu","10:50:00",878800
25800,800,200,"bu","10:50:00",878100
25800,800,100,"bu","10:50:00",877900
25800,800,100,"bu","10:50:00",877800
25800,800,300,"bu","10:50:00",877700
25800,800,500,"bu","10:50:00",877400
25800,800,100,"bu","10:50:00",876900
25800,800,10000,"bu","10:50:00",876800
25800,800,500,"bu","10:50:00",866800
25800,800,500,"bu","10:50:00",866300
25800,800,500,"bu","10:50:00",865800
25800,800,500,"bu","10:50:00",865300
25750,750,1000,"sd","10:50:00",864800
25750,750,2000,"sd","10:49:57",863800
25800,800,500,"bu","10:49:57",861800
25750,750,500,"bu","10:49:46",861300
25750,750,500,"bu","10:49:46",860800
25750,750,500,"bu","10:49:46",860300
25750,750,500,"bu","10:49:46",859800
25750,750,500,"bu","10:49:46",859300
25750,750,500,"bu","10:49:46",858800
25750,750,500,"bu","10:49:46",858300
25750,750,500,"bu","10:49:46",857800
25750,750,500,"bu","10:49:46",857300
25750,750,500,"bu","10:49:46",856800
25750,750,1000,"bu","10:49:46",856300
25750,750,1000,"bu","10:49:46",855300
25750,750,3900,"bu","10:49:46",854300
25750,750,10000,"bu","10:49:46",850400
25750,750,1000,"bu","10:49:46",840400
25750,750,100,"bu","10:49:46",839400
25750,750,600,"bu","10:49:46",839300
25700,700,300,"sd","10:49:44",838700
25700,700,300,"bu","10:49:13",838400
25700,700,100,"bu","10:48:53",838100
25700,700,600,"bu","10:48:45",838000
25700,700,1000,"bu","10:48:45",837400
25700,700,200,"bu","10:48:45",836400
25700,700,100,"bu","10:48:45",836200
25700,700,3100,"bu","10:48:45",836100
25650,650,100,"sd","10:48:22",833000
25650,650,500,"sd","10:48:08",832900
25650,650,1700,"sd","10:47:39",832400
25650,650,300,"sd","10:47:39",830700
25650,650,500,"sd","10:47:36",830400
25650,650,2200,"sd","10:47:29",829900
25650,650,1000,"sd","10:47:29",827700
25650,650,1800,"sd","10:47:29",826700
25650,650,1200,"sd","10:47:26",824900
25650,650,1800,"sd","10:47:26",823700
25650,650,300,"sd","10:47:21",821900
25700,700,1000,"bu","10:47:15",821600
25650,650,1000,"sd","10:47:01",820600
25700,700,5000,"bu","10:46:58",819600
25700,700,100,"bu","10:46:57",814600
25700,700,800,"bu","10:46:38",814500
25700,700,1000,"bu","10:46:38",813700
25700,700,2200,"bu","10:46:38",812700
25700,700,800,"bu","10:46:31",810500
25700,700,1000,"bu","10:46:31",809700
25700,700,1000,"bu","10:46:31",808700
25700,700,200,"bu","10:46:31",807700
25700,700,500,"bu","10:46:27",807500
25700,700,200,"bu","10:46:08",807000
25650,650,900,"sd","10:46:06",806800
25700,700,1100,"bu","10:46:04",805900
25650,650,1000,"sd","10:45:59",804800
25650,650,1000,"sd","10:45:38",803800
25750,750,400,"bu","10:45:31",802800
25750,750,1000,"bu","10:45:31",802400
25750,750,200,"bu","10:45:31",801400
25750,750,1000,"bu","10:45:31",801200
25750,750,100,"bu","10:45:31",800200
25750,750,1300,"bu","10:45:31",800100
25700,700,1000,"bu","10:45:31",798800
25750,750,3000,"bu","10:45:17",797800
25700,700,200,"bu","10:45:17",794800
25700,700,1800,"bu","10:45:17",794600
25650,650,1000,"sd","10:45:10",792800
25700,700,3000,"bu","10:45:08",791800
25700,700,200,"bu","10:45:07",788800
25700,700,1000,"unknown","10:44:39",788600
25750,750,3000,"bu","10:44:28",787600
25700,700,300,"bu","10:44:28",784600
25700,700,4700,"bu","10:44:28",784300
25700,700,2100,"bu","10:44:22",779600
25700,700,600,"bu","10:44:16",777500
25700,700,2000,"bu","10:44:16",776900
25700,700,600,"bu","10:44:16",774900
25700,700,3000,"sd","10:44:07",774300
25750,750,2700,"bu","10:44:07",771300
25750,750,300,"bu","10:44:07",768600
25750,750,100,"bu","10:44:00",768300
25750,750,900,"bu","10:44:00",768200
25700,700,200,"sd","10:44:00",767300
25700,700,1000,"sd","10:43:53",767100
25750,750,100,"bu","10:43:51",766100
25700,700,10000,"bu","10:43:20",766000
25700,700,1000,"bu","10:43:20",756000
25700,700,1000,"bu","10:43:19",755000
25700,700,300,"bu","10:43:19",754000
25700,700,700,"bu","10:43:19",753700
25700,700,4300,"bu","10:43:07",753000
25700,700,100,"bu","10:43:07",748700
25700,700,500,"bu","10:43:07",748600
25700,700,1000,"bu","10:43:07",748100
25650,650,100,"bu","10:43:07",747100
25650,650,1000,"bu","10:43:07",747000
25650,650,600,"bu","10:43:07",746000
25650,650,400,"bu","10:43:07",745400
25650,650,1000,"bu","10:43:03",745000
25650,650,1200,"bu","10:43:02",744000
25650,650,300,"bu","10:43:02",742800
25650,650,3600,"bu","10:43:02",742500
25650,650,1000,"bu","10:43:02",738900
25650,650,500,"bu","10:43:02",737900
25650,650,100,"bu","10:42:57",737400
25650,650,600,"bu","10:42:49",737300
25600,600,100,"bu","10:42:48",736700
25600,600,500,"bu","10:42:48",736600
25600,600,200,"bu","10:42:48",736100
25600,600,300,"bu","10:42:48",735900
25600,600,300,"bu","10:42:48",735600
25600,600,300,"bu","10:42:48",735300
25600,600,100,"bu","10:42:48",735000
25600,600,100,"bu","10:42:48",734900
25600,600,100,"bu","10:42:48",734800
25600,600,500,"bu","10:42:48",734700
25600,600,3000,"bu","10:42:48",734200
25600,600,200,"bu","10:42:48",731200
25600,600,200,"bu","10:42:48",731000
25600,600,200,"bu","10:42:48",730800
25600,600,2000,"bu","10:42:48",730600
25600,600,3000,"bu","10:42:48",728600
25600,600,300,"bu","10:42:48",725600
25600,600,1000,"bu","10:42:48",725300
25600,600,3000,"bu","10:42:48",724300
25600,600,1500,"bu","10:42:48",721300
25600,600,100,"bu","10:42:48",719800
25600,600,300,"bu","10:42:48",719700
25600,600,100,"bu","10:42:48",719400
25600,600,1000,"bu","10:42:48",719300
25600,600,1000,"bu","10:42:48",718300
25550,550,200,"sd","10:42:41",717300
25550,550,100,"bu","10:42:20",717100
25550,550,5400,"bu","10:42:20",717000
25550,550,5000,"bu","10:42:20",711600
25550,550,200,"bu","10:42:20",706600
25550,550,200,"bu","10:42:18",706400
25550,550,100,"bu","10:42:18",706200
25550,550,1000,"bu","10:42:18",706100
25550,550,100,"bu","10:42:18",705100
25550,550,100,"bu","10:42:18",705000
25550,550,300,"bu","10:42:18",704900
25550,550,200,"bu","10:42:18",704600
25550,550,800,"bu","10:42:03",704400
25550,550,4000,"bu","10:42:03",703600
25550,550,100,"bu","10:42:03",699600
25550,550,100,"bu","10:42:03",699500
25550,550,500,"bu","10:41:28",699400
25550,550,500,"bu","10:41:27",698900
25550,550,1000,"bu","10:41:21",698400
25550,550,900,"bu","10:41:08",697400
25550,550,1000,"bu","10:41:08",696500
25550,550,100,"bu","10:41:08",695500
25500,500,100,"sd","10:40:15",695400
25500,500,100,"sd","10:40:09",695300
25500,500,900,"sd","10:40:09",695200
25500,500,100,"sd","10:39:17",694300
25500,500,500,"bu","10:38:37",694200
25500,500,200,"bu","10:38:37",693700
25500,500,300,"bu","10:38:37",693500
25500,500,5000,"bu","10:38:37",693200
25500,500,500,"bu","10:38:37",688200
25500,500,100,"bu","10:38:37",687700
25500,500,100,"bu","10:38:37",687600
25500,500,2200,"bu","10:38:37",687500
25500,500,100,"bu","10:38:37",685300
25500,500,100,"bu","10:38:37",685200
25500,500,100,"bu","10:38:37",685100
25500,500,500,"bu","10:38:37",685000
25500,500,100,"bu","10:38:16",684500
25450,450,1000,"bu","10:37:47",684400
25450,450,200,"bu","10:37:37",683400
25450,450,500,"bu","10:37:37",683200
25450,450,2000,"bu","10:37:37",682700
25450,450,300,"bu","10:37:08",680700
25450,450,2700,"bu","10:36:03",680400
25450,450,200,"bu","10:36:03",677700
25450,450,100,"bu","10:36:03",677500
25450,450,100,"bu","10:35:51",677400
25450,450,100,"bu","10:35:34",677300
25450,450,700,"sd","10:34:33",677200
25450,450,1000,"bu","10:34:18",676500
25450,450,100,"bu","10:34:18",675500
25450,450,200,"bu","10:34:18",675400
25400,400,200,"sd","10:32:58",675200
25400,400,500,"sd","10:32:55",675000
25400,400,1500,"sd","10:32:29",674500
25450,450,2000,"bu","10:32:10",673000
25450,450,1000,"bu","10:32:10",671000
25450,450,2000,"bu","10:32:10",670000
25450,450,3000,"bu","10:31:06",668000
25450,450,1000,"bu","10:31:06",665000
25450,450,200,"bu","10:31:06",664000
25450,450,1700,"bu","10:29:53",663800
25450,450,3300,"bu","10:29:51",662100
25450,450,1600,"bu","10:29:51",658800
25450,450,1000,"bu","10:29:51",657200
25450,450,500,"bu","10:29:51",656200
25450,450,500,"bu","10:29:51",655700
25450,450,600,"bu","10:29:51",655200
25400,400,1000,"bu","10:29:24",654600
25350,350,5300,"sd","10:29:01",653600
25350,350,1200,"sd","10:29:01",648300
25350,350,2300,"sd","10:28:33",647100
25350,350,100,"sd","10:28:33",644800
25400,400,500,"sd","10:27:51",644700
25400,400,200,"sd","10:27:51",644200
25400,400,1300,"sd","10:27:51",644000
25400,400,700,"sd","10:27:23",642700
25400,400,300,"sd","10:27:23",642000
25400,400,2000,"sd","10:26:44",641700
25400,400,1000,"sd","10:26:41",639700
25400,400,100,"sd","10:26:10",638700
25400,400,100,"sd","10:26:04",638600
25400,400,500,"sd","10:24:50",638500
25400,400,200,"sd","10:24:50",638000
25400,400,800,"sd","10:24:50",637800
25350,350,100,"sd","10:24:40",637000
25350,350,900,"sd","10:24:40",636900
25400,400,100,"sd","10:24:37",636000
25400,400,19100,"sd","10:24:37",635900
25400,400,100,"sd","10:24:33",616800
25400,400,500,"sd","10:24:33",616700
25400,400,900,"sd","10:24:33",616200
25400,400,100,"sd","10:24:33",615300
25400,400,100,"sd","10:24:33",615200
25400,400,100,"sd","10:24:33",615100
25400,400,2000,"sd","10:24:28",615000
25450,450,400,"sd","10:24:23",613000
25450,450,2600,"sd","10:24:23",612600
25450,450,2000,"sd","10:23:59",610000
25500,500,100,"bu","10:23:48",608000
25500,500,400,"bu","10:23:16",607900
25500,500,1000,"bu","10:22:14",607500
25500,500,400,"bu","10:22:04",606500
25500,500,100,"bu","10:21:59",606100
25500,500,1000,"bu","10:21:40",606000
25500,500,500,"sd","10:20:34",605000
25500,500,100,"sd","10:20:34",604500
25500,500,3000,"sd","10:20:34",604400
25500,500,500,"sd","10:20:34",601400
25500,500,500,"sd","10:20:34",600900
25500,500,100,"sd","10:20:34",600400
25550,550,300,"bu","10:20:24",600300
25550,550,500,"bu","10:20:24",600000
25550,550,100,"bu","10:20:24",599500
25550,550,400,"sd","10:20:17",599400
25550,550,100,"sd","10:20:17",599000
25550,550,400,"sd","10:19:58",598900
25550,550,300,"sd","10:19:55",598500
25550,550,1000,"sd","10:19:49",598200
25550,550,1000,"sd","10:19:42",597200
25550,550,300,"sd","10:19:41",596200
25550,550,100,"sd","10:19:29",595900
25550,550,500,"sd","10:19:17",595800
25600,600,1500,"bu","10:18:59",595300
25600,600,900,"bu","10:18:52",593800
25600,600,100,"bu","10:18:52",592900
25550,550,500,"sd","10:18:46",592800
25550,550,3000,"sd","10:18:45",592300
25550,550,100,"sd","10:18:45",589300
25550,550,1000,"sd","10:18:45",589200
25550,550,400,"sd","10:18:45",588200
25550,550,2000,"sd","10:18:45",587800
25550,550,100,"sd","10:18:45",585800
25550,550,4200,"sd","10:18:45",585700
25500,500,100,"sd","10:18:42",581500
25500,500,1000,"sd","10:18:33",581400
25500,500,4000,"sd","10:18:27",580400
25500,500,1000,"sd","10:18:24",576400
25500,500,100,"sd","10:18:11",575400
25500,500,500,"sd","10:18:04",575300
25550,550,800,"bu","10:17:58",574800
25550,550,500,"bu","10:17:58",574000
25550,550,8600,"bu","10:17:58",573500
25550,550,100,"bu","10:17:58",564900
25550,550,2000,"bu","10:17:52",564800
25550,550,600,"bu","10:17:42",562800
25550,550,1000,"sd","10:17:30",562200
25550,550,1000,"sd","10:17:30",561200
25550,550,300,"sd","10:17:30",560200
25550,550,100,"sd","10:17:27",559900
25550,550,2000,"sd","10:17:22",559800
25550,550,500,"sd","10:17:22",557800
25550,550,2100,"bu","10:17:05",557300
25550,550,1000,"bu","10:17:01",555200
25550,550,1900,"unknown","10:17:01",554200
25550,550,100,"bu","10:16:45",552300
25550,550,2000,"bu","10:16:45",552200
25550,550,200,"bu","10:16:45",550200
25550,550,100,"bu","10:16:45",550000
25550,550,100,"bu","10:16:45",549900
25550,550,5600,"bu","10:16:45",549800
25550,550,100,"bu","10:16:43",544200
25550,550,100,"bu","10:16:40",544100
25550,550,300,"bu","10:16:38",544000
25550,550,1000,"bu","10:16:38",543700
25550,550,500,"bu","10:16:38",542700
25550,550,300,"bu","10:16:35",542200
25550,550,2400,"bu","10:16:35",541900
25550,550,200,"bu","10:16:35",539500
25550,550,100,"bu","10:16:35",539300
25550,550,1500,"bu","10:16:35",539200
25550,550,500,"bu","10:16:35",537700
25550,550,2000,"bu","10:16:34",537200
25550,550,500,"bu","10:16:24",535200
25500,500,1000,"sd","10:16:19",534700
25550,550,200,"bu","10:16:12",533700
25550,550,3000,"bu","10:15:58",533500
25550,550,4000,"bu","10:15:56",530500
25550,550,1000,"bu","10:15:56",526500
25500,500,300,"sd","10:15:54",525500
25500,500,100,"bu","10:15:36",525200
25500,500,100,"bu","10:15:36",525100
25500,500,100,"bu","10:15:36",525000
25500,500,100,"bu","10:15:36",524900
25500,500,3900,"bu","10:15:36",524800
25500,500,1600,"bu","10:15:36",520900
25500,500,5000,"bu","10:15:35",519300
25500,500,1100,"bu","10:15:32",514300
25500,500,200,"bu","10:15:32",513200
25500,500,500,"bu","10:15:32",513000
25500,500,200,"bu","10:15:32",512500
25500,500,100,"bu","10:15:32",512300
25500,500,100,"bu","10:15:32",512200
25500,500,2800,"bu","10:15:31",512100
25500,500,200,"bu","10:15:29",509300
25500,500,300,"bu","10:15:29",509100
25500,500,700,"bu","10:15:29",508800
25500,500,2000,"bu","10:15:29",508100
25500,500,100,"bu","10:15:29",506100
25500,500,200,"bu","10:15:29",506000
25500,500,900,"bu","10:15:29",505800
25500,500,100,"bu","10:15:29",504900
25500,500,5000,"bu","10:15:29",504800
25500,500,500,"bu","10:15:29",499800
25500,500,200,"bu","10:15:29",499300
25500,500,2000,"bu","10:15:29",499100
25500,500,2000,"bu","10:15:29",497100
25500,500,100,"bu","10:15:29",495100
25500,500,200,"bu","10:15:29",495000
25500,500,100,"bu","10:15:29",494800
25500,500,1000,"bu","10:15:29",494700
25500,500,500,"bu","10:15:29",493700
25500,500,4400,"bu","10:15:29",493200
25450,450,200,"sd","10:15:24",488800
25500,500,1600,"bu","10:15:22",488600
25500,500,400,"bu","10:15:22",487000
25500,500,2000,"bu","10:15:22",486600
25500,500,1000,"bu","10:15:22",484600
25450,450,500,"sd","10:15:18",483600
25450,450,1600,"sd","10:15:16",483100
25450,450,100,"sd","10:15:14",481500
25450,450,1100,"sd","10:15:14",481400
25450,450,5000,"bu","10:15:08",480300
25400,400,600,"bu","10:15:03",475300
25400,400,5000,"bu","10:15:01",474700
25400,400,100,"bu","10:14:54",469700
25400,400,2300,"sd","10:14:46",469600
25400,400,1200,"sd","10:14:40",467300
25400,400,200,"sd","10:14:40",466100
25400,400,300,"sd","10:14:27",465900
25400,400,300,"sd","10:14:24",465600
25450,450,100,"bu","10:14:18",465300
25450,450,800,"bu","10:14:11",465200
25400,400,200,"bu","10:14:06",464400
25400,400,200,"bu","10:14:01",464200
25400,400,1000,"sd","10:13:49",464000
25400,400,600,"sd","10:13:49",463000
25400,400,100,"bu","10:13:44",462400
25400,400,200,"bu","10:13:44",462300
25400,400,100,"bu","10:13:44",462100
25400,400,100,"bu","10:13:32",462000
25350,350,100,"sd","10:13:14",461900
25350,350,1000,"sd","10:12:30",461800
25350,350,300,"sd","10:12:30",460800
25350,350,500,"sd","10:12:30",460500
25400,400,200,"sd","10:12:30",460000
25450,450,500,"sd","10:12:18",459800
25450,450,2500,"sd","10:12:18",459300
25450,450,1000,"sd","10:12:09",456800
25450,450,100,"sd","10:12:09",455800
25450,450,100,"sd","10:12:09",455700
25450,450,2000,"sd","10:12:09",455600
25450,450,1300,"sd","10:12:09",453600
25450,450,2000,"bu","10:12:09",452300
25450,450,600,"bu","10:12:09",450300
25450,450,100,"bu","10:12:09",449700
25450,450,300,"bu","10:12:09",449600
25400,400,100,"sd","10:12:08",449300
25400,400,700,"bu","10:11:49",449200
25400,400,200,"bu","10:11:43",448500
25400,400,100,"sd","10:11:41",448300
25400,400,100,"sd","10:11:29",448200
25400,400,200,"sd","10:11:29",448100
25450,450,700,"bu","10:11:19",447900
25450,450,100,"bu","10:11:19",447200
25400,400,700,"sd","10:11:03",447100
25450,450,100,"bu","10:11:03",446400
25450,450,500,"bu","10:11:03",446300
25450,450,400,"bu","10:11:03",445800
25400,400,300,"sd","10:11:03",445400
25450,450,600,"bu","10:10:28",445100
25450,450,100,"bu","10:10:28",444500
25450,450,300,"bu","10:10:28",444400
25400,400,500,"sd","10:09:47",444100
25400,400,800,"sd","10:09:41",443600
25400,400,1000,"sd","10:09:40",442800
25400,400,1300,"sd","10:09:26",441800
25400,400,500,"bu","10:09:08",440500
25400,400,200,"bu","10:09:08",440000
25400,400,2000,"bu","10:09:06",439800
25400,400,2000,"bu","10:08:51",437800
25400,400,800,"bu","10:08:40",435800
25400,400,1000,"bu","10:08:40",435000
25400,400,200,"bu","10:08:40",434000
25400,400,500,"bu","10:08:40",433800
25400,400,100,"bu","10:08:40",433300
25400,400,100,"bu","10:08:40",433200
25400,400,1000,"bu","10:08:40",433100
25400,400,5000,"bu","10:08:40",432100
25400,400,5000,"bu","10:08:40",427100
25400,400,100,"bu","10:08:40",422100
25400,400,16200,"bu","10:08:40",422000
25400,400,800,"bu","10:08:26",405800
25400,400,500,"bu","10:07:54",405000
25400,400,1000,"bu","10:07:52",404500
25400,400,1500,"bu","10:07:27",403500
25400,400,2500,"bu","10:07:27",402000
25400,400,100,"bu","10:07:27",399500
25400,400,200,"bu","10:07:27",399400
25400,400,100,"bu","10:07:27",399200
25400,400,1000,"bu","10:07:27",399100
25400,400,100,"bu","10:07:27",398100
25400,400,500,"bu","10:07:27",398000
25400,400,1000,"bu","10:07:27",397500
25400,400,1800,"bu","10:07:27",396500
25400,400,100,"bu","10:07:27",394700
25400,400,500,"bu","10:07:27",394600
25350,350,5000,"bu","10:07:11",394100
25350,350,1000,"bu","10:07:06",389100
25350,350,100,"bu","10:07:06",388100
25350,350,200,"bu","10:07:06",388000
25350,350,1000,"bu","10:07:06",387800
25350,350,100,"bu","10:07:06",386800
25350,350,100,"bu","10:07:06",386700
25350,350,500,"bu","10:07:06",386600
25350,350,1000,"bu","10:07:06",386100
25300,300,100,"sd","10:06:54",385100
25300,300,5000,"bu","10:06:31",385000
25300,300,500,"bu","10:06:31",380000
25300,300,3000,"bu","10:06:31",379500
25250,250,100,"sd","10:06:08",376500
25250,250,700,"bu","10:05:53",376400
25250,250,100,"bu","10:05:53",375700
25250,250,500,"bu","10:05:53",375600
25250,250,300,"bu","10:05:50",375100
25250,250,100,"bu","10:05:46",374800
25250,250,100,"bu","10:05:44",374700
25250,250,500,"bu","10:05:31",374600
25200,200,500,"bu","10:05:05",374100
25200,200,1700,"bu","10:05:05",373600
25200,200,100,"bu","10:05:00",371900
25200,200,200,"bu","10:04:56",371800
25200,200,300,"bu","10:04:56",371600
25200,200,600,"bu","10:04:48",371300
25150,150,400,"sd","10:04:23",370700
25150,150,2700,"bu","10:03:49",370300
25150,150,200,"bu","10:03:49",367600
25150,150,100,"sd","10:03:22",367400
25150,150,4200,"sd","10:03:22",367300
25150,150,100,"sd","10:03:22",363100
25150,150,3000,"sd","10:03:22",363000
25150,150,1000,"sd","10:03:22",360000
25150,150,100,"sd","10:03:22",359000
25200,200,4100,"bu","10:03:09",358900
25200,200,100,"bu","10:03:09",354800
25200,200,100,"sd","10:03:06",354700
25200,200,4900,"sd","10:03:05",354600
25200,200,100,"sd","10:03:05",349700
25200,200,200,"sd","10:02:40",349600
25200,200,200,"sd","10:02:29",349400
25200,200,1000,"sd","10:02:29",349200
25200,200,800,"sd","10:02:29",348200
25200,200,200,"sd","10:02:14",347400
25200,200,100,"sd","10:02:14",347200
25200,200,300,"sd","10:02:14",347100
25200,200,4700,"sd","10:01:32",346800
25200,200,200,"sd","10:01:32",342100
25200,200,100,"sd","10:01:32",341900
25250,250,200,"bu","10:00:12",341800
25250,250,100,"bu","09:59:05",341600
25250,250,100,"sd","09:58:53",341500
25250,250,2500,"sd","09:58:53",341400
25250,250,100,"sd","09:58:53",338900
25250,250,200,"sd","09:58:53",338800
25250,250,300,"sd","09:58:53",338600
25250,250,100,"sd","09:58:15",338300
25250,250,200,"sd","09:57:51",338200
25250,250,1000,"sd","09:57:47",338000
25250,250,100,"sd","09:57:31",337000
25250,250,300,"sd","09:57:16",336900
25250,250,200,"sd","09:57:16",336600
25250,250,1000,"sd","09:56:59",336400
25250,250,200,"sd","09:56:32",335400
25250,250,2100,"sd","09:56:24",335200
25250,250,300,"sd","09:56:24",333100
25300,300,300,"bu","09:55:39",332800
25300,300,700,"bu","09:55:39",332500
25300,300,100,"bu","09:55:38",331800
25300,300,1200,"bu","09:55:35",331700
25300,300,800,"bu","09:55:35",330500
25300,300,200,"bu","09:55:12",329700
25250,250,1300,"sd","09:54:26",329500
25250,250,1600,"sd","09:54:26",328200
25250,250,900,"sd","09:52:25",326600
25250,250,1000,"sd","09:52:25",325700
25250,250,100,"sd","09:52:22",324700
25250,250,100,"sd","09:51:55",324600
25300,300,200,"bu","09:51:13",324500
25300,300,100,"bu","09:51:07",324300
25200,200,200,"sd","09:50:12",324200
25200,200,100,"sd","09:50:12",324000
25200,200,100,"sd","09:50:09",323900
25200,200,300,"sd","09:49:55",323800
25200,200,200,"sd","09:49:23",323500
25200,200,800,"sd","09:49:23",323300
25200,200,300,"sd","09:49:23",322500
25200,200,100,"sd","09:49:11",322200
25200,200,200,"sd","09:48:32",322100
25200,200,100,"sd","09:48:30",321900
25200,200,500,"sd","09:47:34",321800
25200,200,1000,"sd","09:46:23",321300
25200,200,2300,"sd","09:45:29",320300
25200,200,300,"sd","09:45:29",318000
25200,200,300,"sd","09:45:29",317700
25200,200,600,"sd","09:45:29",317400
25200,200,4400,"bu","09:44:32",316800
25200,200,500,"sd","09:44:21",312400
25200,200,2000,"sd","09:44:21",311900
25200,200,100,"sd","09:44:21",309900
25200,200,1000,"sd","09:44:21",309800
25200,200,100,"sd","09:44:21",308800
25200,200,5000,"sd","09:44:21",308700
25200,200,100,"sd","09:44:21",303700
25200,200,400,"sd","09:44:21",303600
25200,200,600,"sd","09:44:21",303200
25200,200,100,"sd","09:44:21",302600
25200,200,200,"sd","09:44:21",302500
25200,200,5000,"sd","09:44:21",302300
25200,200,5000,"sd","09:44:21",297300
25250,250,2000,"sd","09:44:21",292300
25250,250,100,"sd","09:44:21",290300
25250,250,600,"sd","09:44:21",290200
25250,250,100,"sd","09:44:21",289600
25250,250,500,"sd","09:44:21",289500
25250,250,200,"sd","09:44:21",289000
25250,250,300,"sd","09:43:20",288800
25250,250,200,"sd","09:40:59",288500
25250,250,100,"unknown","09:40:25",288300
25250,250,500,"unknown","09:40:25",288200
25250,250,400,"unknown","09:40:25",287700
25250,250,500,"bu","09:40:03",287300
25250,250,1500,"bu","09:40:03",286800
25250,250,100,"bu","09:40:02",285300
25250,250,100,"bu","09:39:38",285200
25250,250,1000,"bu","09:39:35",285100
25250,250,1000,"bu","09:39:26",284100
25250,250,500,"bu","09:39:11",283100
25250,250,500,"bu","09:39:11",282600
25250,250,300,"sd","09:38:55",282100
25250,250,5000,"sd","09:38:55",281800
25250,250,100,"sd","09:38:55",276800
25250,250,100,"sd","09:38:55",276700
25250,250,2000,"sd","09:38:55",276600
25250,250,800,"sd","09:38:55",274600
25300,300,1000,"sd","09:38:55",273800
25300,300,500,"sd","09:38:55",272800
25300,300,1000,"sd","09:38:55",272300
25300,300,500,"sd","09:38:55",271300
25300,300,1000,"sd","09:38:55",270800
25300,300,4000,"sd","09:38:55",269800
25300,300,100,"sd","09:38:55",265800
25300,300,800,"sd","09:38:55",265700
25300,300,3000,"sd","09:38:55",264900
25300,300,100,"sd","09:38:55",261900
25300,300,300,"sd","09:38:55",261800
25300,300,800,"sd","09:38:55",261500
25350,350,900,"sd","09:38:55",260700
25250,250,3000,"sd","09:38:55",259800
25350,350,100,"bu","09:38:53",256800
25350,350,200,"bu","09:38:48",256700
25350,350,800,"bu","09:38:48",256500
25350,350,1200,"bu","09:38:27",255700
25350,350,400,"bu","09:38:27",254500
25350,350,3400,"bu","09:38:27",254100
25350,350,100,"bu","09:38:25",250700
25350,350,1000,"bu","09:38:21",250600
25350,350,2000,"bu","09:38:13",249600
25300,300,400,"sd","09:38:02",247600
25300,300,8800,"sd","09:37:55",247200
25300,300,100,"sd","09:37:55",238400
25300,300,500,"sd","09:37:55",238300
25300,300,500,"sd","09:37:55",237800
25300,300,100,"sd","09:37:55",237300
25300,300,1000,"sd","09:37:42",237200
25300,300,100,"sd","09:37:22",236200
25300,300,600,"sd","09:37:14",236100
25350,350,100,"sd","09:36:31",235500
25350,350,4200,"sd","09:36:31",235400
25350,350,200,"sd","09:36:31",231200
25350,350,2000,"sd","09:36:31",231000
25350,350,300,"sd","09:36:31",229000
25350,350,1900,"sd","09:36:31",228700
25350,350,3000,"sd","09:36:17",226800
25350,350,200,"sd","09:36:09",223800
25350,350,1000,"sd","09:35:57",223600
25400,400,500,"bu","09:35:38",222600
25400,400,100,"bu","09:35:03",222100
25350,350,500,"sd","09:34:45",222000
25350,350,100,"sd","09:33:54",221500
25350,350,100,"bu","09:33:51",221400
25350,350,900,"bu","09:33:51",221300
25350,350,100,"bu","09:33:51",220400
25300,300,1000,"sd","09:33:50",220300
25350,350,400,"bu","09:33:09",219300
25350,350,100,"sd","09:32:52",218900
25350,350,100,"sd","09:32:48",218800
25350,350,200,"sd","09:32:46",218700
25350,350,100,"sd","09:32:41",218500
25350,350,100,"sd","09:32:25",218400
25350,350,4900,"sd","09:32:25",218300
25350,350,100,"sd","09:32:25",213400
25350,350,200,"sd","09:32:25",213300
25350,350,100,"sd","09:32:25",213100
25350,350,300,"sd","09:32:19",213000
25350,350,100,"sd","09:31:56",212700
25350,350,200,"sd","09:31:56",212600
25350,350,3300,"sd","09:31:56",212400
25350,350,1700,"sd","09:31:50",209100
25350,350,1000,"sd","09:31:50",207400
25350,350,2300,"sd","09:31:50",206400
25350,350,400,"sd","09:31:27",204100
25350,350,300,"sd","09:31:16",203700
25350,350,300,"sd","09:31:16",203400
25350,350,900,"sd","09:31:16",203100
25350,350,900,"sd","09:31:16",202200
25400,400,200,"bu","09:31:16",201300
25350,350,100,"sd","09:31:00",201100
25400,400,3000,"bu","09:30:56",201000
25350,350,1100,"sd","09:30:40",198000
25350,350,500,"sd","09:30:40",196900
25400,400,400,"bu","09:30:27",196400
25400,400,4000,"bu","09:30:09",196000
25400,400,1000,"bu","09:30:09",192000
25400,400,100,"bu","09:29:55",191000
25400,400,100,"sd","09:29:20",190900
25400,400,400,"sd","09:29:20",190800
25400,400,500,"sd","09:29:20",190400
25400,400,1000,"sd","09:29:04",189900
25400,400,200,"bu","09:28:44",188900
25400,400,200,"bu","09:28:44",188700
25400,400,1500,"bu","09:28:44",188500
25400,400,500,"bu","09:28:44",187000
25400,400,100,"bu","09:28:44",186500
25400,400,200,"bu","09:28:44",186400
25350,350,200,"sd","09:28:30",186200
25350,350,300,"bu","09:28:26",186000
25350,350,200,"sd","09:28:23",185700
25350,350,500,"sd","09:28:18",185500
25350,350,300,"sd","09:28:13",185000
25350,350,100,"sd","09:28:13",184700
25350,350,200,"sd","09:28:13",184600
25350,350,300,"sd","09:28:13",184400
25350,350,1000,"sd","09:28:13",184100
25350,350,400,"sd","09:28:13",183100
25300,300,700,"sd","09:27:43",182700
25300,300,300,"sd","09:27:42",182000
25300,300,2000,"sd","09:27:30",181700
25300,300,200,"sd","09:27:22",179700
25300,300,1000,"sd","09:27:02",179500
25350,350,100,"sd","09:26:28",178500
25350,350,4900,"sd","09:26:17",178400
25350,350,5000,"sd","09:26:17",173500
25350,350,100,"sd","09:26:17",168500
25350,350,200,"sd","09:26:17",168400
25350,350,100,"sd","09:26:17",168200
25350,350,500,"sd","09:26:17",168100
25350,350,900,"sd","09:26:17",167600
25350,350,100,"sd","09:25:55",166700
25350,350,800,"sd","09:25:38",166600
25400,400,100,"sd","09:25:38",165800
25400,400,100,"sd","09:25:38",165700
25400,400,200,"sd","09:25:31",165600
25450,450,300,"unknown","09:25:31",165400
25450,450,11500,"unknown","09:25:31",165100
25450,450,100,"sd","09:25:29",153600
25450,450,100,"sd","09:25:27",153500
25450,450,100,"sd","09:25:27",153400
25450,450,1000,"bu","09:25:26",153300
25450,450,1800,"bu","09:25:26",152300
25450,450,100,"bu","09:25:26",150500
25450,450,100,"bu","09:25:26",150400
25450,450,100,"bu","09:25:26",150300
25450,450,100,"bu","09:25:26",150200
25450,450,1400,"bu","09:25:26",150100
25450,450,200,"bu","09:25:26",148700
25450,450,1000,"bu","09:25:26",148500
25450,450,500,"bu","09:25:26",147500
25450,450,500,"bu","09:25:26",147000
25450,450,100,"bu","09:25:26",146500
25450,450,1000,"bu","09:25:26",146400
25400,400,3000,"sd","09:25:26",145400
25400,400,500,"sd","09:25:25",142400
25400,400,300,"sd","09:25:21",141900
25450,450,400,"bu","09:25:19",141600
25400,400,500,"sd","09:25:19",141200
25400,400,5000,"sd","09:25:15",140700
25400,400,400,"sd","09:25:10",135700
25400,400,400,"sd","09:25:05",135300
25400,400,5000,"sd","09:25:01",134900
25400,400,500,"sd","09:24:55",129900
25450,450,500,"bu","09:24:32",129400
25450,450,200,"bu","09:24:13",128900
25450,450,500,"bu","09:24:08",128700
25450,450,100,"bu","09:24:02",128200
25400,400,5000,"sd","09:23:48",128100
25400,400,100,"sd","09:23:48",123100
25400,400,6000,"sd","09:23:48",123000
25400,400,4000,"sd","09:23:48",117000
25400,400,500,"sd","09:23:48",113000
25400,400,2000,"bu","09:23:48",112500
25400,400,100,"bu","09:23:48",110500
25400,400,200,"bu","09:23:48",110400
25400,400,100,"bu","09:23:48",110200
25400,400,900,"bu","09:23:48",110100
25400,400,500,"bu","09:23:28",109200
25400,400,100,"bu","09:23:28",108700
25350,350,400,"sd","09:23:17",108600
25350,350,500,"sd","09:23:17",108200
25350,350,100,"sd","09:23:17",107700
25400,400,200,"bu","09:22:40",107600
25350,350,100,"sd","09:22:12",107400
25400,400,300,"bu","09:22:06",107300
25400,400,100,"bu","09:22:06",107000
25350,350,800,"sd","09:21:58",106900
25350,350,1800,"sd","09:21:58",106100
25400,400,200,"bu","09:21:53",104300
25400,400,300,"bu","09:21:51",104100
25400,400,100,"bu","09:21:31",103800
25350,350,200,"sd","09:21:30",103700
25350,350,200,"sd","09:21:29",103500
25350,350,300,"sd","09:21:23",103300
25350,350,500,"sd","09:21:15",103000
25350,350,100,"bu","09:21:04",102500
25350,350,100,"bu","09:21:00",102400
25350,350,1900,"bu","09:21:00",102300
25350,350,500,"bu","09:20:53",100400
25350,350,400,"bu","09:20:51",99900
25350,350,100,"bu","09:20:31",99500
25350,350,100,"bu","09:20:31",99400
25400,400,100,"bu","09:20:20",99300
25350,350,200,"sd","09:20:18",99200
25350,350,200,"sd","09:20:18",99000
25350,350,5000,"sd","09:20:18",98800
25350,350,500,"sd","09:20:18",93800
25350,350,100,"sd","09:20:18",93300
25400,400,300,"bu","09:20:12",93200
25400,400,100,"bu","09:20:12",92900
25400,400,600,"bu","09:20:12",92800
25400,400,100,"bu","09:20:08",92200
25400,400,900,"bu","09:20:01",92100
25350,350,100,"sd","09:20:00",91200
25350,350,100,"sd","09:19:51",91100
25400,400,400,"bu","09:19:44",91000
25400,400,200,"bu","09:19:44",90600
25350,350,1000,"bu","09:19:32",90400
25350,350,400,"bu","09:19:32",89400
25350,350,600,"bu","09:19:18",89000
25350,350,1000,"bu","09:19:18",88400
25350,350,3400,"bu","09:19:18",87400
25350,350,100,"sd","09:19:06",84000
25350,350,1500,"sd","09:19:06",83900
25350,350,100,"sd","09:19:04",82400
25350,350,200,"sd","09:19:03",82300
25350,350,3000,"sd","09:19:03",82100
25350,350,200,"sd","09:18:57",79100
25400,400,100,"bu","09:18:40",78900
25400,400,100,"sd","09:18:30",78800
25400,400,100,"sd","09:18:30",78700
25400,400,500,"sd","09:18:30",78600
25400,400,4500,"sd","09:18:18",78100
25400,400,500,"sd","09:18:18",73600
25450,450,3000,"sd","09:18:17",73100
25450,450,3000,"sd","09:18:17",70100
25500,500,500,"bu","09:18:15",67100
25450,450,2000,"sd","09:18:15",66600
25500,500,1000,"sd","09:17:53",64600
25500,500,100,"sd","09:17:53",63600
25500,500,1900,"sd","09:17:43",63500
25500,500,1000,"sd","09:17:43",61600
25500,500,4300,"sd","09:17:43",60600
25500,500,200,"sd","09:17:43",56300
25500,500,5000,"sd","09:17:43",56100
25500,500,2000,"sd","09:17:43",51100
25500,500,100,"sd","09:17:43",49100
25500,500,1000,"sd","09:17:43",49000
25500,500,2800,"sd","09:17:43",48000
25550,550,500,"sd","09:17:43",45200
25550,550,1200,"sd","09:17:43",44700
25600,600,400,"bu","09:17:38",43500
25600,600,200,"bu","09:17:38",43100
25600,600,100,"bu","09:17:38",42900
25600,600,400,"bu","09:17:35",42800
25600,600,300,"bu","09:17:35",42400
25600,600,1000,"bu","09:17:35",42100
25600,600,300,"bu","09:17:35",41100
25600,600,700,"bu","09:17:24",40800
25600,600,100,"bu","09:17:24",40100
25550,550,500,"sd","09:17:22",40000
25550,550,300,"sd","09:17:09",39500
25550,550,4700,"bu","09:17:05",39200
25600,600,500,"bu","09:17:03",34500
25550,550,300,"sd","09:16:57",34000
25550,550,200,"sd","09:16:57",33700
25550,550,100,"sd","09:16:56",33500
25600,600,1000,"bu","09:16:44",33400
25500,500,500,"sd","09:16:29",32400
25600,600,1400,"bu","09:16:29",31900
25600,600,500,"bu","09:16:29",30500
25600,600,500,"bu","09:16:29",30000
25600,600,300,"bu","09:16:29",29500
25600,600,1000,"bu","09:16:28",29200
25550,550,300,"bu","09:16:28",28200
25550,550,1000,"bu","09:16:28",27900
25500,500,4700,"sd","09:16:12",26900
25500,500,5300,"bu","09:16:04",22200
25500,500,500,"bu","09:16:04",16900
25500,500,500,"bu","09:16:04",16400
25500,500,100,"bu","09:16:04",15900
25500,500,500,"bu","09:16:04",15800
25500,500,100,"bu","09:16:04",15300
25500,500,1000,"bu","09:16:04",15200
25450,450,1000,"unknown","09:15:47",14200
25400,400,500,"sd","09:15:43",13200
25400,400,100,"bu","09:15:34",12700
25400,400,400,"bu","09:15:26",12600
25400,400,600,"bu","09:15:26",12200
25400,400,300,"bu","09:15:20",11600
25400,400,100,"bu","09:15:18",11300
25350,350,100,"bu","09:15:12",11200
25350,350,1000,"bu","09:15:12",11100
25300,300,10100,"sd","09:15:02",10100
