"price","change","match_qtty","side","time","total_vol"
14300,-150,39000,"sd","14:45:00",1388500
14350,-100,5000,"bu","14:29:50",1349500
14350,-100,200,"bu","14:29:44",1344500
14350,-100,600,"bu","14:29:27",1344300
14350,-100,1000,"bu","14:29:27",1343700
14350,-100,1000,"bu","14:29:27",1342700
14350,-100,2400,"bu","14:29:27",1341700
14350,-100,600,"bu","14:29:18",1339300
14350,-100,100,"bu","14:29:01",1338700
14350,-100,1000,"bu","14:28:59",1338600
14350,-100,900,"bu","14:28:49",1337600
14350,-100,100,"bu","14:28:49",1336700
14350,-100,300,"bu","14:28:41",1336600
14350,-100,100,"bu","14:28:41",1336300
14350,-100,600,"bu","14:28:41",1336200
14300,-150,100,"sd","14:28:33",1335600
14300,-150,1000,"sd","14:28:30",1335500
14300,-150,1000,"sd","14:28:12",1334500
14300,-150,500,"sd","14:28:11",1333500
14300,-150,200,"sd","14:27:53",1333000
14300,-150,200,"sd","14:27:32",1332800
14300,-150,7000,"sd","14:27:08",1332600
14350,-100,200,"bu","14:27:03",1325600
14350,-100,2300,"bu","14:26:54",1325400
14350,-100,700,"bu","14:26:54",1323100
14300,-150,3700,"sd","14:26:52",1322400
14350,-100,300,"bu","14:26:13",1318700
14350,-100,200,"bu","14:26:13",1318400
14300,-150,2500,"sd","14:26:10",1318200
14350,-100,300,"bu","14:26:03",1315700
14350,-100,100,"bu","14:25:52",1315400
14350,-100,1000,"bu","14:25:51",1315300
14350,-100,100,"bu","14:25:40",1314300
14300,-150,1000,"sd","14:25:06",1314200
14350,-100,300,"bu","14:25:00",1313200
14350,-100,300,"bu","14:24:51",1312900
14350,-100,100,"bu","14:24:42",1312600
14350,-100,100,"bu","14:24:25",1312500
14350,-100,100,"bu","14:24:08",1312400
14350,-100,100,"sd","14:24:07",1312300
14350,-100,1900,"sd","14:23:18",1312200
14350,-100,100,"sd","14:23:18",1310300
14350,-100,500,"sd","14:23:18",1310200
14350,-100,1000,"sd","14:23:18",1309700
14400,-50,1000,"bu","14:23:15",1308700
14350,-100,500,"sd","14:22:50",1307700
14350,-100,1000,"sd","14:22:15",1307200
14350,-100,2500,"sd","14:22:15",1306200
14350,-100,100,"sd","14:22:15",1303700
14350,-100,1400,"sd","14:22:15",1303600
14350,-100,1600,"sd","14:22:15",1302200
14350,-100,300,"sd","14:22:15",1300600
14350,-100,5000,"sd","14:22:15",1300300
14350,-100,100,"sd","14:22:15",1295300
14350,-100,1000,"sd","14:22:15",1295200
14350,-100,2000,"sd","14:22:15",1294200
14400,-50,500,"bu","14:22:14",1292200
14400,-50,100,"bu","14:22:03",1291700
14400,-50,200,"bu","14:22:03",1291600
14350,-100,100,"sd","14:21:57",1291400
14350,-100,600,"sd","14:21:57",1291300
14400,-50,800,"bu","14:21:54",1290700
14400,-50,200,"bu","14:21:54",1289900
14400,-50,1800,"bu","14:21:46",1289700
14400,-50,1500,"bu","14:21:46",1287900
14400,-50,5000,"bu","14:21:46",1286400
14400,-50,1700,"bu","14:21:46",1281400
14400,-50,100,"sd","14:20:46",1279700
14400,-50,100,"sd","14:20:46",1279600
14400,-50,100,"sd","14:20:46",1279500
14400,-50,300,"sd","14:20:43",1279400
14400,-50,200,"sd","14:20:43",1279100
14400,-50,500,"sd","14:20:43",1278900
14400,-50,300,"sd","14:20:37",1278400
14400,-50,100,"sd","14:20:33",1278100
14450,0,100,"bu","14:20:01",1278000
14450,0,1500,"bu","14:19:19",1277900
14450,0,300,"bu","14:18:22",1276400
14450,0,100,"bu","14:18:22",1276100
14450,0,600,"bu","14:18:22",1276000
14450,0,400,"bu","14:18:11",1275400
14450,0,100,"bu","14:18:11",1275000
14450,0,500,"bu","14:18:11",1274900
14450,0,100,"bu","14:17:32",1274400
14400,-50,100,"bu","14:17:07",1274300
14400,-50,100,"bu","14:17:05",1274200
14400,-50,200,"bu","14:17:02",1274100
14350,-100,700,"sd","14:16:59",1273900
14400,-50,200,"bu","14:16:53",1273200
14400,-50,500,"bu","14:16:45",1273000
14400,-50,3000,"bu","14:16:45",1272500
14400,-50,200,"bu","14:16:45",1269500
14400,-50,1300,"bu","14:16:45",1269300
14400,-50,700,"bu","14:16:23",1268000
14400,-50,200,"bu","14:16:23",1267300
14400,-50,100,"bu","14:16:23",1267100
14400,-50,1000,"bu","14:16:23",1267000
14350,-100,1600,"bu","14:16:06",1266000
14350,-100,400,"bu","14:16:05",1264400
14350,-100,100,"bu","14:16:05",1264000
14300,-150,1000,"sd","14:15:32",1263900
14300,-150,500,"sd","14:15:32",1262900
14300,-150,300,"sd","14:15:32",1262400
14300,-150,200,"bu","14:15:32",1262100
14300,-150,200,"bu","14:15:26",1261900
14300,-150,1000,"bu","14:15:26",1261700
14250,-200,5000,"sd","14:15:17",1260700
14250,-200,2000,"sd","14:14:53",1255700
14250,-200,100,"sd","14:13:45",1253700
14300,-150,100,"bu","14:13:15",1253600
14300,-150,5000,"sd","14:12:15",1253500
14300,-150,900,"sd","14:12:15",1248500
14300,-150,1100,"sd","14:12:04",1247600
14300,-150,900,"sd","14:12:04",1246500
14300,-150,300,"bu","14:10:16",1245600
14300,-150,1400,"bu","14:10:16",1245300
14300,-150,1000,"bu","14:10:16",1243900
14300,-150,100,"bu","14:10:16",1242900
14300,-150,300,"bu","14:10:16",1242800
14300,-150,1000,"bu","14:10:14",1242500
14300,-150,3000,"bu","14:10:10",1241500
14300,-150,1200,"bu","14:10:04",1238500
14250,-200,100,"sd","14:09:53",1237300
14250,-200,2000,"sd","14:09:13",1237200
14300,-150,100,"bu","14:08:44",1235200
14250,-200,300,"sd","14:08:22",1235100
14250,-200,200,"sd","14:08:04",1234800
14300,-150,100,"bu","14:07:50",1234600
14300,-150,500,"bu","14:06:26",1234500
14300,-150,400,"bu","14:05:51",1234000
14300,-150,900,"bu","14:05:06",1233600
14300,-150,1000,"bu","14:05:00",1232700
14300,-150,500,"bu","14:04:44",1231700
14250,-200,2000,"sd","14:04:39",1231200
14250,-200,2000,"sd","14:04:37",1229200
14300,-150,100,"bu","14:03:59",1227200
14250,-200,2000,"sd","14:03:57",1227100
14250,-200,100,"sd","14:03:57",1225100
14250,-200,200,"sd","14:03:57",1225000
14250,-200,100,"sd","14:03:57",1224800
14250,-200,200,"sd","14:03:57",1224700
14250,-200,200,"sd","14:03:57",1224500
14250,-200,200,"sd","14:03:57",1224300
14250,-200,100,"sd","14:02:35",1224100
14250,-200,100,"sd","14:02:35",1224000
14250,-200,100,"sd","14:02:35",1223900
14250,-200,300,"sd","14:02:35",1223800
14250,-200,1000,"sd","14:02:35",1223500
14250,-200,100,"sd","14:02:35",1222500
14250,-200,1900,"sd","14:02:35",1222400
14250,-200,100,"sd","14:02:21",1220500
14250,-200,500,"sd","14:02:21",1220400
14250,-200,1300,"sd","14:02:21",1219900
14250,-200,100,"sd","14:02:21",1218600
14300,-150,100,"bu","14:01:45",1218500
14300,-150,200,"bu","14:01:38",1218400
14300,-150,600,"sd","14:01:37",1218200
14300,-150,400,"bu","14:01:31",1217600
14300,-150,2600,"sd","14:01:30",1217200
14300,-150,200,"sd","14:01:26",1214600
14300,-150,200,"sd","14:01:13",1214400
14300,-150,100,"sd","14:01:13",1214200
14300,-150,1000,"sd","14:01:13",1214100
14300,-150,500,"sd","14:01:13",1213100
14300,-150,200,"sd","14:01:13",1212600
14300,-150,200,"sd","14:01:13",1212400
14300,-150,100,"sd","14:01:13",1212200
14300,-150,3000,"sd","14:01:13",1212100
14300,-150,1000,"sd","14:01:13",1209100
14300,-150,200,"sd","14:01:13",1208100
14300,-150,1100,"sd","14:01:13",1207900
14300,-150,200,"sd","14:01:13",1206800
14300,-150,200,"sd","14:01:13",1206600
14300,-150,100,"sd","14:01:13",1206400
14300,-150,100,"sd","14:01:13",1206300
14300,-150,200,"sd","14:01:13",1206200
14300,-150,5000,"sd","14:01:13",1206000
14300,-150,200,"sd","14:01:13",1201000
14300,-150,100,"sd","14:01:13",1200800
14300,-150,2300,"sd","14:01:13",1200700
14300,-150,2700,"sd","14:01:09",1198400
14300,-150,1000,"sd","14:01:09",1195700
14300,-150,4300,"sd","14:01:09",1194700
14300,-150,700,"sd","14:01:05",1190400
14300,-150,1000,"sd","14:01:05",1189700
14300,-150,100,"sd","14:01:05",1188700
14300,-150,100,"sd","14:01:05",1188600
14300,-150,3000,"sd","14:01:05",1188500
14300,-150,100,"sd","14:01:05",1185500
14350,-100,500,"bu","14:00:39",1185400
14350,-100,1000,"bu","14:00:39",1184900
14350,-100,200,"sd","13:59:12",1183900
14350,-100,300,"sd","13:59:12",1183700
14350,-100,3300,"sd","13:58:47",1183400
14350,-100,500,"sd","13:58:47",1180100
14350,-100,3000,"sd","13:57:43",1179600
14350,-100,1300,"sd","13:56:49",1176600
14350,-100,200,"bu","13:56:26",1175300
14350,-100,100,"bu","13:55:56",1175100
14350,-100,1000,"bu","13:55:56",1175000
14350,-100,3900,"bu","13:55:56",1174000
14300,-150,100,"sd","13:55:10",1170100
14300,-150,800,"sd","13:53:49",1170000
14300,-150,100,"sd","13:53:49",1169200
14300,-150,100,"sd","13:53:49",1169100
14350,-100,200,"bu","13:53:13",1169000
14350,-100,100,"sd","13:53:08",1168800
14350,-100,100,"sd","13:53:08",1168700
14350,-100,500,"sd","13:53:08",1168600
14350,-100,500,"sd","13:53:08",1168100
14350,-100,200,"sd","13:53:08",1167600
14350,-100,1100,"sd","13:53:08",1167400
14350,-100,100,"sd","13:52:20",1166300
14350,-100,1800,"sd","13:52:17",1166200
14350,-100,200,"sd","13:52:17",1164400
14350,-100,400,"sd","13:51:48",1164200
14350,-100,5000,"sd","13:51:48",1163800
14350,-100,4600,"sd","13:51:48",1158800
14350,-100,400,"sd","13:51:48",1154200
14350,-100,200,"sd","13:51:10",1153800
14350,-100,200,"sd","13:51:10",1153600
14350,-100,800,"sd","13:50:31",1153400
14350,-100,500,"sd","13:50:31",1152600
14350,-100,1100,"sd","13:50:31",1152100
14350,-100,100,"sd","13:50:31",1151000
14350,-100,2400,"sd","13:50:31",1150900
14350,-100,800,"sd","13:47:48",1148500
14400,-50,100,"bu","13:47:22",1147700
14350,-100,1800,"sd","13:46:35",1147600
14350,-100,100,"sd","13:46:35",1145800
14350,-100,500,"sd","13:46:35",1145700
14350,-100,100,"sd","13:46:35",1145200
14350,-100,900,"sd","13:46:35",1145100
14350,-100,2100,"sd","13:46:12",1144200
14350,-100,2900,"sd","13:46:11",1142100
14400,-50,2000,"bu","13:45:45",1139200
14450,0,500,"sd","13:44:47",1137200
14450,0,500,"sd","13:44:47",1136700
14450,0,100,"sd","13:44:47",1136200
14450,0,100,"sd","13:44:47",1136100
14450,0,200,"sd","13:44:47",1136000
14450,0,100,"sd","13:44:47",1135800
14450,0,1900,"sd","13:44:47",1135700
14450,0,100,"sd","13:44:45",1133800
14450,0,1000,"sd","13:44:41",1133700
14450,0,100,"sd","13:44:36",1132700
14450,0,1100,"sd","13:44:21",1132600
14450,0,100,"sd","13:44:20",1131500
14450,0,1500,"sd","13:44:13",1131400
14450,0,2500,"sd","13:44:13",1129900
14450,0,1000,"sd","13:44:13",1127400
14450,0,2000,"sd","13:44:13",1126400
14450,0,100,"sd","13:43:27",1124400
14500,50,1900,"bu","13:43:10",1124300
14500,50,2000,"bu","13:43:10",1122400
14500,50,1000,"bu","13:43:10",1120400
14500,50,100,"bu","13:43:10",1119400
14450,0,1000,"sd","13:42:59",1119300
14450,0,3000,"sd","13:42:05",1118300
14450,0,700,"sd","13:41:51",1115300
14450,0,1000,"bu","13:40:52",1114600
14400,-50,500,"bu","13:40:52",1113600
14400,-50,500,"bu","13:40:52",1113100
14400,-50,200,"bu","13:40:52",1112600
14400,-50,1100,"bu","13:40:52",1112400
14400,-50,700,"bu","13:40:52",1111300
14400,-50,200,"bu","13:40:52",1110600
14450,0,1000,"bu","13:40:52",1110400
14450,0,400,"bu","13:40:52",1109400
14450,0,700,"bu","13:40:52",1109000
14400,-50,100,"bu","13:40:52",1108300
14400,-50,1700,"bu","13:40:34",1108200
14400,-50,200,"bu","13:40:34",1106500
14400,-50,3100,"bu","13:40:34",1106300
14400,-50,900,"bu","13:40:09",1103200
14400,-50,100,"bu","13:40:09",1102300
14400,-50,100,"bu","13:39:35",1102200
14350,-100,1100,"sd","13:37:31",1102100
14350,-100,300,"sd","13:37:31",1101000
14350,-100,500,"sd","13:37:31",1100700
14350,-100,1300,"sd","13:37:31",1100200
14400,-50,2000,"bu","13:36:51",1098900
14350,-100,1000,"sd","13:36:34",1096900
14350,-100,1000,"sd","13:36:34",1095900
14350,-100,3000,"bu","13:36:18",1094900
14350,-100,15000,"bu","13:36:18",1091900
14350,-100,100,"bu","13:35:54",1076900
14350,-100,500,"bu","13:35:43",1076800
14350,-100,100,"bu","13:35:38",1076300
14350,-100,100,"bu","13:35:31",1076200
14350,-100,100,"bu","13:35:29",1076100
14350,-100,900,"bu","13:35:25",1076000
14350,-100,500,"bu","13:35:22",1075100
14350,-100,500,"bu","13:35:07",1074600
14350,-100,100,"bu","13:34:53",1074100
14350,-100,100,"bu","13:34:53",1074000
14350,-100,100,"bu","13:34:47",1073900
14350,-100,200,"bu","13:34:41",1073800
14350,-100,1500,"bu","13:34:26",1073600
14350,-100,100,"bu","13:34:15",1072100
14400,-50,400,"bu","13:34:02",1072000
14350,-100,500,"bu","13:34:02",1071600
14350,-100,100,"bu","13:34:02",1071100
14350,-100,600,"sd","13:33:50",1071000
14350,-100,1400,"bu","13:33:32",1070400
14350,-100,500,"bu","13:33:20",1069000
14350,-100,100,"bu","13:33:20",1068500
14350,-100,400,"bu","13:33:06",1068400
14350,-100,500,"bu","13:33:05",1068000
14350,-100,500,"bu","13:33:01",1067500
14350,-100,500,"bu","13:32:53",1067000
14350,-100,2500,"bu","13:32:50",1066500
14350,-100,1000,"bu","13:32:50",1064000
14350,-100,1500,"bu","13:32:50",1063000
14350,-100,500,"bu","13:31:14",1061500
14350,-100,500,"bu","13:31:03",1061000
14350,-100,100,"bu","13:31:00",1060500
14350,-100,300,"bu","13:30:24",1060400
14350,-100,2000,"bu","13:29:51",1060100
14350,-100,500,"bu","13:29:51",1058100
14350,-100,200,"bu","13:29:51",1057600
14350,-100,5900,"bu","13:29:51",1057400
14300,-150,400,"sd","13:29:44",1051500
14350,-100,100,"bu","13:29:40",1051100
14350,-100,1000,"bu","13:29:31",1051000
14350,-100,1000,"bu","13:28:38",1050000
14350,-100,100,"bu","13:28:03",1049000
14350,-100,100,"bu","13:28:00",1048900
14350,-100,300,"bu","13:27:49",1048800
14300,-150,100,"bu","13:26:51",1048500
14300,-150,2000,"bu","13:26:51",1048400
14300,-150,200,"bu","13:26:50",1046400
14300,-150,100,"bu","13:26:02",1046200
14300,-150,100,"bu","13:25:46",1046100
14300,-150,500,"sd","13:25:29",1046000
14300,-150,100,"sd","13:25:20",1045500
14300,-150,300,"bu","13:25:19",1045400
14300,-150,1000,"bu","13:25:18",1045100
14300,-150,200,"bu","13:25:07",1044100
14300,-150,100,"bu","13:25:03",1043900
14300,-150,1400,"bu","13:24:58",1043800
14300,-150,1000,"bu","13:24:58",1042400
14300,-150,3000,"bu","13:24:58",1041400
14300,-150,500,"bu","13:24:58",1038400
14300,-150,100,"bu","13:24:58",1037900
14300,-150,14000,"bu","13:24:58",1037800
14300,-150,3000,"bu","13:24:16",1023800
14250,-200,5000,"sd","13:24:03",1020800
14250,-200,10300,"sd","13:23:46",1015800
14250,-200,4000,"sd","13:23:15",1005500
14250,-200,600,"sd","13:22:40",1001500
14300,-150,500,"bu","13:22:02",1000900
14300,-150,100,"bu","13:21:48",1000400
14300,-150,2000,"bu","13:21:47",1000300
14300,-150,400,"sd","13:19:05",998300
14300,-150,100,"bu","13:18:19",997900
14300,-150,1000,"sd","13:17:11",997800
14300,-150,800,"sd","13:16:47",996800
14300,-150,200,"sd","13:16:39",996000
14300,-150,900,"bu","13:16:38",995800
14300,-150,100,"bu","13:16:38",994900
14250,-200,8900,"sd","13:16:27",994800
14250,-200,200,"sd","13:16:27",985900
14250,-200,100,"sd","13:16:27",985700
14250,-200,800,"sd","13:16:27",985600
14300,-150,100,"bu","13:15:26",984800
14300,-150,100,"bu","13:15:26",984700
14300,-150,100,"bu","13:14:07",984600
14300,-150,300,"bu","13:14:00",984500
14300,-150,600,"bu","13:14:00",984200
14300,-150,200,"bu","13:13:40",983600
14300,-150,1000,"bu","13:13:08",983400
14300,-150,100,"bu","13:13:03",982400
14300,-150,5000,"bu","13:12:54",982300
14300,-150,200,"sd","13:12:50",977300
14300,-150,500,"sd","13:12:50",977100
14300,-150,300,"sd","13:12:50",976600
14300,-150,2100,"sd","13:12:50",976300
14300,-150,2900,"sd","13:12:43",974200
14300,-150,100,"sd","13:12:43",971300
14300,-150,1000,"sd","13:12:43",971200
14300,-150,500,"sd","13:12:43",970200
14300,-150,200,"sd","13:12:28",969700
14300,-150,1000,"sd","13:12:12",969500
14350,-100,2000,"bu","13:12:12",968500
14300,-150,300,"sd","13:12:04",966500
14300,-150,500,"sd","13:12:04",966200
14300,-150,1200,"sd","13:12:04",965700
14300,-150,2000,"sd","13:11:29",964500
14300,-150,1800,"sd","13:11:12",962500
14300,-150,200,"sd","13:11:12",960700
14300,-150,1000,"bu","13:10:52",960500
14300,-150,400,"bu","13:10:47",959500
14300,-150,200,"bu","13:10:47",959100
14300,-150,4400,"bu","13:10:47",958900
14300,-150,5000,"bu","13:10:42",954500
14250,-200,400,"sd","13:10:39",949500
14250,-200,500,"sd","13:09:36",949100
14250,-200,500,"bu","13:09:36",948600
14250,-200,800,"bu","13:09:36",948100
14250,-200,400,"bu","13:09:21",947300
14250,-200,500,"bu","13:09:07",946900
14250,-200,300,"bu","13:08:54",946400
14250,-200,200,"bu","13:08:53",946100
14250,-200,300,"bu","13:08:53",945900
14250,-200,500,"bu","13:08:47",945600
14250,-200,100,"bu","13:08:42",945100
14250,-200,100,"sd","13:08:16",945000
14250,-200,2800,"sd","13:08:09",944900
14250,-200,200,"sd","13:08:09",942100
14250,-200,400,"bu","13:08:05",941900
14200,-250,100,"sd","13:08:04",941500
14250,-200,100,"bu","13:08:00",941400
14200,-250,100,"sd","13:07:04",941300
14200,-250,1000,"sd","13:06:55",941200
14150,-300,2400,"sd","13:06:33",940200
14200,-250,100,"sd","13:06:33",937800
14200,-250,300,"sd","13:06:33",937700
14200,-250,200,"sd","13:06:33",937400
14200,-250,300,"sd","13:06:26",937200
14200,-250,500,"sd","13:06:26",936900
14200,-250,200,"sd","13:06:26",936400
14200,-250,800,"sd","13:06:16",936200
14200,-250,1400,"sd","13:06:16",935400
14200,-250,8600,"sd","13:06:03",934000
14200,-250,500,"sd","13:06:03",925400
14200,-250,400,"sd","13:06:03",924900
14200,-250,500,"sd","13:06:03",924500
14200,-250,300,"bu","13:04:26",924000
14200,-250,500,"bu","13:04:22",923700
14200,-250,500,"bu","13:04:22",923200
14200,-250,1000,"bu","13:04:10",922700
14200,-250,700,"bu","13:04:09",921700
14200,-250,3300,"bu","13:03:43",921000
14200,-250,100,"bu","13:03:43",917700
14200,-250,1700,"bu","13:03:43",917600
14200,-250,1000,"bu","13:03:38",915900
14200,-250,1000,"bu","13:03:26",914900
14200,-250,700,"bu","13:03:24",913900
14200,-250,2300,"bu","13:03:24",913200
14200,-250,700,"bu","13:02:51",910900
14200,-250,800,"bu","13:02:41",910200
14150,-300,6000,"sd","13:02:33",909400
14150,-300,2900,"sd","13:02:32",903400
14200,-250,100,"sd","13:02:13",900500
14200,-250,1000,"sd","13:02:13",900400
14200,-250,100,"sd","13:02:13",899400
14200,-250,2800,"sd","13:02:00",899300
14200,-250,200,"sd","13:02:00",896500
14200,-250,400,"sd","13:02:00",896300
14200,-250,100,"sd","13:02:00",895900
14200,-250,100,"sd","13:02:00",895800
14200,-250,500,"sd","13:02:00",895700
14200,-250,500,"sd","13:02:00",895200
14200,-250,500,"sd","13:02:00",894700
14200,-250,400,"sd","13:02:00",894200
14200,-250,100,"sd","13:02:00",893800
14200,-250,200,"sd","13:02:00",893700
14200,-250,500,"sd","13:02:00",893500
14200,-250,100,"sd","13:02:00",893000
14200,-250,200,"sd","13:02:00",892900
14200,-250,1500,"sd","13:02:00",892700
14200,-250,100,"sd","13:02:00",891200
14200,-250,500,"sd","13:02:00",891100
14200,-250,100,"sd","13:02:00",890600
14200,-250,1000,"sd","13:02:00",890500
14200,-250,200,"sd","13:02:00",889500
14200,-250,300,"sd","13:01:57",889300
14200,-250,9500,"sd","13:01:43",889000
14200,-250,200,"sd","13:01:43",879500
14200,-250,100,"sd","13:01:43",879300
14200,-250,100,"sd","13:01:43",879200
14200,-250,100,"sd","13:01:43",879100
14200,-250,200,"sd","13:01:43",879000
14200,-250,100,"sd","13:01:43",878800
14200,-250,100,"sd","13:01:43",878700
14200,-250,600,"sd","13:01:43",878600
14200,-250,1000,"sd","13:01:07",878000
14200,-250,400,"sd","13:00:11",877000
14200,-250,100,"sd","13:00:11",876600
14200,-250,5000,"sd","13:00:11",876500
14200,-250,1000,"sd","13:00:11",871500
14200,-250,100,"sd","13:00:11",870500
14200,-250,300,"sd","13:00:11",870400
14250,-200,800,"sd","13:00:11",870100
14250,-200,100,"sd","13:00:11",869300
14250,-200,200,"sd","13:00:11",869200
14250,-200,1800,"sd","13:00:10",869000
14250,-200,700,"sd","13:00:10",867200
14250,-200,200,"sd","13:00:10",866500
14250,-200,1000,"sd","13:00:10",866300
14250,-200,300,"sd","13:00:10",865300
14250,-200,200,"sd","13:00:10",865000
14250,-200,200,"sd","13:00:10",864800
14250,-200,500,"sd","13:00:10",864600
14250,-200,100,"sd","13:00:10",864100
14250,-200,2600,"sd","13:00:10",864000
14250,-200,300,"sd","13:00:10",861400
14250,-200,100,"sd","13:00:10",861100
14250,-200,3000,"sd","13:00:09",861000
14250,-200,2000,"sd","13:00:09",858000
14250,-200,100,"sd","13:00:09",856000
14250,-200,100,"sd","13:00:09",855900
14250,-200,600,"sd","13:00:09",855800
14250,-200,10000,"sd","13:00:09",855200
14250,-200,300,"sd","13:00:09",845200
14250,-200,100,"sd","13:00:09",844900
14250,-200,300,"sd","13:00:09",844800
14250,-200,100,"sd","13:00:09",844500
14250,-200,100,"sd","13:00:09",844400
14250,-200,200,"sd","13:00:09",844300
14250,-200,100,"sd","13:00:09",844100
14250,-200,1000,"sd","13:00:09",844000
14250,-200,2000,"sd","13:00:09",843000
14300,-150,100,"bu","13:00:07",841000
14300,-150,1800,"bu","13:00:03",840900
14300,-150,200,"unknown","13:00:01",839100
14300,-150,300,"sd","11:29:59",838900
14300,-150,1700,"sd","11:29:59",838600
14300,-150,3000,"sd","11:29:34",836900
14300,-150,5000,"bu","11:29:10",833900
14300,-150,4000,"bu","11:29:10",828900
14300,-150,6300,"bu","11:29:10",824900
14300,-150,500,"bu","11:28:27",818600
14300,-150,300,"bu","11:27:54",818100
14300,-150,1000,"sd","11:26:16",817800
14300,-150,500,"sd","11:26:16",816800
14300,-150,100,"sd","11:26:16",816300
14300,-150,20000,"sd","11:26:16",816200
14300,-150,600,"sd","11:26:16",796200
14300,-150,100,"sd","11:26:16",795600
14300,-150,9600,"sd","11:26:16",795500
14300,-150,900,"sd","11:25:27",785900
14300,-150,300,"sd","11:25:27",785000
14300,-150,100,"sd","11:25:27",784700
14300,-150,1500,"sd","11:25:27",784600
14300,-150,1000,"sd","11:25:27",783100
14300,-150,500,"sd","11:25:27",782100
14300,-150,100,"sd","11:25:27",781600
14300,-150,1000,"sd","11:25:27",781500
14300,-150,2200,"sd","11:25:27",780500
14300,-150,500,"sd","11:25:27",778300
14300,-150,5000,"sd","11:25:27",777800
14300,-150,500,"sd","11:25:27",772800
14300,-150,100,"sd","11:25:27",772300
14300,-150,10000,"sd","11:25:27",772200
14300,-150,1000,"sd","11:25:27",762200
14300,-150,100,"sd","11:25:27",761200
14300,-150,1100,"sd","11:25:27",761100
14300,-150,200,"sd","11:25:27",760000
14300,-150,200,"sd","11:25:27",759800
14300,-150,3000,"sd","11:25:27",759600
14300,-150,2000,"sd","11:25:27",756600
14300,-150,1000,"sd","11:25:27",754600
14300,-150,2000,"sd","11:25:27",753600
14300,-150,100,"sd","11:25:27",751600
14300,-150,5000,"sd","11:25:27",751500
14300,-150,600,"sd","11:25:27",746500
14300,-150,200,"sd","11:21:41",745900
14300,-150,1800,"sd","11:19:18",745700
14300,-150,200,"sd","11:19:18",743900
14300,-150,100,"sd","11:17:19",743700
14300,-150,2000,"sd","11:16:23",743600
14300,-150,700,"sd","11:14:44",741600
14350,-100,2000,"sd","11:14:14",740900
14350,-100,3600,"sd","11:14:14",738900
14350,-100,1400,"sd","11:13:06",735300
14350,-100,3000,"sd","11:13:06",733900
14350,-100,10600,"sd","11:13:06",730900
14350,-100,1000,"sd","11:12:48",720300
14350,-100,500,"sd","11:10:31",719300
14350,-100,300,"sd","11:09:57",718800
14350,-100,700,"bu","11:09:53",718500
14350,-100,500,"bu","11:09:53",717800
14350,-100,10000,"bu","11:09:53",717300
14350,-100,300,"bu","11:09:53",707300
14350,-100,100,"bu","11:08:49",707000
14350,-100,200,"bu","11:07:00",706900
14300,-150,100,"sd","11:06:10",706700
14300,-150,300,"sd","11:05:48",706600
14350,-100,100,"bu","11:05:38",706300
14350,-100,100,"bu","11:04:49",706200
14350,-100,200,"bu","11:04:47",706100
14350,-100,1000,"bu","11:04:38",705900
14350,-100,300,"bu","11:04:21",704900
14350,-100,600,"bu","11:04:07",704600
14350,-100,1500,"bu","11:04:07",704000
14350,-100,100,"bu","11:02:16",702500
14350,-100,300,"sd","11:01:34",702400
14350,-100,100,"sd","11:01:34",702100
14350,-100,900,"sd","11:01:25",702000
14350,-100,100,"sd","11:01:25",701100
14350,-100,2000,"sd","11:01:25",701000
14350,-100,3000,"sd","11:01:09",699000
14350,-100,100,"sd","11:01:09",696000
14350,-100,100,"sd","11:01:09",695900
14350,-100,1900,"sd","11:01:09",695800
14350,-100,100,"sd","11:01:09",693900
14350,-100,600,"sd","11:01:09",693800
14350,-100,1200,"sd","11:01:09",693200
14350,-100,200,"sd","10:58:45",692000
14350,-100,1600,"sd","10:58:00",691800
14350,-100,400,"sd","10:58:00",690200
14350,-100,100,"sd","10:57:29",689800
14350,-100,100,"sd","10:56:02",689700
14350,-100,100,"sd","10:53:34",689600
14350,-100,300,"sd","10:52:41",689500
14350,-100,200,"sd","10:52:41",689200
14350,-100,300,"sd","10:50:24",689000
14350,-100,500,"sd","10:49:40",688700
14350,-100,1500,"bu","10:48:33",688200
14350,-100,200,"bu","10:48:33",686700
14350,-100,300,"bu","10:48:12",686500
14350,-100,200,"bu","10:47:53",686200
14350,-100,500,"sd","10:46:53",686000
14350,-100,200,"bu","10:46:36",685500
14350,-100,300,"bu","10:46:36",685300
14350,-100,200,"bu","10:45:54",685000
14350,-100,100,"bu","10:45:54",684800
14350,-100,100,"bu","10:45:52",684700
14350,-100,100,"bu","10:45:48",684600
14300,-150,100,"sd","10:45:22",684500
14300,-150,200,"sd","10:45:22",684400
14300,-150,400,"sd","10:45:22",684200
14350,-100,400,"bu","10:45:05",683800
14350,-100,100,"bu","10:44:58",683400
14350,-100,100,"bu","10:44:57",683300
14350,-100,1000,"bu","10:44:36",683200
14350,-100,100,"bu","10:41:14",682200
14350,-100,800,"sd","10:38:48",682100
14350,-100,100,"sd","10:38:47",681300
14350,-100,500,"sd","10:38:47",681200
14350,-100,1000,"sd","10:38:47",680700
14350,-100,2000,"sd","10:38:47",679700
14350,-100,2000,"sd","10:38:47",677700
14350,-100,1000,"sd","10:38:47",675700
14350,-100,100,"sd","10:38:47",674700
14350,-100,200,"sd","10:38:47",674600
14350,-100,100,"sd","10:38:47",674400
14350,-100,200,"sd","10:38:47",674300
14350,-100,1000,"sd","10:36:09",674100
14350,-100,1000,"sd","10:35:38",673100
14350,-100,800,"sd","10:33:56",672100
14350,-100,500,"sd","10:33:56",671300
14350,-100,600,"sd","10:33:56",670800
14350,-100,1000,"sd","10:33:56",670200
14350,-100,1200,"sd","10:33:56",669200
14350,-100,6500,"sd","10:33:25",668000
14350,-100,1000,"bu","10:31:25",661500
14350,-100,1000,"bu","10:31:25",660500
14350,-100,300,"bu","10:31:25",659500
14350,-100,100,"bu","10:31:04",659200
14350,-100,100,"bu","10:30:53",659100
14350,-100,100,"bu","10:30:53",659000
14350,-100,1000,"bu","10:29:41",658900
14300,-150,600,"sd","10:29:35",657900
14300,-150,100,"sd","10:29:35",657300
14300,-150,300,"sd","10:29:35",657200
14300,-150,300,"sd","10:28:34",656900
14300,-150,900,"sd","10:28:34",656600
14300,-150,100,"sd","10:28:34",655700
14300,-150,100,"sd","10:28:34",655600
14300,-150,600,"sd","10:28:34",655500
14300,-150,1000,"bu","10:27:22",654900
14300,-150,400,"bu","10:27:22",653900
14300,-150,100,"sd","10:26:54",653500
14300,-150,500,"sd","10:26:54",653400
14300,-150,100,"bu","10:26:05",652900
14300,-150,100,"sd","10:25:54",652800
14300,-150,800,"sd","10:25:54",652700
14300,-150,100,"sd","10:24:45",651900
14300,-150,1000,"sd","10:24:45",651800
14300,-150,300,"sd","10:24:45",650800
14300,-150,300,"sd","10:24:45",650500
14300,-150,2000,"sd","10:24:45",650200
14300,-150,300,"sd","10:24:45",648200
14300,-150,100,"sd","10:24:29",647900
14300,-150,400,"sd","10:24:29",647800
14350,-100,100,"bu","10:24:07",647400
14300,-150,9000,"sd","10:23:57",647300
14300,-150,4600,"sd","10:23:45",638300
14300,-150,100,"sd","10:23:45",633700
14300,-150,100,"sd","10:23:45",633600
14300,-150,9200,"sd","10:23:45",633500
14350,-100,100,"bu","10:23:36",624300
14350,-100,100,"bu","10:20:39",624200
14350,-100,100,"bu","10:19:28",624100
14350,-100,100,"bu","10:16:37",624000
14350,-100,200,"bu","10:16:31",623900
14350,-100,300,"bu","10:16:31",623700
14350,-100,200,"bu","10:16:31",623400
14350,-100,300,"bu","10:16:31",623200
14350,-100,200,"bu","10:16:18",622900
14300,-150,300,"sd","10:16:03",622700
14300,-150,100,"sd","10:16:03",622400
14300,-150,100,"sd","10:16:03",622300
14300,-150,500,"sd","10:16:03",622200
14300,-150,2000,"sd","10:15:14",621700
14300,-150,2000,"sd","10:15:01",619700
14350,-100,500,"bu","10:14:28",617700
14300,-150,400,"sd","10:14:03",617200
14300,-150,100,"bu","10:13:20",616800
14300,-150,300,"sd","10:13:15",616700
14300,-150,300,"sd","10:13:15",616400
14300,-150,100,"sd","10:13:15",616100
14300,-150,200,"sd","10:13:15",616000
14300,-150,700,"bu","10:11:14",615800
14300,-150,200,"bu","10:10:54",615100
14300,-150,100,"bu","10:10:44",614900
14300,-150,2000,"bu","10:10:31",614800
14300,-150,2100,"bu","10:10:25",612800
14300,-150,700,"sd","10:10:15",610700
14300,-150,2000,"sd","10:10:15",610000
14300,-150,100,"sd","10:10:15",608000
14300,-150,100,"sd","10:10:15",607900
14300,-150,900,"sd","10:10:15",607800
14300,-150,100,"sd","10:10:15",606900
14300,-150,100,"sd","10:10:15",606800
14300,-150,200,"sd","10:10:15",606700
14300,-150,500,"sd","10:10:15",606500
14300,-150,20000,"sd","10:10:15",606000
14300,-150,1000,"sd","10:10:15",586000
14300,-150,100,"sd","10:10:15",585000
14300,-150,1000,"sd","10:10:15",584900
14300,-150,100,"sd","10:10:15",583900
14300,-150,100,"sd","10:10:15",583800
14300,-150,200,"sd","10:10:15",583700
14300,-150,100,"sd","10:10:15",583500
14300,-150,1000,"sd","10:10:15",583400
14300,-150,2000,"sd","10:10:15",582400
14300,-150,500,"sd","10:10:15",580400
14300,-150,100,"sd","10:10:15",579900
14300,-150,200,"sd","10:10:15",579800
14300,-150,100,"sd","10:10:15",579600
14300,-150,500,"sd","10:10:15",579500
14350,-100,2000,"sd","10:10:15",579000
14350,-100,100,"sd","10:10:15",577000
14350,-100,1000,"sd","10:10:15",576900
14350,-100,2000,"sd","10:10:15",575900
14350,-100,200,"sd","10:10:15",573900
14350,-100,300,"sd","10:10:15",573700
14350,-100,200,"sd","10:10:15",573400
14350,-100,100,"sd","10:10:15",573200
14350,-100,100,"sd","10:10:15",573100
14350,-100,3900,"sd","10:10:15",573000
14350,-100,1100,"sd","10:09:58",569100
14350,-100,100,"sd","10:09:58",568000
14350,-100,3000,"sd","10:09:58",567900
14350,-100,700,"sd","10:09:58",564900
14350,-100,200,"sd","10:09:58",564200
14350,-100,100,"sd","10:09:35",564000
14350,-100,200,"sd","10:09:29",563900
14350,-100,500,"sd","10:09:29",563700
14350,-100,100,"sd","10:07:19",563200
14350,-100,100,"sd","10:07:19",563100
14350,-100,1000,"sd","10:07:19",563000
14350,-100,200,"sd","10:07:19",562000
14350,-100,100,"sd","10:07:19",561800
14400,-50,100,"bu","10:06:26",561700
14400,-50,100,"bu","10:05:56",561600
14400,-50,100,"bu","10:05:31",561500
14400,-50,100,"bu","10:05:17",561400
14400,-50,100,"bu","10:05:00",561300
14400,-50,100,"sd","10:03:27",561200
14400,-50,100,"sd","10:03:27",561100
14400,-50,300,"sd","10:03:27",561000
14400,-50,3000,"sd","10:03:27",560700
14400,-50,200,"sd","10:03:27",557700
14400,-50,1000,"sd","10:03:27",557500
14400,-50,100,"sd","10:03:27",556500
14400,-50,100,"sd","10:03:27",556400
14400,-50,100,"sd","10:03:27",556300
14400,-50,100,"sd","10:03:27",556200
14400,-50,2000,"sd","10:03:27",556100
14400,-50,2000,"sd","10:03:27",554100
14400,-50,200,"sd","10:03:27",552100
14400,-50,100,"sd","10:03:27",551900
14400,-50,700,"sd","10:03:27",551800
14400,-50,1500,"sd","10:03:27",551100
14400,-50,3800,"sd","10:03:27",549600
14400,-50,100,"sd","10:03:26",545800
14450,0,400,"sd","10:02:58",545700
14450,0,200,"sd","10:02:58",545300
14450,0,100,"sd","10:02:58",545100
14450,0,200,"sd","10:02:58",545000
14450,0,100,"sd","10:02:58",544800
14450,0,500,"sd","10:02:58",544700
14450,0,100,"sd","10:02:34",544200
14450,0,100,"sd","10:00:08",544100
14400,-50,500,"sd","09:59:04",544000
14400,-50,7100,"sd","09:58:02",543500
14400,-50,200,"sd","09:58:02",536400
14400,-50,500,"sd","09:58:02",536200
14400,-50,100,"sd","09:58:02",535700
14400,-50,100,"sd","09:58:02",535600
14400,-50,100,"sd","09:58:02",535500
14400,-50,100,"sd","09:58:02",535400
14400,-50,1000,"sd","09:58:02",535300
14400,-50,100,"sd","09:58:02",534300
14400,-50,100,"sd","09:58:02",534200
14450,0,600,"sd","09:58:02",534100
14450,0,400,"sd","09:57:55",533500
14450,0,300,"sd","09:57:55",533100
14450,0,300,"sd","09:57:24",532800
14450,0,200,"sd","09:57:24",532500
14450,0,2600,"sd","09:57:24",532300
14450,0,2200,"sd","09:57:08",529700
14450,0,15000,"bu","09:56:36",527500
14450,0,200,"bu","09:56:36",512500
14450,0,100,"sd","09:54:45",512300
14450,0,100,"sd","09:54:45",512200
14500,50,200,"bu","09:54:04",512100
14450,0,400,"sd","09:54:00",511900
14450,0,2000,"sd","09:54:00",511500
14450,0,200,"sd","09:54:00",509500
14450,0,2000,"sd","09:54:00",509300
14450,0,200,"sd","09:54:00",507300
14450,0,200,"sd","09:54:00",507100
14450,0,100,"sd","09:54:00",506900
14450,0,300,"sd","09:54:00",506800
14450,0,100,"sd","09:54:00",506500
14450,0,1000,"sd","09:54:00",506400
14450,0,200,"sd","09:54:00",505400
14450,0,1400,"sd","09:54:00",505200
14450,0,200,"sd","09:54:00",503800
14450,0,3500,"sd","09:54:00",503600
14450,0,10000,"sd","09:54:00",500100
14450,0,18200,"sd","09:54:00",490100
14500,50,100,"sd","09:53:41",471900
14500,50,100,"sd","09:53:41",471800
14500,50,100,"sd","09:53:37",471700
14500,50,1900,"sd","09:53:37",471600
14500,50,2100,"sd","09:53:24",469700
14500,50,200,"sd","09:53:21",467600
14500,50,300,"sd","09:53:21",467400
14500,50,100,"sd","09:53:21",467100
14500,50,200,"sd","09:53:21",467000
14500,50,1000,"sd","09:53:21",466800
14500,50,400,"sd","09:53:21",465800
14500,50,2800,"sd","09:53:21",465400
14500,50,400,"sd","09:52:42",462600
14500,50,7000,"sd","09:52:05",462200
14500,50,3000,"sd","09:51:49",455200
14500,50,3000,"sd","09:50:07",452200
14550,100,1800,"bu","09:49:47",449200
14550,100,7000,"bu","09:49:47",447400
14550,100,700,"bu","09:49:47",440400
14550,100,500,"bu","09:49:47",439700
14500,50,3800,"sd","09:49:35",439200
14500,50,200,"sd","09:49:35",435400
14500,50,5000,"sd","09:49:35",435200
14500,50,500,"sd","09:49:35",430200
14500,50,1000,"sd","09:49:35",429700
14500,50,100,"sd","09:49:35",428700
14500,50,200,"sd","09:49:35",428600
14500,50,3000,"sd","09:49:35",428400
14500,50,500,"sd","09:49:35",425400
14550,100,300,"bu","09:49:04",424900
14550,100,100,"bu","09:49:03",424600
14550,100,100,"bu","09:48:43",424500
14550,100,1000,"bu","09:48:27",424400
14550,100,10000,"bu","09:48:16",423400
14550,100,300,"bu","09:47:48",413400
14500,50,100,"sd","09:47:26",413100
14550,100,3000,"sd","09:47:13",413000
14550,100,4700,"sd","09:47:13",410000
14550,100,5300,"sd","09:46:56",405300
14550,100,900,"sd","09:46:56",400000
14550,100,2200,"sd","09:46:56",399100
14600,150,100,"bu","09:46:53",396900
14600,150,200,"bu","09:46:53",396800
14550,100,300,"sd","09:46:37",396600
14600,150,300,"bu","09:46:33",396300
14600,150,1000,"bu","09:46:33",396000
14600,150,5000,"bu","09:46:33",395000
14600,150,400,"bu","09:46:33",390000
14600,150,800,"bu","09:46:33",389600
14600,150,500,"bu","09:46:33",388800
14600,150,2000,"bu","09:46:33",388300
14550,100,500,"sd","09:46:22",386300
14550,100,4900,"sd","09:46:05",385800
14550,100,1100,"bu","09:45:47",380900
14550,100,100,"sd","09:45:46",379800
14550,100,200,"sd","09:45:46",379700
14550,100,1600,"sd","09:45:46",379500
14550,100,500,"sd","09:45:42",377900
14550,100,4400,"sd","09:45:27",377400
14550,100,3000,"sd","09:45:26",373000
14550,100,100,"bu","09:44:49",370000
14550,100,100,"bu","09:44:49",369900
14550,100,300,"bu","09:44:49",369800
14500,50,300,"sd","09:44:12",369500
14550,100,200,"bu","09:44:03",369200
14550,100,200,"bu","09:43:41",369000
14550,100,1000,"bu","09:43:30",368800
14550,100,1800,"bu","09:43:30",367800
14550,100,300,"bu","09:43:30",366000
14550,100,900,"bu","09:43:30",365700
14550,100,1000,"sd","09:43:05",364800
14550,100,400,"sd","09:43:04",363800
14550,100,2000,"sd","09:43:04",363400
14550,100,500,"sd","09:43:04",361400
14550,100,200,"sd","09:43:04",360900
14550,100,300,"sd","09:42:54",360700
14550,100,700,"sd","09:42:54",360400
14550,100,100,"sd","09:42:33",359700
14600,150,2000,"bu","09:42:31",359600
14600,150,3000,"bu","09:42:31",357600
14550,100,1000,"sd","09:41:57",354600
14550,100,800,"sd","09:41:46",353600
14550,100,2000,"sd","09:41:05",352800
14550,100,5000,"sd","09:41:05",350800
14550,100,400,"bu","09:40:54",345800
14550,100,100,"bu","09:40:53",345400
14550,100,500,"bu","09:40:45",345300
14550,100,4500,"bu","09:40:45",344800
14550,100,1300,"bu","09:40:32",340300
14550,100,700,"bu","09:40:32",339000
14550,100,400,"sd","09:38:23",338300
14550,100,200,"sd","09:38:06",337900
14550,100,300,"sd","09:38:06",337700
14550,100,200,"sd","09:38:06",337400
14550,100,200,"sd","09:37:22",337200
14550,100,2800,"sd","09:37:22",337000
14550,100,300,"sd","09:37:11",334200
14700,250,1300,"bu","09:36:40",333900
14700,250,100,"bu","09:36:40",332600
14700,250,100,"bu","09:36:40",332500
14700,250,100,"bu","09:36:40",332400
14650,200,100,"bu","09:36:40",332300
14650,200,1000,"bu","09:36:40",332200
14600,150,7300,"bu","09:36:40",331200
14600,150,400,"sd","09:36:34",323900
14600,150,20000,"sd","09:36:34",323500
14600,150,22300,"sd","09:36:34",303500
14600,150,200,"sd","09:36:26",281200
14600,150,10000,"sd","09:36:17",281000
14700,250,100,"bu","09:36:17",271000
14700,250,200,"bu","09:36:17",270900
14700,250,500,"bu","09:36:17",270700
14700,250,300,"bu","09:36:17",270200
14700,250,3000,"bu","09:36:17",269900
14700,250,100,"bu","09:36:17",266900
14650,200,1000,"bu","09:36:17",266800
14650,200,200,"bu","09:36:17",265800
14650,200,500,"bu","09:36:17",265600
14650,200,300,"bu","09:36:17",265100
14650,200,300,"bu","09:36:17",264800
14650,200,500,"bu","09:36:17",264500
14600,150,50000,"sd","09:35:59",264000
14600,150,100,"sd","09:35:57",214000
14600,150,500,"sd","09:35:56",213900
14600,150,2000,"sd","09:35:45",213400
14600,150,2000,"sd","09:35:37",211400
14600,150,2000,"sd","09:35:37",209400
14600,150,100,"sd","09:35:37",207400
14600,150,800,"sd","09:35:37",207300
14600,150,2000,"sd","09:35:37",206500
14600,150,200,"sd","09:35:37",204500
14600,150,10000,"bu","09:35:37",204300
14600,150,2000,"bu","09:35:37",194300
14600,150,3700,"bu","09:35:37",192300
14600,150,100,"bu","09:35:32",188600
14600,150,1200,"bu","09:35:23",188500
14600,150,500,"bu","09:35:23",187300
14550,100,2000,"bu","09:35:23",186800
14550,100,3300,"bu","09:35:23",184800
14550,100,500,"bu","09:35:22",181500
14550,100,1000,"bu","09:35:22",181000
14500,50,19100,"sd","09:35:21",180000
14500,50,200,"sd","09:35:21",160900
14500,50,10700,"sd","09:35:21",160700
14550,100,200,"bu","09:35:13",150000
14550,100,400,"bu","09:35:13",149800
14500,50,300,"bu","09:34:46",149400
14500,50,1000,"bu","09:34:46",149100
14500,50,2000,"bu","09:34:46",148100
14500,50,1000,"bu","09:34:46",146100
14500,50,1000,"bu","09:34:33",145100
14500,50,100,"sd","09:34:10",144100
14500,50,600,"sd","09:34:10",144000
14500,50,200,"sd","09:33:40",143400
14500,50,500,"sd","09:33:23",143200
14500,50,3000,"sd","09:32:50",142700
14500,50,400,"sd","09:32:44",139700
14500,50,4800,"bu","09:32:28",139300
14500,50,500,"bu","09:32:28",134500
14500,50,600,"bu","09:31:50",134000
14500,50,300,"bu","09:31:47",133400
14500,50,2100,"bu","09:31:39",133100
14500,50,3000,"bu","09:31:39",131000
14500,50,200,"bu","09:31:39",128000
14500,50,700,"bu","09:31:39",127800
14500,50,1300,"bu","09:31:21",127100
14500,50,200,"bu","09:31:21",125800
14500,50,100,"bu","09:31:21",125600
14500,50,100,"bu","09:31:21",125500
14500,50,500,"bu","09:31:21",125400
14450,0,400,"sd","09:31:11",124900
14450,0,11400,"sd","09:31:07",124500
14450,0,900,"sd","09:31:07",113100
14450,0,100,"bu","09:29:30",112200
14450,0,800,"bu","09:29:12",112100
14450,0,100,"bu","09:29:07",111300
14450,0,300,"bu","09:28:50",111200
14450,0,11500,"bu","09:28:50",110900
14450,0,1000,"bu","09:28:50",99400
14450,0,200,"bu","09:28:50",98400
14450,0,7000,"bu","09:28:50",98200
14450,0,100,"bu","09:28:27",91200
14400,-50,900,"sd","09:28:07",91100
14400,-50,100,"sd","09:28:07",90200
14400,-50,500,"sd","09:27:48",90100
14400,-50,100,"bu","09:27:26",89600
14350,-100,200,"sd","09:27:21",89500
14400,-50,100,"bu","09:27:03",89300
14400,-50,100,"bu","09:27:02",89200
14400,-50,300,"sd","09:26:37",89100
14400,-50,5000,"sd","09:26:37",88800
14400,-50,900,"sd","09:26:37",83800
14400,-50,100,"sd","09:26:37",82900
14400,-50,1000,"sd","09:26:37",82800
14400,-50,400,"sd","09:26:37",81800
14400,-50,200,"sd","09:26:27",81400
14400,-50,1200,"sd","09:26:25",81200
14450,0,2300,"bu","09:26:24",80000
14400,-50,1300,"sd","09:25:50",77700
14400,-50,500,"sd","09:25:50",76400
14400,-50,200,"sd","09:25:50",75900
14400,-50,100,"sd","09:25:36",75700
14450,0,200,"bu","09:25:23",75600
14400,-50,200,"sd","09:25:22",75400
14400,-50,500,"sd","09:25:06",75200
14400,-50,200,"sd","09:25:06",74700
14400,-50,100,"sd","09:25:06",74500
14450,0,400,"bu","09:24:57",74400
14400,-50,900,"sd","09:24:08",74000
14400,-50,100,"bu","09:24:07",73100
14400,-50,1000,"bu","09:24:05",73000
14400,-50,300,"bu","09:24:01",72000
14400,-50,1000,"bu","09:24:01",71700
14400,-50,3700,"bu","09:24:01",70700
14400,-50,500,"bu","09:24:01",67000
14400,-50,800,"bu","09:24:01",66500
14400,-50,100,"bu","09:23:52",65700
14400,-50,700,"bu","09:23:41",65600
14400,-50,100,"bu","09:23:30",64900
14350,-100,11900,"sd","09:23:28",64800
14350,-100,500,"sd","09:23:28",52900
14350,-100,3000,"sd","09:23:28",52400
14350,-100,1000,"sd","09:23:28",49400
14350,-100,100,"sd","09:23:28",48400
14400,-50,1000,"bu","09:23:10",48300
14400,-50,800,"bu","09:22:54",47300
14400,-50,1200,"bu","09:22:54",46500
14400,-50,700,"bu","09:22:39",45300
14400,-50,100,"bu","09:22:39",44600
14350,-100,100,"sd","09:20:24",44500
14350,-100,100,"bu","09:18:38",44400
14350,-100,500,"bu","09:18:27",44300
14350,-100,1900,"bu","09:18:19",43800
14350,-100,100,"bu","09:18:19",41900
14300,-150,300,"sd","09:18:18",41800
14300,-150,400,"sd","09:18:18",41500
14300,-150,100,"sd","09:18:18",41100
14300,-150,100,"sd","09:18:18",41000
14300,-150,7000,"sd","09:18:18",40900
14300,-150,100,"sd","09:18:18",33900
14300,-150,100,"sd","09:18:18",33800
14300,-150,7000,"sd","09:18:18",33700
14300,-150,100,"sd","09:18:18",26700
14350,-100,200,"bu","09:18:09",26600
14350,-100,400,"bu","09:18:07",26400
14350,-100,100,"bu","09:17:49",26000
14350,-100,5200,"sd","09:17:47",25900
14350,-100,10000,"sd","09:17:08",20700
14350,-100,100,"sd","09:17:08",10700
14350,-100,100,"sd","09:17:08",10600
14350,-100,300,"sd","09:17:08",10500
14350,-100,800,"sd","09:17:08",10200
14350,-100,1000,"sd","09:17:08",9400
14350,-100,1000,"sd","09:16:25",8400
14350,-100,1000,"bu","09:16:05",7400
14350,-100,300,"bu","09:15:54",6400
14350,-100,6100,"unknown","09:15:00",6100
