"price","change","match_qtty","side","time","total_vol"
13600,-200,44600,"unknown","14:45:01",968800
13700,-100,100,"bu","14:29:59",924200
13700,-100,100,"bu","14:29:48",924100
13600,-200,5000,"sd","14:29:43",924000
13700,-100,400,"bu","14:29:26",919000
13700,-100,300,"bu","14:28:46",918600
13700,-100,700,"bu","14:28:43",918300
13700,-100,3300,"sd","14:28:35",917600
13700,-100,6700,"sd","14:28:30",914300
13800,0,5000,"bu","14:28:28",907600
13700,-100,4700,"sd","14:28:13",902600
13700,-100,26600,"sd","14:28:03",897900
13700,-100,100,"unknown","14:27:45",871300
13700,-100,500,"bu","14:27:42",871200
13700,-100,1000,"sd","14:27:31",870700
13700,-100,500,"sd","14:27:25",869700
13700,-100,1500,"sd","14:27:24",869200
13700,-100,3000,"bu","14:27:22",867700
13700,-100,100,"unknown","14:27:01",864700
13700,-100,100,"bu","14:26:56",864600
13700,-100,100,"bu","14:26:38",864500
13700,-100,1000,"bu","14:26:37",864400
13700,-100,300,"sd","14:24:28",863400
13700,-100,400,"bu","14:24:12",863100
13700,-100,1100,"unknown","14:22:47",862700
13700,-100,600,"bu","14:22:41",861600
13700,-100,500,"bu","14:22:25",861000
13700,-100,100,"bu","14:21:58",860500
13700,-100,100,"bu","14:21:56",860400
13700,-100,800,"sd","14:21:05",860300
13700,-100,100,"unknown","14:20:19",859500
13700,-100,900,"unknown","14:19:16",859400
13700,-100,10000,"bu","14:19:09",858500
13700,-100,4100,"bu","14:18:56",848500
13700,-100,800,"bu","14:16:48",844400
13700,-100,300,"bu","14:16:47",843600
13700,-100,1000,"bu","14:16:39",843300
13700,-100,3300,"bu","14:16:31",842300
13700,-100,1000,"bu","14:16:29",839000
13700,-100,100,"bu","14:16:12",838000
13700,-100,100,"bu","14:16:08",837900
13700,-100,100,"bu","14:16:07",837800
13700,-100,500,"bu","14:15:58",837700
13700,-100,100,"bu","14:15:55",837200
13700,-100,1000,"bu","14:15:51",837100
13700,-100,10000,"bu","14:15:43",836100
13700,-100,4400,"bu","14:15:25",826100
13700,-100,200,"bu","14:14:31",821700
13700,-100,5000,"bu","14:13:41",821500
13700,-100,100,"bu","14:12:49",816500
13700,-100,100,"bu","14:12:26",816400
13700,-100,1000,"bu","14:12:22",816300
13600,-200,3200,"sd","14:10:24",815300
13600,-200,9600,"bu","14:09:55",812100
13600,-200,2000,"bu","14:09:54",802500
13600,-200,100,"bu","14:09:45",800500
13600,-200,3600,"bu","14:09:43",800400
13600,-200,14500,"bu","14:09:37",796800
13600,-200,500,"bu","14:08:47",782300
13600,-200,1000,"bu","14:07:35",781800
13600,-200,3000,"bu","14:07:30",780800
13600,-200,2000,"bu","14:07:06",777800
13500,-300,3500,"sd","14:06:11",775800
13500,-300,5000,"sd","14:04:52",772300
13500,-300,1000,"sd","14:02:56",767300
13600,-200,500,"bu","14:02:20",766300
13600,-200,200,"bu","14:00:48",765800
13500,-300,2000,"sd","14:00:07",765600
13500,-300,50500,"sd","13:59:58",763600
13600,-200,1400,"bu","13:58:55",713100
13500,-300,100,"sd","13:58:42",711700
13600,-200,100,"bu","13:58:41",711600
13600,-200,1300,"bu","13:58:37",711500
13600,-200,21700,"sd","13:56:30",710200
13700,-100,100,"bu","13:51:25",688500
13700,-100,100,"bu","13:50:27",688400
13600,-200,200,"sd","13:49:06",688300
13600,-200,1800,"sd","13:48:36",688100
13700,-100,10700,"bu","13:47:46",686300
13700,-100,200,"sd","13:47:19",675600
13700,-100,3800,"sd","13:47:16",675400
13700,-100,5000,"sd","13:46:56",671600
13700,-100,100,"sd","13:46:55",666600
13700,-100,2000,"sd","13:46:44",666500
13700,-100,2000,"sd","13:46:29",664500
13700,-100,2000,"sd","13:46:20",662500
13700,-100,1000,"sd","13:45:36",660500
13700,-100,300,"sd","13:40:12",659500
13700,-100,4200,"sd","13:40:01",659200
13700,-100,500,"bu","13:39:57",655000
13700,-100,4000,"bu","13:39:39",654500
13700,-100,5000,"bu","13:37:51",650500
13700,-100,900,"bu","13:36:51",645500
13700,-100,300,"bu","13:36:15",644600
13600,-200,100,"sd","13:36:03",644300
13700,-100,300,"bu","13:35:56",644200
13700,-100,5000,"bu","13:34:54",643900
13700,-100,1300,"sd","13:34:31",638900
13700,-100,8700,"sd","13:34:16",637600
13700,-100,300,"bu","13:34:13",628900
13700,-100,300,"bu","13:34:01",628600
13700,-100,3000,"bu","13:33:48",628300
13600,-200,3300,"sd","13:33:47",625300
13700,-100,17000,"bu","13:33:44",622000
13600,-200,100,"bu","13:32:12",605000
13600,-200,100,"bu","13:32:03",604900
13600,-200,400,"sd","13:32:02",604800
13600,-200,100,"unknown","13:31:19",604400
13600,-200,300,"bu","13:31:15",604300
13600,-200,300,"bu","13:31:12",604000
13600,-200,1000,"bu","13:31:10",603700
13600,-200,100,"bu","13:31:01",602700
13600,-200,3000,"bu","13:30:53",602600
13600,-200,1000,"bu","13:30:46",599600
13600,-200,2000,"bu","13:30:44",598600
13600,-200,100,"bu","13:30:42",596600
13600,-200,5000,"bu","13:30:40",596500
13600,-200,100,"bu","13:30:27",591500
13600,-200,100,"bu","13:30:15",591400
13600,-200,1000,"bu","13:30:04",591300
13600,-200,7100,"bu","13:29:55",590300
13600,-200,500,"sd","13:29:16",583200
13600,-200,5000,"sd","13:29:06",582700
13600,-200,100,"sd","13:26:46",577700
13600,-200,2200,"sd","13:25:18",577600
13600,-200,3000,"sd","13:23:56",575400
13600,-200,4000,"sd","13:23:48",572400
13600,-200,3900,"bu","13:23:28",568400
13600,-200,6300,"sd","13:23:08",564500
13600,-200,7000,"sd","13:23:03",558200
13600,-200,1000,"sd","13:22:31",551200
13600,-200,200,"sd","13:22:14",550200
13600,-200,3000,"sd","13:21:54",550000
13600,-200,1000,"sd","13:21:51",547000
13600,-200,500,"sd","13:21:13",546000
13600,-200,200,"sd","13:20:46",545500
13600,-200,100,"sd","13:20:38",545300
13600,-200,800,"sd","13:19:48",545200
13600,-200,100,"sd","13:19:05",544400
13600,-200,100,"sd","13:18:22",544300
13600,-200,2000,"sd","13:18:02",544200
13600,-200,300,"sd","13:17:56",542200
13600,-200,500,"sd","13:17:55",541900
13600,-200,200,"bu","13:17:53",541400
13600,-200,100,"sd","13:17:40",541200
13600,-200,9900,"bu","13:17:33",541100
13600,-200,400,"bu","13:16:51",531200
13600,-200,100,"bu","13:16:32",530800
13600,-200,500,"bu","13:15:49",530700
13600,-200,300,"sd","13:15:09",530200
13600,-200,5000,"bu","13:14:34",529900
13600,-200,2000,"sd","13:13:56",524900
13600,-200,1200,"sd","13:13:30",522900
13600,-200,2000,"sd","13:13:15",521700
13600,-200,10000,"sd","13:11:44",519700
13600,-200,5000,"sd","13:11:18",509700
13600,-200,1000,"sd","13:10:35",504700
13600,-200,3000,"sd","13:08:43",503700
13600,-200,500,"sd","13:06:13",500700
13600,-200,200,"sd","13:06:09",500200
13600,-200,2900,"bu","13:05:50",500000
13600,-200,1200,"bu","13:05:25",497100
13600,-200,900,"bu","13:05:15",495900
13600,-200,100,"sd","13:04:58",495000
13600,-200,200,"sd","13:04:45",494900
13600,-200,3000,"sd","13:04:31",494700
13600,-200,1000,"sd","13:04:24",491700
13600,-200,1000,"sd","13:03:51",490700
13600,-200,4000,"sd","13:03:45",489700
13600,-200,6900,"sd","13:03:40",485700
13600,-200,5000,"sd","13:03:24",478800
13600,-200,1000,"sd","13:03:03",473800
13600,-200,2000,"sd","13:02:58",472800
13600,-200,100,"sd","13:02:48",470800
13600,-200,2000,"sd","13:02:47",470700
13600,-200,2000,"sd","13:02:44",468700
13600,-200,3000,"sd","13:02:26",466700
13600,-200,3000,"sd","13:01:54",463700
13600,-200,500,"sd","13:01:50",460700
13600,-200,3000,"sd","13:01:32",460200
13600,-200,100,"sd","13:01:00",457200
13600,-200,1000,"sd","13:00:54",457100
13600,-200,20600,"sd","13:00:06",456100
13600,-200,4400,"sd","13:00:05",435500
13600,-200,5500,"sd","13:00:03",431100
13600,-200,800,"sd","13:00:02",425600
13700,-100,100,"bu","13:00:01",424800
13600,-200,300,"sd","11:29:40",424700
13600,-200,5000,"sd","11:27:53",424400
13600,-200,1000,"sd","11:27:51",419400
13600,-200,1000,"sd","11:27:49",418400
13600,-200,10000,"sd","11:27:18",417400
13600,-200,600,"sd","11:26:52",407400
13600,-200,500,"sd","11:21:11",406800
13600,-200,500,"sd","11:21:05",406300
13700,-100,100,"bu","11:16:03",405800
13700,-100,6000,"bu","11:09:53",405700
13700,-100,100,"bu","11:09:31",399700
13700,-100,500,"bu","11:05:34",399600
13700,-100,100,"bu","11:05:20",399100
13800,0,100,"bu","11:03:03",399000
13700,-100,100,"sd","11:02:09",398900
13700,-100,2000,"unknown","10:57:38",398800
13700,-100,300,"bu","10:57:04",396800
13700,-100,200,"bu","10:56:39",396500
13700,-100,4500,"bu","10:55:33",396300
13700,-100,300,"bu","10:54:59",391800
13700,-100,500,"bu","10:54:08",391500
13700,-100,100,"bu","10:53:01",391000
13700,-100,500,"bu","10:52:07",390900
13700,-100,3200,"sd","10:50:44",390400
13700,-100,500,"sd","10:50:35",387200
13700,-100,200,"sd","10:49:07",386700
13700,-100,200,"sd","10:48:32",386500
13700,-100,300,"sd","10:48:18",386300
13700,-100,600,"sd","10:47:00",386000
13700,-100,200,"sd","10:46:44",385400
13700,-100,18700,"sd","10:45:53",385200
13700,-100,600,"sd","10:42:40",366500
13700,-100,1000,"sd","10:42:20",365900
13700,-100,2100,"sd","10:41:44",364900
13700,-100,6500,"sd","10:40:48",362800
13700,-100,1000,"sd","10:39:04",356300
13700,-100,300,"sd","10:38:17",355300
13700,-100,500,"sd","10:38:06",355000
13700,-100,200,"sd","10:37:28",354500
13700,-100,100,"sd","10:33:18",354300
13700,-100,2500,"sd","10:32:07",354200
13700,-100,2000,"bu","10:30:18",351700
13700,-100,1000,"bu","10:28:56",349700
13700,-100,2100,"sd","10:27:44",348700
13700,-100,1500,"bu","10:26:19",346600
13700,-100,100,"bu","10:26:18",345100
13700,-100,100,"bu","10:25:13",345000
13700,-100,100,"bu","10:25:03",344900
13700,-100,1500,"bu","10:24:41",344800
13700,-100,100,"bu","10:24:39",343300
13700,-100,100,"bu","10:23:57",343200
13700,-100,10000,"bu","10:23:05",343100
13700,-100,2000,"bu","10:22:31",333100
13700,-100,300,"bu","10:21:24",331100
13600,-200,2000,"sd","10:19:53",330800
13700,-100,500,"bu","10:16:26",328800
13700,-100,200,"sd","10:14:57",328300
13700,-100,1000,"sd","10:13:40",328100
13700,-100,900,"bu","10:09:41",327100
13700,-100,2000,"bu","10:09:37",326200
13700,-100,100,"bu","10:08:54",324200
13700,-100,1000,"bu","10:08:44",324100
13700,-100,10000,"sd","10:08:32",323100
13700,-100,200,"sd","10:07:32",313100
13700,-100,3000,"sd","10:06:33",312900
13700,-100,10000,"sd","10:06:25",309900
13700,-100,100,"sd","10:05:55",299900
13700,-100,500,"sd","10:05:32",299800
13700,-100,400,"sd","10:04:53",299300
13700,-100,2100,"sd","10:02:15",298900
13700,-100,600,"bu","10:01:56",296800
13700,-100,100,"bu","10:01:34",296200
13700,-100,14300,"sd","10:01:12",296100
13700,-100,1000,"sd","09:59:56",281800
13700,-100,2000,"sd","09:59:49",280800
13800,0,1000,"bu","09:59:39",278800
13800,0,4800,"bu","09:59:02",277800
13700,-100,100,"sd","09:58:55",273000
13700,-100,600,"sd","09:58:42",272900
13700,-100,5000,"sd","09:57:13",272300
13700,-100,5000,"sd","09:57:03",267300
13700,-100,500,"sd","09:56:47",262300
13700,-100,400,"sd","09:55:20",261800
13700,-100,5000,"sd","09:55:13",261400
13700,-100,800,"sd","09:54:20",256400
13700,-100,10000,"sd","09:53:45",255600
13700,-100,3900,"sd","09:52:32",245600
13700,-100,21400,"sd","09:52:12",241700
13700,-100,2000,"sd","09:52:00",220300
13800,0,2500,"bu","09:50:34",218300
13800,0,500,"bu","09:50:23",215800
13800,0,5700,"bu","09:48:17",215300
13800,0,200,"sd","09:48:11",209600
13800,0,20000,"sd","09:48:04",209400
13800,0,10000,"sd","09:48:01",189400
13800,0,500,"sd","09:47:33",179400
13800,0,2000,"sd","09:44:27",178900
13900,100,500,"bu","09:43:38",176900
13900,100,1000,"bu","09:43:10",176400
13900,100,400,"bu","09:42:47",175400
13900,100,1000,"bu","09:41:45",175000
13800,0,100,"sd","09:40:53",174000
13800,0,45800,"sd","09:39:41",173900
13700,-100,1500,"sd","09:39:18",128100
13700,-100,100,"sd","09:38:50",126600
13800,0,2700,"bu","09:38:44",126500
13800,0,500,"bu","09:38:13",123800
13800,0,100,"bu","09:38:02",123300
13800,0,1500,"bu","09:37:27",123200
13800,0,100,"bu","09:36:42",121700
13700,-100,500,"sd","09:34:01",121600
13700,-100,500,"sd","09:33:10",121100
13800,0,1000,"bu","09:33:03",120600
13800,0,7500,"bu","09:32:29",119600
13700,-100,400,"sd","09:30:00",112100
13700,-100,1000,"bu","09:29:53",111700
13700,-100,800,"bu","09:29:51",110700
13700,-100,200,"bu","09:29:48",109900
13700,-100,3000,"bu","09:29:37",109700
13700,-100,10000,"bu","09:29:27",106700
13700,-100,1000,"bu","09:29:19",96700
13700,-100,2000,"bu","09:29:08",95700
13700,-100,100,"bu","09:28:33",93700
13700,-100,200,"bu","09:28:09",93600
13700,-100,3000,"bu","09:28:03",93400
13700,-100,200,"bu","09:27:02",90400
13700,-100,100,"bu","09:26:46",90200
13700,-100,400,"bu","09:25:26",90100
13700,-100,500,"bu","09:25:06",89700
13600,-200,600,"sd","09:24:57",89200
13600,-200,1000,"sd","09:24:15",88600
13600,-200,6000,"sd","09:23:45",87600
13600,-200,30000,"sd","09:23:25",81600
13600,-200,5000,"sd","09:23:22",51600
13600,-200,1000,"sd","09:23:10",46600
13600,-200,3000,"sd","09:22:44",45600
13700,-100,100,"bu","09:20:35",42600
13700,-100,800,"bu","09:20:25",42500
13700,-100,200,"bu","09:19:56",41700
13700,-100,2500,"bu","09:19:46",41500
13700,-100,100,"bu","09:19:34",39000
13700,-100,100,"bu","09:19:01",38900
13700,-100,1000,"bu","09:18:53",38800
13700,-100,100,"bu","09:18:27",37800
13700,-100,500,"bu","09:18:08",37700
13700,-100,1400,"bu","09:17:57",37200
13700,-100,100,"bu","09:17:51",35800
13700,-100,200,"bu","09:17:18",35700
13700,-100,100,"bu","09:17:15",35500
13700,-100,2500,"bu","09:15:46",35400
13700,-100,2000,"bu","09:14:28",32900
13700,-100,5600,"bu","09:14:22",30900
13700,-100,15000,"sd","09:12:35",25300
13700,-100,100,"sd","09:11:44",10300
13700,-100,400,"sd","09:11:40",10200
13700,-100,1000,"sd","09:09:46",9800
13800,0,1500,"bu","09:07:49",8800
13800,0,2100,"bu","09:04:36",7300
13800,0,1500,"bu","09:04:16",5200
13700,-100,500,"sd","09:03:22",3700
13800,0,1000,"bu","09:00:27",3200
13800,0,600,"bu","09:00:21",2200
13800,0,1400,"bu","09:00:11",1600
13800,0,200,"bu","09:00:06",200
