"price","change","match_qtty","side","time","total_vol"
187100,-2600,800,"sd","14:45:01",45300
187100,-2600,100,"sd","14:27:28",44500
187200,-2500,100,"sd","14:27:28",44400
187100,-2600,200,"sd","14:27:17",44300
187100,-2600,200,"sd","14:27:15",44100
187100,-2600,100,"sd","14:27:06",43900
188600,-1100,100,"sd","14:27:06",43800
189700,0,300,"bu","14:26:55",43700
189600,-100,100,"bu","14:26:55",43400
189600,-100,100,"bu","14:26:55",43300
188800,-900,100,"sd","14:25:49",43200
188800,-900,100,"sd","14:25:49",43100
188800,-900,100,"bu","14:23:11",43000
188800,-900,300,"sd","14:22:59",42900
188800,-900,100,"bu","14:22:42",42600
188800,-900,100,"bu","14:22:42",42500
187000,-2700,400,"sd","14:21:40",42400
187000,-2700,100,"sd","14:21:29",42000
186800,-2900,100,"sd","14:18:40",41900
188900,-800,100,"bu","14:18:31",41800
189400,-300,200,"bu","14:17:25",41700
189600,-100,300,"bu","14:17:08",41500
189600,-100,100,"bu","14:17:06",41200
187600,-2100,100,"bu","14:16:33",41100
190000,300,100,"bu","14:16:33",41000
187600,-2100,200,"bu","14:16:03",40900
187600,-2100,100,"bu","14:15:56",40700
187500,-2200,100,"bu","14:15:56",40600
187500,-2200,200,"bu","14:15:45",40500
187500,-2200,100,"bu","14:15:40",40300
187500,-2200,200,"bu","14:15:24",40200
187500,-2200,100,"bu","14:15:01",40000
187400,-2300,100,"bu","14:15:01",39900
186700,-3000,100,"sd","14:14:47",39800
187400,-2300,200,"bu","14:14:43",39700
187300,-2400,200,"bu","14:14:29",39500
187200,-2500,100,"bu","14:14:15",39300
187200,-2500,100,"bu","14:14:04",39200
187200,-2500,100,"bu","14:12:49",39100
187200,-2500,100,"bu","14:11:24",39000
187200,-2500,100,"bu","14:10:43",38900
187200,-2500,100,"bu","14:10:43",38800
186700,-3000,100,"bu","14:10:43",38700
186700,-3000,100,"sd","14:10:26",38600
186700,-3000,100,"sd","14:10:25",38500
186700,-3000,100,"sd","14:10:24",38400
186700,-3000,100,"sd","14:10:24",38300
186700,-3000,100,"sd","14:10:24",38200
186700,-3000,100,"sd","14:10:24",38100
186800,-2900,100,"sd","14:10:24",38000
186800,-2900,100,"sd","14:09:59",37900
186800,-2900,100,"sd","14:09:50",37800
186700,-3000,100,"sd","14:05:41",37700
186700,-3000,100,"sd","14:05:41",37600
186700,-3000,100,"sd","14:05:40",37500
186700,-3000,100,"sd","14:05:40",37400
186700,-3000,100,"sd","14:05:40",37300
186700,-3000,100,"sd","14:05:40",37200
186700,-3000,100,"sd","14:05:40",37100
186700,-3000,100,"sd","14:03:25",37000
186700,-3000,100,"sd","14:03:25",36900
186700,-3000,100,"sd","14:03:24",36800
186700,-3000,400,"sd","14:03:24",36700
186700,-3000,100,"sd","14:01:45",36300
186700,-3000,100,"sd","14:01:21",36200
186700,-3000,200,"sd","14:00:37",36100
186700,-3000,200,"sd","13:59:49",35900
186700,-3000,100,"sd","13:59:40",35700
186700,-3000,100,"sd","13:59:37",35600
186700,-3000,100,"sd","13:59:37",35500
186700,-3000,100,"sd","13:59:25",35400
186700,-3000,100,"sd","13:59:21",35300
186700,-3000,100,"sd","13:59:21",35200
186800,-2900,100,"sd","13:59:09",35100
186800,-2900,100,"sd","13:59:09",35000
186800,-2900,100,"sd","13:59:01",34900
186800,-2900,100,"sd","13:59:01",34800
186800,-2900,100,"sd","13:56:15",34700
186800,-2900,100,"sd","13:56:14",34600
186800,-2900,100,"bu","13:54:17",34500
186800,-2900,100,"sd","13:53:50",34400
186800,-2900,100,"sd","13:53:50",34300
186800,-2900,200,"sd","13:53:50",34200
186800,-2900,100,"sd","13:53:50",34000
186800,-2900,100,"sd","13:53:50",33900
186800,-2900,200,"sd","13:53:41",33800
186800,-2900,500,"sd","13:53:40",33600
186800,-2900,200,"sd","13:52:15",33100
186700,-3000,100,"sd","13:45:09",32900
186700,-3000,100,"sd","13:45:09",32800
186700,-3000,100,"sd","13:45:09",32700
186700,-3000,100,"sd","13:44:48",32600
186700,-3000,100,"sd","13:44:48",32500
187200,-2500,100,"bu","13:44:46",32400
187200,-2500,100,"bu","13:44:18",32300
187200,-2500,100,"bu","13:44:10",32200
186700,-3000,100,"sd","13:42:35",32100
186700,-3000,100,"sd","13:42:35",32000
187200,-2500,100,"bu","13:41:27",31900
187200,-2500,100,"bu","13:41:12",31800
187200,-2500,200,"bu","13:40:52",31700
186600,-3100,200,"sd","13:39:16",31500
186700,-3000,100,"sd","13:39:16",31300
186600,-3100,100,"sd","13:36:25",31200
187300,-2400,100,"bu","13:35:45",31100
187300,-2400,100,"bu","13:34:19",31000
187300,-2400,100,"bu","13:32:58",30900
187300,-2400,100,"bu","13:32:54",30800
187300,-2400,100,"bu","13:32:52",30700
186600,-3100,100,"sd","13:32:35",30600
186700,-3000,100,"sd","13:32:20",30500
186700,-3000,100,"sd","13:32:05",30400
186700,-3000,100,"sd","13:32:05",30300
186700,-3000,100,"sd","13:31:55",30200
186700,-3000,100,"sd","13:31:55",30100
186700,-3000,100,"sd","13:30:39",30000
186700,-3000,100,"sd","13:30:39",29900
186700,-3000,100,"sd","13:30:39",29800
186700,-3000,100,"sd","13:29:47",29700
186700,-3000,100,"sd","13:29:47",29600
186700,-3000,100,"sd","13:29:47",29500
186700,-3000,100,"sd","13:28:41",29400
186700,-3000,100,"sd","13:28:41",29300
186700,-3000,100,"sd","13:28:28",29200
186700,-3000,100,"sd","13:28:28",29100
186700,-3000,100,"sd","13:28:03",29000
186700,-3000,100,"sd","13:28:03",28900
186700,-3000,100,"sd","13:26:12",28800
186700,-3000,100,"sd","13:26:12",28700
187000,-2700,100,"sd","13:25:52",28600
187000,-2700,200,"sd","13:25:03",28500
186700,-3000,100,"sd","13:24:33",28300
186700,-3000,100,"sd","13:24:33",28200
186700,-3000,100,"bu","13:23:58",28100
186700,-3000,100,"sd","13:23:02",28000
186700,-3000,100,"sd","13:23:02",27900
186700,-3000,100,"sd","13:23:02",27800
186700,-3000,100,"sd","13:23:02",27700
186700,-3000,200,"sd","13:23:02",27600
186700,-3000,100,"sd","13:22:41",27400
186700,-3000,100,"sd","13:22:41",27300
186700,-3000,100,"sd","13:22:41",27200
186700,-3000,100,"sd","13:20:02",27100
186700,-3000,100,"sd","13:20:02",27000
186700,-3000,100,"sd","13:18:16",26900
186700,-3000,100,"sd","13:18:16",26800
186700,-3000,100,"sd","13:17:30",26700
186700,-3000,100,"sd","13:17:27",26600
186700,-3000,300,"sd","13:17:18",26500
186900,-2800,100,"sd","13:17:18",26200
186700,-3000,100,"sd","13:17:11",26100
186700,-3000,100,"sd","13:17:05",26000
186700,-3000,200,"sd","13:17:05",25900
187100,-2600,100,"bu","13:16:27",25700
186700,-3000,200,"sd","13:16:21",25600
186700,-3000,100,"sd","13:16:09",25400
186900,-2800,100,"sd","13:16:09",25300
187000,-2700,100,"sd","13:16:02",25200
187000,-2700,100,"sd","13:15:59",25100
187000,-2700,100,"sd","13:15:59",25000
187000,-2700,300,"sd","13:15:50",24900
187000,-2700,100,"sd","13:15:49",24600
187000,-2700,100,"sd","13:15:49",24500
187000,-2700,100,"sd","13:15:35",24400
187100,-2600,100,"bu","13:14:22",24300
187100,-2600,100,"sd","13:14:05",24200
187100,-2600,100,"sd","13:14:05",24100
187100,-2600,200,"sd","13:14:04",24000
187000,-2700,100,"sd","13:13:08",23800
187000,-2700,100,"sd","13:13:08",23700
187000,-2700,100,"sd","13:12:56",23600
187000,-2700,100,"sd","13:12:56",23500
187000,-2700,100,"sd","13:12:47",23400
187000,-2700,100,"sd","13:12:47",23300
187000,-2700,100,"sd","13:12:36",23200
187100,-2600,100,"sd","13:12:36",23100
187100,-2600,200,"sd","13:12:26",23000
187100,-2600,200,"sd","13:12:16",22800
187100,-2600,100,"sd","13:12:07",22600
187100,-2600,100,"sd","13:12:07",22500
187100,-2600,100,"sd","13:11:56",22400
187300,-2400,100,"sd","13:11:56",22300
187300,-2400,100,"sd","13:11:10",22200
187500,-2200,100,"sd","13:10:50",22100
187500,-2200,100,"sd","13:10:50",22000
187500,-2200,100,"sd","13:10:50",21900
187500,-2200,100,"sd","13:10:50",21800
187500,-2200,100,"sd","13:10:50",21700
187500,-2200,200,"sd","13:10:50",21600
187600,-2100,100,"sd","13:10:23",21400
187600,-2100,100,"sd","13:10:23",21300
187600,-2100,100,"sd","13:10:17",21200
187600,-2100,100,"sd","13:10:17",21100
187600,-2100,100,"bu","13:06:08",21000
187500,-2200,200,"sd","13:05:41",20900
187500,-2200,200,"sd","13:05:30",20700
187500,-2200,200,"sd","13:05:16",20500
187500,-2200,200,"sd","13:05:03",20300
187600,-2100,300,"bu","13:04:59",20100
187600,-2100,100,"bu","13:04:59",19800
187600,-2100,100,"bu","13:04:59",19700
187600,-2100,100,"bu","13:04:22",19600
187600,-2100,100,"sd","13:04:05",19500
187700,-2000,100,"sd","13:04:05",19400
187700,-2000,100,"sd","13:04:05",19300
187700,-2000,100,"sd","13:04:05",19200
187700,-2000,100,"sd","13:04:05",19100
187700,-2000,100,"sd","13:04:05",19000
187700,-2000,100,"sd","13:04:05",18900
187800,-1900,100,"sd","13:03:19",18800
187800,-1900,100,"sd","13:03:19",18700
187800,-1900,200,"sd","13:02:45",18600
188000,-1700,100,"sd","13:02:05",18400
188000,-1700,100,"sd","13:02:05",18300
188000,-1700,100,"sd","13:01:08",18200
188200,-1500,200,"bu","13:00:19",18100
188000,-1700,300,"unknown","13:00:05",17900
188000,-1700,100,"bu","13:00:01",17600
188000,-1700,100,"sd","11:29:50",17500
188000,-1700,100,"sd","11:29:20",17400
188000,-1700,100,"sd","11:29:14",17300
188000,-1700,100,"sd","11:29:06",17200
188000,-1700,100,"sd","11:23:34",17100
188200,-1500,100,"bu","11:22:58",17000
188200,-1500,100,"bu","11:21:33",16900
188200,-1500,100,"bu","11:20:07",16800
188200,-1500,100,"bu","11:18:42",16700
188200,-1500,100,"sd","11:17:28",16600
188200,-1500,100,"bu","11:17:11",16500
187700,-2000,100,"sd","11:12:07",16400
187700,-2000,200,"sd","11:12:07",16300
187700,-2000,100,"sd","11:12:05",16100
187700,-2000,200,"sd","11:11:22",16000
187700,-2000,100,"sd","11:10:56",15800
187700,-2000,100,"sd","11:10:37",15700
187800,-1900,100,"sd","11:10:26",15600
187800,-1900,100,"sd","11:09:57",15500
187900,-1800,100,"sd","11:09:39",15400
188000,-1700,100,"sd","11:09:34",15300
188000,-1700,100,"sd","11:08:11",15200
188000,-1700,100,"sd","11:07:14",15100
188000,-1700,100,"sd","11:04:46",15000
188000,-1700,100,"sd","11:04:06",14900
188000,-1700,200,"sd","11:04:06",14800
188000,-1700,300,"sd","11:03:27",14600
188000,-1700,100,"sd","11:03:27",14300
188000,-1700,100,"sd","11:03:02",14200
188000,-1700,100,"sd","11:03:02",14100
188000,-1700,100,"sd","11:03:00",14000
188000,-1700,100,"sd","11:02:54",13900
188000,-1700,100,"sd","11:02:53",13800
188000,-1700,100,"sd","11:02:53",13700
188000,-1700,100,"sd","11:02:53",13600
188000,-1700,200,"sd","11:02:52",13500
188600,-1100,100,"bu","11:01:35",13300
188600,-1100,100,"bu","11:00:10",13200
188600,-1100,100,"bu","10:58:44",13100
188600,-1100,100,"bu","10:57:17",13000
188700,-1000,100,"bu","10:55:53",12900
188700,-1000,100,"bu","10:55:52",12800
188700,-1000,100,"bu","10:55:52",12700
188000,-1700,100,"sd","10:51:27",12600
188000,-1700,100,"sd","10:51:20",12500
188000,-1700,100,"sd","10:51:12",12400
188000,-1700,100,"sd","10:51:02",12300
188000,-1700,100,"sd","10:50:36",12200
188000,-1700,100,"sd","10:50:36",12100
188000,-1700,100,"sd","10:46:12",12000
188000,-1700,100,"sd","10:46:12",11900
188000,-1700,100,"sd","10:42:03",11800
188000,-1700,100,"sd","10:42:03",11700
188000,-1700,100,"sd","10:42:03",11600
188000,-1700,100,"sd","10:40:19",11500
188100,-1600,100,"sd","10:40:16",11400
188100,-1600,100,"sd","10:40:16",11300
188100,-1600,100,"sd","10:40:16",11200
188100,-1600,100,"sd","10:40:16",11100
188100,-1600,100,"sd","10:40:08",11000
188100,-1600,100,"sd","10:36:54",10900
188100,-1600,100,"sd","10:36:24",10800
188100,-1600,100,"sd","10:36:13",10700
188100,-1600,100,"sd","10:34:43",10600
188100,-1600,100,"sd","10:34:31",10500
188100,-1600,100,"sd","10:34:17",10400
188100,-1600,100,"sd","10:34:07",10300
188100,-1600,100,"sd","10:33:57",10200
188100,-1600,100,"sd","10:33:47",10100
188100,-1600,100,"sd","10:33:36",10000
188100,-1600,100,"sd","10:33:32",9900
188100,-1600,200,"sd","10:32:30",9800
188700,-1000,100,"sd","10:31:51",9600
188700,-1000,100,"bu","10:30:13",9500
188700,-1000,100,"bu","10:28:48",9400
188700,-1000,100,"bu","10:28:40",9300
188700,-1000,100,"bu","10:27:28",9200
188100,-1600,100,"sd","10:26:27",9100
188100,-1600,100,"sd","10:26:27",9000
188100,-1600,100,"sd","10:23:03",8900
188100,-1600,100,"sd","10:23:03",8800
188100,-1600,100,"sd","10:19:48",8700
188000,-1700,100,"sd","10:18:17",8600
188000,-1700,100,"sd","10:18:17",8500
188000,-1700,100,"sd","10:17:32",8400
188000,-1700,100,"sd","10:17:28",8300
188000,-1700,100,"sd","10:16:01",8200
188000,-1700,100,"sd","10:16:01",8100
188000,-1700,100,"sd","10:15:43",8000
188100,-1600,100,"sd","10:14:35",7900
188100,-1600,100,"sd","10:14:29",7800
188100,-1600,100,"sd","10:13:56",7700
188100,-1600,100,"sd","10:13:44",7600
188100,-1600,100,"sd","10:13:31",7500
188100,-1600,100,"sd","10:13:23",7400
188100,-1600,100,"sd","10:13:23",7300
188100,-1600,100,"sd","10:09:55",7200
188100,-1600,100,"sd","10:09:55",7100
188100,-1600,100,"sd","10:09:55",7000
188100,-1600,100,"sd","10:02:27",6900
188100,-1600,100,"sd","10:02:27",6800
188100,-1600,100,"sd","10:02:27",6700
188100,-1600,100,"sd","10:01:31",6600
188100,-1600,100,"sd","10:01:14",6500
188100,-1600,100,"sd","10:01:14",6400
188100,-1600,100,"sd","10:00:59",6300
188100,-1600,100,"sd","10:00:59",6200
188100,-1600,100,"sd","10:00:47",6100
188100,-1600,100,"sd","10:00:46",6000
188100,-1600,100,"sd","10:00:46",5900
188100,-1600,100,"sd","10:00:46",5800
188100,-1600,100,"sd","10:00:46",5700
188100,-1600,100,"sd","10:00:46",5600
188100,-1600,100,"sd","10:00:44",5500
188200,-1500,100,"sd","10:00:44",5400
188200,-1500,200,"sd","10:00:28",5300
188200,-1500,100,"sd","09:59:37",5100
188200,-1500,100,"sd","09:59:37",5000
188100,-1600,100,"sd","09:55:17",4900
188100,-1600,200,"sd","09:55:16",4800
188100,-1600,100,"sd","09:55:16",4600
188100,-1600,100,"sd","09:55:16",4500
188100,-1600,100,"sd","09:55:16",4400
188100,-1600,100,"sd","09:55:12",4300
188100,-1600,100,"sd","09:55:09",4200
188100,-1600,100,"sd","09:55:09",4100
188100,-1600,100,"sd","09:55:09",4000
188100,-1600,100,"sd","09:55:09",3900
188100,-1600,100,"sd","09:55:05",3800
188200,-1500,100,"sd","09:54:52",3700
188100,-1600,100,"sd","09:54:46",3600
188100,-1600,100,"sd","09:51:42",3500
188100,-1600,100,"sd","09:51:42",3400
188200,-1500,100,"sd","09:48:50",3300
188100,-1600,100,"sd","09:48:50",3200
188100,-1600,300,"sd","09:48:26",3100
188100,-1600,100,"sd","09:48:26",2800
188200,-1500,100,"sd","09:48:11",2700
188200,-1500,100,"sd","09:48:11",2600
188100,-1600,100,"sd","09:32:46",2500
188100,-1600,100,"sd","09:32:46",2400
188700,-1000,200,"sd","09:31:53",2300
188100,-1600,100,"sd","09:31:34",2100
188100,-1600,100,"sd","09:31:34",2000
188100,-1600,300,"sd","09:28:41",1900
188100,-1600,200,"sd","09:27:24",1600
189700,0,100,"bu","09:26:02",1400
189700,0,100,"bu","09:24:38",1300
189700,0,100,"bu","09:23:12",1200
189700,0,300,"bu","09:22:39",1100
187600,-2100,200,"sd","09:20:51",800
187600,-2100,100,"sd","09:20:06",600
187500,-2200,100,"sd","09:19:14",500
189700,0,100,"sd","09:19:14",400
189700,0,100,"sd","09:19:14",300
189700,0,100,"sd","09:16:53",200
189700,0,100,"unknown","09:15:01",100
