"price","change","match_qtty","side","time","total_vol"
29000,0,100,"bu","14:24:21",97600
29000,0,100,"bu","14:24:21",97500
29000,0,100,"bu","14:22:33",97400
29000,0,100,"bu","14:22:33",97300
29000,0,400,"sd","14:22:15",97200
29000,0,100,"bu","14:21:40",96800
29000,0,500,"bu","14:21:40",96700
29000,0,100,"bu","14:20:48",96200
29000,0,100,"bu","14:20:48",96100
29000,0,100,"bu","14:19:07",96000
29000,0,100,"bu","14:19:07",95900
29000,0,100,"bu","14:17:28",95800
29000,0,100,"bu","14:17:28",95700
29000,0,100,"bu","14:15:52",95600
29000,0,100,"bu","14:15:52",95500
29000,0,100,"bu","14:14:17",95400
29000,0,100,"bu","14:14:17",95300
29050,50,100,"bu","14:12:43",95200
29050,50,100,"bu","14:12:43",95100
29050,50,100,"bu","14:11:10",95000
29050,50,100,"bu","14:11:10",94900
29050,50,100,"bu","14:09:39",94800
29050,50,100,"bu","14:09:39",94700
29050,50,100,"bu","14:08:08",94600
29050,50,100,"bu","14:08:08",94500
29050,50,100,"bu","14:06:38",94400
29050,50,100,"bu","14:06:38",94300
29050,50,100,"bu","14:05:09",94200
29050,50,100,"bu","14:05:09",94100
29050,50,100,"bu","14:03:41",94000
29050,50,100,"bu","14:03:41",93900
29000,0,100,"bu","14:02:41",93800
29000,0,500,"bu","14:02:24",93700
29000,0,100,"bu","14:02:13",93200
29000,0,100,"bu","14:02:13",93100
29000,0,700,"sd","14:00:55",93000
29200,200,100,"bu","14:00:46",92300
29200,200,100,"bu","14:00:46",92200
29200,200,100,"bu","13:59:19",92100
29200,200,100,"bu","13:59:19",92000
29200,200,100,"bu","13:57:53",91900
29200,200,100,"bu","13:57:53",91800
29000,0,300,"sd","13:57:24",91700
29200,200,100,"bu","13:56:28",91400
29200,200,100,"bu","13:56:28",91300
29200,200,100,"bu","13:55:03",91200
29200,200,100,"bu","13:55:02",91100
29200,200,100,"bu","13:53:38",91000
29200,200,100,"bu","13:53:38",90900
29200,200,100,"bu","13:52:13",90800
29200,200,100,"bu","13:52:13",90700
29200,200,100,"bu","13:50:49",90600
29200,200,100,"bu","13:50:49",90500
29200,200,100,"bu","13:49:25",90400
29200,200,100,"bu","13:49:25",90300
29200,200,100,"bu","13:48:02",90200
29200,200,100,"bu","13:48:02",90100
29200,200,100,"bu","13:46:39",90000
29200,200,100,"bu","13:46:39",89900
29200,200,100,"bu","13:45:18",89800
29200,200,100,"bu","13:45:17",89700
29200,200,100,"bu","13:45:17",89600
29000,0,100,"bu","13:43:54",89500
29000,0,100,"bu","13:42:32",89400
29000,0,100,"bu","13:42:32",89300
29000,0,400,"bu","13:41:46",89200
29000,0,200,"bu","13:41:13",88800
29000,0,100,"bu","13:41:10",88600
29000,0,100,"bu","13:41:10",88500
29000,0,100,"bu","13:39:49",88400
29000,0,100,"bu","13:39:49",88300
29000,0,100,"bu","13:38:28",88200
29000,0,100,"bu","13:38:28",88100
29200,200,100,"bu","13:37:07",88000
29200,200,100,"bu","13:37:07",87900
29200,200,100,"bu","13:35:46",87800
29200,200,100,"bu","13:35:46",87700
29000,0,100,"bu","13:34:26",87600
29000,0,100,"bu","13:34:26",87500
29000,0,100,"bu","13:33:06",87400
29000,0,100,"bu","13:33:05",87300
29000,0,1000,"sd","13:32:47",87200
29000,0,100,"sd","13:32:47",86200
29200,200,100,"bu","13:31:46",86100
29200,200,100,"bu","13:31:45",86000
29200,200,100,"bu","13:30:25",85900
29200,200,100,"bu","13:30:25",85800
29200,200,100,"bu","13:29:06",85700
29200,200,100,"bu","13:29:06",85600
29250,250,100,"bu","13:27:46",85500
29250,250,100,"bu","13:27:46",85400
29250,250,100,"bu","13:26:27",85300
29250,250,100,"bu","13:26:27",85200
29250,250,100,"bu","13:25:08",85100
29250,250,100,"bu","13:25:08",85000
29250,250,100,"bu","13:25:08",84900
29200,200,100,"bu","13:23:49",84800
29200,200,100,"bu","13:22:31",84700
29200,200,100,"bu","13:22:31",84600
29200,200,100,"bu","13:21:12",84500
29200,200,100,"bu","13:21:12",84400
29200,200,2500,"bu","13:20:09",84300
29200,200,500,"bu","13:20:09",81800
29200,200,100,"bu","13:19:55",81300
29200,200,100,"bu","13:19:55",81200
29000,0,1000,"sd","13:19:50",81100
29200,200,100,"bu","13:18:36",80100
29200,200,100,"bu","13:18:36",80000
29200,200,100,"bu","13:17:18",79900
29200,200,100,"bu","13:17:18",79800
29200,200,100,"bu","13:16:00",79700
29200,200,100,"bu","13:16:00",79600
29200,200,100,"bu","13:14:43",79500
29200,200,100,"bu","13:14:43",79400
29200,200,100,"bu","13:13:25",79300
29200,200,100,"bu","13:13:25",79200
29200,200,100,"bu","13:12:08",79100
29200,200,100,"bu","13:12:08",79000
29200,200,100,"bu","13:10:51",78900
29200,200,100,"bu","13:10:51",78800
29200,200,100,"bu","13:09:34",78700
29200,200,100,"bu","13:09:34",78600
29200,200,100,"bu","13:08:17",78500
29200,200,100,"bu","13:08:16",78400
29200,200,100,"bu","13:07:00",78300
29200,200,100,"bu","13:07:00",78200
29200,200,100,"bu","13:05:43",78100
29200,200,100,"bu","13:05:43",78000
29200,200,100,"bu","13:04:27",77900
29200,200,100,"bu","13:04:27",77800
29200,200,100,"bu","13:03:10",77700
29200,200,100,"bu","13:03:10",77600
29000,0,800,"sd","13:03:01",77500
29000,0,100,"sd","13:02:31",76700
29150,150,100,"bu","13:01:54",76600
29150,150,100,"bu","13:01:54",76500
29150,150,100,"bu","13:00:44",76400
29150,150,100,"bu","13:00:39",76300
29000,0,100,"sd","13:00:01",76200
29000,0,200,"sd","13:00:01",76100
29200,200,100,"bu","11:26:52",75900
29200,200,100,"bu","11:26:52",75800
29200,200,100,"bu","11:24:15",75700
29200,200,100,"bu","11:24:15",75600
29200,200,100,"bu","11:21:39",75500
29200,200,100,"bu","11:21:39",75400
29200,200,100,"bu","11:19:04",75300
29200,200,100,"bu","11:19:03",75200
29200,200,100,"bu","11:16:28",75100
29200,200,100,"bu","11:16:28",75000
29200,200,100,"bu","11:13:53",74900
29200,200,100,"bu","11:13:52",74800
29150,150,100,"sd","11:13:45",74700
29150,150,100,"bu","11:11:18",74600
29200,200,100,"bu","11:08:43",74500
29200,200,100,"bu","11:08:43",74400
29200,200,100,"bu","11:06:09",74300
29200,200,100,"bu","11:06:08",74200
29200,200,100,"bu","11:03:34",74100
29200,200,100,"bu","11:03:34",74000
29200,200,100,"bu","11:01:00",73900
29200,200,100,"bu","11:01:00",73800
29000,0,200,"sd","11:00:02",73700
29200,200,100,"bu","10:58:26",73500
29200,200,100,"bu","10:58:26",73400
29200,200,100,"bu","10:55:52",73300
29200,200,100,"bu","10:55:52",73200
29200,200,100,"bu","10:53:19",73100
29200,200,100,"bu","10:53:19",73000
29200,200,100,"bu","10:50:46",72900
29200,200,100,"bu","10:50:46",72800
29200,200,100,"bu","10:48:13",72700
29200,200,100,"bu","10:48:13",72600
29000,0,600,"sd","10:47:43",72500
29000,0,800,"sd","10:47:43",71900
29000,0,100,"sd","10:47:43",71100
29200,200,100,"bu","10:45:40",71000
29200,200,100,"bu","10:45:40",70900
29200,200,100,"bu","10:45:40",70800
29150,150,100,"bu","10:43:07",70700
29200,200,100,"bu","10:40:35",70600
29200,200,100,"bu","10:40:35",70500
29200,200,100,"bu","10:38:02",70400
29200,200,100,"bu","10:38:02",70300
29200,200,100,"bu","10:35:30",70200
29200,200,100,"bu","10:35:30",70100
29200,200,2700,"bu","10:33:01",70000
29200,200,2000,"bu","10:33:01",67300
29100,100,300,"bu","10:33:01",65300
29100,100,100,"bu","10:32:58",65000
29100,100,100,"bu","10:32:58",64900
29100,100,100,"bu","10:30:26",64800
29100,100,100,"bu","10:30:26",64700
29000,0,300,"sd","10:30:17",64600
29100,100,100,"bu","10:27:55",64300
29100,100,100,"bu","10:27:55",64200
29100,100,100,"bu","10:25:23",64100
29100,100,100,"bu","10:25:23",64000
29100,100,100,"bu","10:22:52",63900
29100,100,100,"bu","10:22:52",63800
29000,0,2100,"bu","10:22:41",63700
29000,0,900,"sd","10:22:28",61600
29000,0,1000,"sd","10:22:17",60700
29100,100,100,"bu","10:20:21",59700
29100,100,100,"bu","10:20:21",59600
29050,50,200,"sd","10:19:07",59500
29050,50,100,"sd","10:18:55",59300
29100,100,100,"bu","10:17:50",59200
29100,100,100,"bu","10:17:50",59100
29200,200,100,"bu","10:15:19",59000
29200,200,100,"bu","10:15:19",58900
29300,300,100,"bu","10:12:49",58800
29300,300,100,"bu","10:12:49",58700
29300,300,100,"bu","10:10:19",58600
29300,300,100,"bu","10:10:19",58500
29300,300,100,"bu","10:07:48",58400
29300,300,100,"bu","10:07:48",58300
29300,300,100,"bu","10:05:18",58200
29300,300,100,"bu","10:05:18",58100
29300,300,100,"bu","10:02:49",58000
29300,300,100,"bu","10:02:49",57900
29300,300,100,"bu","10:00:19",57800
29300,300,100,"bu","10:00:19",57700
29300,300,100,"bu","09:57:49",57600
29300,300,100,"bu","09:57:49",57500
29300,300,200,"bu","09:55:50",57400
29300,300,100,"bu","09:55:20",57200
29300,300,100,"bu","09:55:20",57100
29300,300,100,"bu","09:52:50",57000
29300,300,100,"bu","09:52:50",56900
29300,300,200,"bu","09:51:08",56800
29300,300,300,"bu","09:51:08",56600
29300,300,100,"bu","09:50:21",56300
29300,300,100,"bu","09:50:21",56200
29300,300,2500,"bu","09:44:41",56100
29300,300,700,"bu","09:44:41",53600
29000,0,800,"bu","09:44:41",52900
29000,0,200,"sd","09:44:30",52100
29000,0,2000,"sd","09:44:30",51900
29300,300,4300,"bu","09:39:54",49900
29300,300,3000,"bu","09:39:54",45600
29300,300,200,"bu","09:39:54",42600
29300,300,600,"bu","09:39:54",42400
29200,200,1900,"bu","09:39:54",41800
29200,200,100,"sd","09:39:40",39900
29300,300,2400,"bu","09:36:25",39800
29000,0,2600,"bu","09:36:25",37400
29000,0,400,"sd","09:35:49",34800
29000,0,100,"sd","09:34:41",34400
29000,0,1000,"sd","09:33:36",34300
29000,0,500,"sd","09:33:36",33300
29000,0,100,"sd","09:32:32",32800
29000,0,100,"sd","09:32:13",32700
29000,0,100,"sd","09:29:07",32600
29000,0,200,"sd","09:28:40",32500
29000,0,100,"sd","09:27:55",32300
29000,0,100,"sd","09:27:55",32200
29600,600,3000,"bu","09:18:40",32100
29500,500,2000,"bu","09:18:40",29100
29800,800,2000,"bu","09:16:55",27100
29800,800,1100,"bu","09:16:31",25100
29800,800,3000,"bu","09:16:31",24000
29600,600,3000,"bu","09:16:31",21000
29600,600,2900,"bu","09:16:31",18000
29600,600,100,"bu","09:15:58",15100
29900,900,3100,"bu","09:15:21",15000
29900,900,1900,"bu","09:15:21",11900
29900,900,2900,"bu","09:15:12",10000
29900,900,100,"bu","09:15:11",7100
29800,800,4000,"bu","09:15:11",7000
29800,800,3000,"bu","09:15:11",3000
