"price","change","match_qtty","side","time","total_vol"
12900,200,300,"bu","14:59:59",519800
12800,100,10000,"sd","14:59:57",519500
12800,100,10000,"sd","14:59:54",509500
12800,100,6800,"sd","14:59:48",499500
12900,200,500,"bu","14:59:23",492700
12900,200,500,"bu","14:56:50",492200
12900,200,1000,"bu","14:48:52",491700
12900,200,600,"bu","14:48:30",490700
12900,200,100,"bu","14:48:18",490100
12900,200,700,"bu","14:44:57",490000
12900,200,1100,"bu","14:44:23",489300
12900,200,2000,"sd","14:42:47",488200
13000,300,400,"bu","14:42:42",486200
12900,200,1500,"sd","14:42:18",485800
12900,200,2000,"sd","14:41:14",484300
12900,200,200,"sd","14:39:18",482300
12900,200,200,"sd","14:38:14",482100
12900,200,300,"sd","14:37:56",481900
12900,200,200,"sd","14:36:51",481600
12900,200,1000,"sd","14:34:22",481400
12900,200,5200,"sd","14:33:24",480400
12900,200,10000,"sd","14:33:15",475200
12900,200,200,"sd","14:32:51",465200
12900,200,7900,"sd","14:30:39",465000
13000,300,2000,"bu","14:28:58",457100
13000,300,3000,"bu","14:28:19",455100
13000,300,500,"bu","14:28:06",452100
12900,200,100,"sd","14:26:58",451600
13000,300,5000,"bu","14:23:58",451500
12900,200,100,"sd","14:23:30",446500
13000,300,100,"bu","14:20:31",446400
13000,300,200,"bu","14:20:21",446300
13000,300,33000,"bu","14:18:46",446100
12900,200,100,"sd","14:18:33",413100
12900,200,2000,"sd","14:18:15",413000
12900,200,1800,"sd","14:17:00",411000
12900,200,10000,"bu","14:16:46",409200
12800,100,100,"sd","14:15:31",399200
12900,200,1000,"bu","14:12:50",399100
12800,100,10000,"sd","14:10:36",398100
12800,100,10000,"sd","14:10:10",388100
12900,200,800,"bu","14:04:07",378100
12900,200,3300,"sd","14:02:22",377300
12900,200,1700,"sd","14:01:50",374000
12900,200,5000,"sd","13:59:41",372300
12900,200,1500,"sd","13:59:02",367300
12900,200,1800,"sd","13:58:47",365800
12900,200,3000,"sd","13:57:33",364000
12900,200,5000,"sd","13:53:23",361000
12900,200,300,"sd","13:52:16",356000
12900,200,200,"sd","13:48:46",355700
12900,200,2000,"sd","13:48:35",355500
12900,200,1500,"sd","13:47:33",353500
13000,300,100,"bu","13:44:03",352000
13000,300,100,"bu","13:43:06",351900
13000,300,800,"bu","13:42:22",351800
13000,300,4200,"bu","13:41:52",351000
12900,200,200,"sd","13:38:25",346800
12900,200,700,"bu","13:37:57",346600
12900,200,1000,"bu","13:37:36",345900
12900,200,1000,"bu","13:37:35",344900
12900,200,7400,"bu","13:37:03",343900
12900,200,100,"sd","13:34:36",336500
13000,300,1000,"bu","13:34:23",336400
12900,200,400,"sd","13:34:01",335400
12900,200,1800,"sd","13:33:53",335000
12900,200,300,"sd","13:31:26",333200
12900,200,2000,"sd","13:30:58",332900
12900,200,500,"sd","13:30:51",330900
12900,200,4200,"bu","13:29:58",330400
12900,200,5800,"sd","13:29:53",326200
12900,200,5000,"sd","13:29:18",320400
12900,200,100,"sd","13:28:37",315400
12900,200,200,"sd","13:22:41",315300
12900,200,7700,"bu","13:22:15",315100
12900,200,200,"bu","13:21:46",307400
12900,200,300,"bu","13:19:16",307200
12900,200,1800,"bu","13:17:59",306900
12900,200,100,"sd","13:15:00",305100
12900,200,3500,"sd","13:14:07",305000
12900,200,400,"bu","13:10:19",301500
12900,200,200,"bu","13:10:01",301100
12900,200,5000,"bu","13:09:23",300900
12900,200,17500,"sd","13:07:07",295900
12900,200,900,"sd","13:06:42",278400
12900,200,500,"sd","13:06:16",277500
12900,200,100,"sd","13:04:26",277000
12900,200,100,"sd","13:04:05",276900
12900,200,6500,"sd","13:03:29",276800
13000,300,1200,"bu","13:03:25",270300
12900,200,100,"sd","13:01:56",269100
12900,200,5700,"sd","13:01:34",269000
12900,200,300,"sd","13:00:09",263300
12900,200,2100,"sd","13:00:06",263000
12900,200,8400,"sd","13:00:05",260900
12900,200,200,"sd","13:00:04",252500
12900,200,100,"sd","11:29:49",252300
12900,200,1700,"sd","11:24:28",252200
13000,300,100,"bu","11:20:30",250500
13000,300,4700,"bu","11:15:09",250400
13000,300,1000,"sd","11:13:22",245700
13000,300,1000,"sd","11:10:23",244700
13000,300,100,"sd","11:10:21",243700
13000,300,200,"sd","11:08:56",243600
13100,400,2000,"bu","11:08:38",243400
13000,300,2000,"sd","11:08:12",241400
13000,300,100,"sd","11:07:14",239400
13000,300,200,"sd","11:06:24",239300
13000,300,100,"sd","11:01:27",239100
13000,300,200,"sd","11:00:05",239000
13000,300,2000,"sd","10:58:22",238800
13000,300,500,"sd","10:55:06",236800
13000,300,10000,"sd","10:54:57",236300
13000,300,100,"sd","10:53:32",226300
13000,300,100,"sd","10:52:56",226200
13000,300,2000,"sd","10:52:15",226100
13000,300,600,"bu","10:48:37",224100
13000,300,1000,"bu","10:48:19",223500
13000,300,200,"bu","10:47:23",222500
13000,300,100,"bu","10:46:51",222300
13000,300,500,"bu","10:45:07",222200
12900,200,200,"sd","10:41:38",221700
13000,300,1400,"bu","10:40:45",221500
13000,300,400,"sd","10:40:10",220100
13000,300,200,"sd","10:39:09",219700
13000,300,2000,"sd","10:39:08",219500
13100,400,400,"bu","10:34:47",217500
13100,400,100,"bu","10:33:42",217100
13100,400,2000,"bu","10:32:46",217000
13100,400,200,"bu","10:31:14",215000
13100,400,500,"bu","10:30:51",214800
13000,300,100,"sd","10:30:27",214300
13000,300,1600,"sd","10:29:57",214200
13000,300,1500,"sd","10:29:14",212600
13000,300,300,"sd","10:28:11",211100
13000,300,10000,"sd","10:27:27",210800
13000,300,200,"sd","10:25:49",200800
13000,300,1000,"sd","10:25:13",200600
13000,300,500,"sd","10:23:09",199600
13000,300,2400,"sd","10:22:38",199100
13000,300,100,"sd","10:22:20",196700
13000,300,3000,"sd","10:21:02",196600
13000,300,300,"sd","10:20:53",193600
13000,300,1000,"sd","10:18:17",193300
13000,300,400,"sd","10:18:00",192300
13100,400,2000,"bu","10:14:51",191900
13100,400,100,"bu","10:14:23",189900
13100,400,1300,"bu","10:11:54",189800
13000,300,200,"sd","10:11:48",188500
13100,400,100,"bu","10:11:41",188300
13000,300,100,"sd","10:11:13",188200
13100,400,3000,"bu","10:11:05",188100
13100,400,6500,"bu","10:07:13",185100
13100,400,1000,"sd","10:06:32",178600
13100,400,300,"sd","10:05:09",177600
13100,400,400,"sd","10:04:53",177300
13100,400,500,"sd","10:04:00",176900
13100,400,10000,"sd","10:03:56",176400
13100,400,500,"sd","10:01:58",166400
13100,400,10000,"sd","10:01:23",165900
13200,500,500,"bu","09:59:59",155900
13200,500,100,"bu","09:56:11",155400
13100,400,200,"sd","09:55:19",155300
13200,500,200,"sd","09:53:31",155100
13200,500,100,"sd","09:52:54",154900
13200,500,100,"sd","09:52:52",154800
13200,500,1700,"sd","09:52:31",154700
13200,500,200,"sd","09:51:38",153000
13200,500,100,"sd","09:50:33",152800
13200,500,200,"sd","09:50:32",152700
13200,500,100,"bu","09:50:09",152500
13200,500,4400,"sd","09:50:01",152400
13200,500,15600,"bu","09:48:34",148000
13200,500,1000,"bu","09:43:52",132400
13200,500,300,"bu","09:43:19",131400
13200,500,2000,"bu","09:42:50",131100
13200,500,900,"bu","09:42:03",129100
13200,500,2000,"bu","09:40:33",128200
13200,500,100,"bu","09:40:23",126200
13200,500,1500,"bu","09:39:41",126100
13200,500,2000,"sd","09:39:32",124600
13200,500,16100,"sd","09:38:55",122600
13200,500,10000,"bu","09:38:20",106500
13200,500,700,"bu","09:34:30",96500
13200,500,100,"bu","09:33:06",95800
13200,500,25000,"bu","09:32:02",95700
13200,500,10000,"bu","09:31:13",70700
13100,400,10000,"sd","09:30:20",60700
13100,400,1000,"sd","09:30:06",50700
13100,400,2000,"sd","09:29:42",49700
13100,400,200,"sd","09:28:44",47700
13200,500,5000,"bu","09:28:31",47500
13100,400,200,"sd","09:27:01",42500
13100,400,100,"sd","09:26:01",42300
13100,400,200,"sd","09:25:42",42200
13100,400,500,"sd","09:24:22",42000
13100,400,100,"sd","09:22:54",41500
13100,400,5000,"sd","09:21:15",41400
13100,400,400,"sd","09:20:42",36400
13100,400,1000,"bu","09:20:35",36000
13100,400,700,"bu","09:20:29",35000
13100,400,4400,"bu","09:19:36",34300
13100,400,100,"bu","09:19:12",29900
13100,400,600,"bu","09:18:11",29800
13100,400,500,"bu","09:17:52",29200
13100,400,100,"bu","09:17:49",28700
13100,400,500,"bu","09:16:18",28600
13100,400,1000,"bu","09:16:00",28100
13100,400,300,"bu","09:15:04",27100
13000,300,200,"sd","09:14:36",26800
13100,400,1000,"bu","09:14:23",26600
13100,400,4000,"bu","09:13:00",25600
13100,400,100,"bu","09:12:36",21600
13100,400,1200,"bu","09:11:54",21500
13100,400,100,"bu","09:11:18",20300
13100,400,500,"bu","09:10:47",20200
13100,400,300,"bu","09:09:09",19700
13100,400,2000,"bu","09:08:09",19400
13100,400,2500,"sd","09:07:40",17400
13100,400,300,"sd","09:06:20",14900
13100,400,100,"sd","09:04:50",14600
13200,500,1200,"bu","09:02:56",14500
13100,400,2000,"sd","09:01:49",13300
13100,400,500,"sd","09:01:44",11300
13100,400,500,"sd","09:00:54",10800
13000,300,500,"sd","09:00:16",10300
13100,400,100,"unknown","09:00:13",9800
13500,800,3700,"bu","09:00:10",9700
13500,800,4000,"bu","09:00:08",6000
13100,400,2000,"sd","09:00:05",2000
