"price","change","match_qtty","side","time","total_vol"
60000,-2200,200,"unknown","15:00:01",32400
60000,-2200,600,"sd","14:59:01",32200
60300,-1900,300,"bu","14:56:22",31600
60000,-2200,100,"sd","14:53:48",31300
60000,-2200,300,"bu","14:50:32",31200
60000,-2200,300,"bu","14:46:44",30900
59600,-2600,1100,"unknown","14:45:45",30600
58300,-3900,100,"sd","14:43:48",29500
58600,-3600,400,"unknown","14:43:13",29400
59000,-3200,200,"sd","14:40:38",29000
59000,-3200,400,"sd","14:37:32",28800
59600,-2600,300,"bu","14:34:24",28400
59600,-2600,200,"sd","14:30:17",28100
60000,-2200,500,"bu","14:28:13",27900
60000,-2200,200,"sd","14:24:47",27400
60300,-1900,300,"bu","14:23:36",27200
60000,-2200,400,"bu","14:23:10",26900
60000,-2200,800,"bu","14:22:21",26500
59600,-2600,700,"bu","14:21:39",25700
59600,-2600,300,"bu","14:19:01",25000
59000,-3200,300,"bu","14:17:46",24700
59000,-3200,300,"bu","14:15:16",24400
58600,-3600,300,"sd","14:07:19",24100
59000,-3200,300,"sd","14:04:08",23800
59000,-3200,500,"sd","13:58:49",23500
59300,-2900,200,"bu","13:57:22",23000
59000,-3200,500,"sd","13:54:38",22800
59600,-2600,200,"sd","13:50:40",22300
59900,-2300,300,"bu","13:46:52",22100
59800,-2400,400,"bu","13:43:46",21800
59500,-2700,200,"bu","13:40:41",21400
59500,-2700,100,"bu","13:39:49",21200
59000,-3200,400,"sd","13:37:49",21100
58600,-3600,200,"sd","13:33:47",20700
58800,-3400,300,"sd","13:31:42",20500
59000,-3200,400,"sd","13:28:13",20200
59000,-3200,300,"sd","13:27:50",19800
59500,-2700,300,"bu","13:23:29",19500
60000,-2200,200,"bu","13:21:41",19200
59800,-2400,200,"bu","13:18:38",19000
59500,-2700,300,"sd","13:18:17",18800
59500,-2700,200,"bu","13:15:37",18500
59000,-3200,300,"sd","13:14:41",18300
58800,-3400,200,"sd","13:12:39",18000
59000,-3200,600,"bu","13:10:46",17800
59500,-2700,300,"bu","13:07:20",17200
59000,-3200,300,"sd","13:02:54",16900
59500,-2700,200,"bu","13:00:45",16600
60000,-2200,400,"bu","11:28:33",16400
59500,-2700,200,"sd","11:25:20",16000
60000,-2200,200,"bu","11:25:14",15800
60000,-2200,300,"bu","11:21:48",15600
59500,-2700,200,"sd","11:19:01",15300
60000,-2200,100,"sd","11:15:42",15100
60000,-2200,300,"sd","11:12:23",15000
60800,-1400,200,"bu","11:10:19",14700
60600,-1600,300,"bu","11:09:06",14500
60600,-1600,200,"bu","11:07:13",14200
60000,-2200,300,"bu","11:01:07",14000
59000,-3200,300,"sd","11:00:49",13700
59500,-2700,200,"sd","11:00:26",13400
60000,-2200,300,"bu","10:58:12",13200
60000,-2200,200,"sd","10:55:56",12900
60600,-1600,200,"bu","10:53:51",12700
60000,-2200,300,"sd","10:50:23",12500
60600,-1600,100,"bu","10:48:43",12200
60600,-1600,200,"sd","10:46:52",12100
60800,-1400,100,"bu","10:44:29",11900
60600,-1600,200,"sd","10:41:33",11800
61000,-1200,300,"bu","10:38:51",11600
60600,-1600,200,"bu","10:34:15",11300
60000,-2200,300,"sd","10:30:01",11100
60600,-1600,200,"bu","10:24:47",10800
60000,-2200,400,"sd","10:24:12",10600
59500,-2700,400,"sd","10:19:38",10200
59800,-2400,200,"sd","10:18:23",9800
60000,-2200,500,"bu","10:15:50",9600
60300,-1900,300,"unknown","10:14:58",9100
60000,-2200,400,"sd","10:11:30",8800
60600,-1600,300,"sd","10:08:43",8400
60600,-1600,200,"sd","10:06:45",8100
61000,-1200,700,"bu","10:02:08",7900
60000,-2200,300,"sd","10:00:31",7200
60600,-1600,300,"bu","09:59:15",6900
60600,-1600,800,"unknown","09:55:36",6600
61000,-1200,300,"sd","09:52:57",5800
61000,-1200,100,"sd","09:46:09",5500
61000,-1200,200,"sd","09:43:31",5400
61600,-600,300,"bu","09:43:21",5200
61600,-600,300,"sd","09:40:54",4900
62000,-200,300,"sd","09:39:02",4600
62000,-200,200,"sd","09:38:53",4300
62200,0,300,"bu","09:35:13",4100
62000,-200,200,"bu","09:32:22",3800
62000,-200,200,"bu","09:32:07",3600
62000,-200,300,"bu","09:30:14",3400
61600,-600,600,"bu","09:27:20",3100
61000,-1200,100,"bu","09:23:07",2500
60600,-1600,200,"sd","09:22:47",2400
61000,-1200,400,"sd","09:20:06",2200
61000,-1200,300,"sd","09:17:19",1800
61000,-1200,200,"sd","09:12:39",1500
61600,-600,300,"sd","09:10:27",1300
61600,-600,200,"sd","09:07:22",1000
62000,-200,400,"bu","09:07:08",800
62000,-200,300,"sd","09:04:56",400
62200,0,100,"bu","09:02:53",100
