"price","change","match_qtty","side","time","total_vol"
16350,-1100,5900,"sd","14:45:00",482900
16500,-950,1000,"bu","14:29:23",477000
16500,-950,1100,"bu","14:28:36",476000
16500,-950,100,"bu","14:27:45",474900
16500,-950,4800,"bu","14:26:59",474800
16500,-950,1000,"bu","14:26:33",470000
16500,-950,200,"bu","14:26:33",469000
16500,-950,1000,"sd","14:26:33",468800
16500,-950,100,"sd","14:24:36",467800
16500,-950,100,"sd","14:24:36",467700
16500,-950,100,"sd","14:23:06",467600
16600,-850,200,"bu","14:22:59",467500
16600,-850,900,"bu","14:22:14",467300
16600,-850,100,"bu","14:21:39",466400
16600,-850,1900,"bu","14:21:39",466300
16600,-850,100,"bu","14:21:27",464400
16600,-850,100,"bu","14:21:20",464300
16600,-850,200,"bu","14:19:31",464200
16600,-850,700,"bu","14:17:59",464000
16550,-900,4700,"bu","14:17:10",463300
16550,-900,900,"bu","14:16:17",458600
16550,-900,500,"bu","14:16:15",457700
16300,-1150,100,"sd","14:15:58",457200
16300,-1150,200,"sd","14:15:58",457100
16250,-1200,200,"sd","14:12:36",456900
16250,-1200,200,"sd","14:12:36",456700
16250,-1200,300,"sd","14:12:36",456500
16250,-1200,100,"sd","14:12:36",456200
16250,-1200,100,"sd","14:12:36",456100
16250,-1200,100,"sd","14:12:36",456000
16250,-1200,1000,"sd","14:12:36",455900
16300,-1150,100,"sd","14:12:36",454900
16300,-1150,100,"sd","14:12:36",454800
16250,-1200,400,"sd","14:11:31",454700
16250,-1200,600,"sd","14:11:16",454300
16250,-1200,200,"sd","14:11:16",453700
16250,-1200,100,"sd","14:11:16",453500
16250,-1200,1000,"sd","14:11:16",453400
16250,-1200,1000,"sd","14:11:16",452400
16250,-1200,300,"sd","14:11:16",451400
16250,-1200,200,"sd","14:11:16",451100
16250,-1200,300,"sd","14:11:16",450900
16250,-1200,100,"sd","14:11:16",450600
16250,-1200,3000,"sd","14:11:16",450500
16250,-1200,2000,"sd","14:11:16",447500
16250,-1200,100,"sd","14:11:16",445500
16250,-1200,10000,"sd","14:11:16",445400
16250,-1200,200,"sd","14:11:16",435400
16250,-1200,300,"sd","14:11:16",435200
16300,-1150,100,"bu","14:10:58",434900
16300,-1150,100,"bu","14:10:56",434800
16300,-1150,1000,"bu","14:10:56",434700
16300,-1150,1000,"sd","14:10:56",433700
16300,-1150,100,"sd","14:10:56",432700
16300,-1150,100,"sd","14:10:56",432600
16300,-1150,100,"sd","14:10:56",432500
16300,-1150,1200,"sd","14:10:56",432400
16300,-1150,500,"sd","14:10:56",431200
16300,-1150,500,"sd","14:10:56",430700
16300,-1150,500,"sd","14:10:56",430200
16300,-1150,100,"sd","14:10:56",429700
16300,-1150,20000,"sd","14:10:56",429600
16300,-1150,100,"sd","14:10:56",409600
16300,-1150,100,"sd","14:10:56",409500
16300,-1150,100,"sd","14:10:56",409400
16300,-1150,500,"sd","14:10:56",409300
16300,-1150,3000,"sd","14:10:56",408800
16300,-1150,1000,"sd","14:10:56",405800
16300,-1150,200,"sd","14:10:56",404800
16300,-1150,1500,"sd","14:10:56",404600
16300,-1150,1000,"sd","14:10:56",403100
16300,-1150,1000,"sd","14:10:56",402100
16300,-1150,200,"sd","14:10:56",401100
16300,-1150,500,"sd","14:10:56",400900
16350,-1100,100,"sd","14:10:56",400400
16300,-1150,500,"sd","14:10:56",400300
16350,-1100,200,"sd","14:10:56",399800
16300,-1150,100,"sd","14:10:56",399600
16350,-1100,400,"sd","14:10:56",399500
16300,-1150,300,"sd","14:10:56",399100
16350,-1100,100,"sd","14:10:56",398800
16350,-1100,100,"sd","14:10:56",398700
16350,-1100,100,"sd","14:10:56",398600
16400,-1050,1600,"sd","14:10:56",398500
16400,-1050,100,"sd","14:10:56",396900
16400,-1050,100,"sd","14:10:56",396800
16400,-1050,1500,"sd","14:10:56",396700
16400,-1050,2000,"sd","14:10:56",395200
16400,-1050,6800,"sd","14:10:56",393200
16400,-1050,200,"sd","14:10:33",386400
16400,-1050,13000,"sd","14:10:00",386200
16450,-1000,200,"bu","14:09:58",373200
16450,-1000,5000,"bu","14:09:55",373000
16450,-1000,100,"sd","14:09:51",368000
16450,-1000,300,"sd","14:09:51",367900
16450,-1000,100,"sd","14:09:51",367600
16450,-1000,200,"sd","14:09:51",367500
16450,-1000,100,"sd","14:09:51",367300
16450,-1000,400,"sd","14:09:51",367200
16450,-1000,600,"sd","14:09:18",366800
16450,-1000,100,"sd","14:09:18",366200
16450,-1000,600,"sd","14:09:18",366100
16500,-950,2000,"sd","14:08:30",365500
16500,-950,2000,"sd","14:08:30",363500
16500,-950,2000,"sd","14:08:30",361500
16500,-950,800,"sd","14:08:30",359500
16500,-950,200,"sd","14:08:30",358700
16500,-950,200,"sd","14:08:30",358500
16500,-950,500,"sd","14:08:30",358300
16500,-950,800,"sd","14:08:30",357800
16550,-900,100,"bu","14:08:12",357000
16550,-900,100,"bu","14:07:45",356900
16500,-950,100,"sd","14:04:13",356800
16500,-950,100,"sd","14:04:13",356700
16500,-950,100,"sd","14:04:13",356600
16500,-950,2900,"sd","14:04:13",356500
16500,-950,500,"sd","14:04:13",353600
16500,-950,100,"sd","14:04:13",353100
16500,-950,100,"sd","14:04:13",353000
16500,-950,100,"sd","14:04:13",352900
16500,-950,1000,"sd","14:04:13",352800
16550,-900,200,"bu","14:02:59",351800
16550,-900,300,"sd","14:02:30",351600
16550,-900,300,"sd","14:02:30",351300
16550,-900,500,"sd","14:02:30",351000
16550,-900,3000,"sd","14:02:30",350500
16550,-900,3000,"sd","14:02:30",347500
16550,-900,900,"sd","14:02:30",344500
16550,-900,300,"sd","14:02:30",343600
16600,-850,200,"sd","14:02:30",343300
16600,-850,2000,"sd","13:58:46",343100
16700,-750,300,"sd","13:58:46",341100
16700,-750,700,"sd","13:58:46",340800
16750,-700,100,"bu","13:57:51",340100
16700,-750,300,"sd","13:57:05",340000
16550,-900,1600,"sd","13:47:50",339700
16600,-850,800,"sd","13:47:50",338100
16600,-850,200,"sd","13:47:45",337300
16550,-900,100,"bu","13:44:24",337100
16550,-900,200,"bu","13:44:20",337000
16550,-900,700,"sd","13:44:20",336800
16550,-900,300,"sd","13:43:52",336100
16600,-850,200,"sd","13:43:52",335800
16700,-750,200,"bu","13:43:33",335600
16700,-750,1000,"bu","13:40:34",335400
16700,-750,200,"bu","13:40:00",334400
16700,-750,100,"bu","13:36:55",334200
16500,-950,300,"sd","13:35:43",334100
16600,-850,200,"sd","13:35:43",333800
16600,-850,700,"bu","13:35:34",333600
16600,-850,100,"bu","13:35:34",332900
16500,-950,100,"sd","13:33:06",332800
16500,-950,900,"sd","13:33:06",332700
16500,-950,600,"sd","13:32:50",331800
16500,-950,2000,"sd","13:32:50",331200
16500,-950,500,"sd","13:32:50",329200
16500,-950,100,"sd","13:32:50",328700
16500,-950,1200,"sd","13:32:50",328600
16500,-950,800,"sd","13:31:56",327400
16500,-950,100,"sd","13:31:56",326600
16500,-950,1000,"sd","13:31:56",326500
16500,-950,1000,"sd","13:31:56",325500
16500,-950,100,"sd","13:31:56",324500
16600,-850,100,"bu","13:31:41",324400
16500,-950,300,"sd","13:30:31",324300
16550,-900,200,"sd","13:30:31",324000
16550,-900,100,"sd","13:30:31",323800
16550,-900,100,"sd","13:30:31",323700
16550,-900,1000,"sd","13:30:31",323600
16550,-900,100,"sd","13:30:31",322600
16550,-900,200,"sd","13:30:31",322500
16600,-850,200,"sd","13:30:31",322300
16600,-850,200,"sd","13:30:31",322100
16600,-850,200,"sd","13:30:31",321900
16500,-950,100,"sd","13:30:31",321700
16500,-950,300,"sd","13:30:31",321600
16600,-850,300,"sd","13:30:23",321300
16600,-850,200,"sd","13:29:36",321000
16650,-800,100,"sd","13:29:23",320800
16650,-800,2000,"sd","13:29:23",320700
16650,-800,100,"sd","13:29:23",318700
16650,-800,200,"sd","13:29:23",318600
16700,-750,100,"sd","13:28:14",318400
16700,-750,500,"sd","13:28:14",318300
16700,-750,100,"sd","13:28:14",317800
16700,-750,300,"sd","13:28:14",317700
16700,-750,100,"sd","13:28:14",317400
16700,-750,600,"sd","13:28:14",317300
16700,-750,1400,"sd","13:27:55",316700
16700,-750,100,"sd","13:27:55",315300
16700,-750,100,"sd","13:27:55",315200
16700,-750,100,"sd","13:27:55",315100
16700,-750,3300,"sd","13:27:55",315000
16700,-750,1000,"sd","13:27:33",311700
16700,-750,100,"sd","13:27:11",310700
16700,-750,100,"sd","13:27:09",310600
16700,-750,2100,"sd","13:21:49",310500
16700,-750,200,"sd","13:17:04",308400
16800,-650,300,"bu","13:16:27",308200
16700,-750,200,"sd","13:15:00",307900
16700,-750,500,"bu","13:07:46",307700
16700,-750,1000,"bu","13:07:46",307200
16700,-750,1500,"bu","13:07:46",306200
16700,-750,100,"bu","13:04:14",304700
16700,-750,3400,"bu","13:01:23",304600
16700,-750,900,"bu","13:01:23",301200
16650,-800,200,"sd","13:00:52",300300
16650,-800,800,"sd","13:00:52",300100
16650,-800,200,"sd","13:00:10",299300
16700,-750,600,"bu","13:00:09",299100
16700,-750,100,"bu","13:00:09",298500
16700,-750,300,"sd","13:00:01",298400
16700,-750,100,"sd","13:00:01",298100
16650,-800,1000,"sd","11:17:13",298000
16650,-800,1000,"sd","11:17:13",297000
16700,-750,200,"bu","11:16:35",296000
16700,-750,300,"bu","11:16:35",295800
16700,-750,200,"sd","11:14:47",295500
16700,-750,200,"sd","11:13:57",295300
16700,-750,100,"bu","11:12:51",295100
16700,-750,100,"bu","11:11:52",295000
16700,-750,200,"bu","11:07:48",294900
16850,-600,500,"bu","10:46:48",294700
16850,-600,100,"bu","10:45:05",294200
16500,-950,700,"sd","10:32:38",294100
16500,-950,100,"sd","10:32:38",293400
16500,-950,100,"sd","10:32:38",293300
16500,-950,300,"sd","10:32:38",293200
16550,-900,200,"sd","10:32:38",292900
16550,-900,200,"sd","10:32:38",292700
16550,-900,100,"sd","10:32:38",292500
16550,-900,5000,"sd","10:32:38",292400
16700,-750,100,"bu","10:32:05",287400
16700,-750,100,"bu","10:31:49",287300
16700,-750,100,"bu","10:30:11",287200
16800,-650,100,"bu","10:27:31",287100
16800,-650,6000,"bu","10:23:02",287000
16800,-650,100,"bu","10:23:02",281000
16800,-650,3000,"bu","10:23:02",280900
16600,-850,600,"bu","10:22:59",277900
16600,-850,600,"bu","10:22:59",277300
16600,-850,300,"bu","10:21:50",276700
16500,-950,700,"sd","10:21:44",276400
16500,-950,200,"sd","10:21:44",275700
16500,-950,1100,"sd","10:21:44",275500
16500,-950,100,"sd","10:20:55",274400
16500,-950,800,"bu","10:20:19",274300
16500,-950,1000,"bu","10:20:11",273500
16500,-950,5000,"bu","10:20:05",272500
16500,-950,200,"bu","10:19:56",267500
16500,-950,1000,"bu","10:19:29",267300
16500,-950,1000,"sd","10:18:25",266300
16500,-950,1000,"sd","10:18:25",265300
16450,-1000,1000,"sd","10:17:43",264300
16450,-1000,200,"sd","10:17:02",263300
16500,-950,300,"sd","10:17:02",263100
16600,-850,100,"bu","10:16:59",262800
16600,-850,3600,"bu","10:16:59",262700
16600,-850,9200,"bu","10:16:59",259100
16500,-950,1200,"bu","10:16:59",249900
16500,-950,900,"bu","10:16:59",248700
16500,-950,100,"bu","10:16:55",247800
16500,-950,100,"bu","10:16:55",247700
16500,-950,1000,"bu","10:15:50",247600
16500,-950,100,"bu","10:15:41",246600
16500,-950,100,"bu","10:15:40",246500
16500,-950,100,"bu","10:15:40",246400
16450,-1000,200,"sd","10:15:27",246300
16450,-1000,100,"sd","10:15:27",246100
16450,-1000,100,"sd","10:15:27",246000
16500,-950,100,"bu","10:15:15",245900
16500,-950,500,"bu","10:15:03",245800
16500,-950,500,"sd","10:14:25",245300
16500,-950,100,"sd","10:14:25",244800
16500,-950,100,"sd","10:14:25",244700
16500,-950,10000,"sd","10:14:25",244600
16500,-950,10000,"sd","10:14:25",234600
16500,-950,10000,"sd","10:14:25",224600
16500,-950,100,"sd","10:14:25",214600
16500,-950,1000,"sd","10:14:25",214500
16500,-950,100,"sd","10:14:25",213500
16500,-950,100,"sd","10:14:25",213400
16500,-950,1000,"sd","10:14:25",213300
16500,-950,100,"sd","10:14:25",212300
16500,-950,500,"sd","10:14:25",212200
16500,-950,1400,"sd","10:14:25",211700
16500,-950,600,"sd","10:14:07",210300
16550,-900,200,"sd","10:14:07",209700
16550,-900,100,"sd","10:14:07",209500
16600,-850,1000,"bu","10:13:15",209400
16500,-950,500,"sd","10:12:59",208400
16500,-950,200,"sd","10:12:59",207900
16500,-950,1000,"sd","10:12:59",207700
16500,-950,1000,"sd","10:12:59",206700
16550,-900,100,"sd","10:12:59",205700
16550,-900,100,"sd","10:12:59",205600
16550,-900,100,"sd","10:12:59",205500
16600,-850,1000,"sd","10:11:37",205400
16600,-850,200,"sd","10:11:37",204400
16600,-850,200,"sd","10:11:37",204200
16600,-850,100,"sd","10:11:37",204000
16600,-850,100,"sd","10:11:37",203900
16600,-850,39000,"sd","10:11:37",203800
16650,-800,1000,"sd","10:11:30",164800
16650,-800,100,"sd","10:11:30",163800
16650,-800,5000,"sd","10:11:30",163700
16650,-800,1000,"sd","10:11:30",158700
16650,-800,2300,"sd","10:11:30",157700
16650,-800,2700,"sd","10:10:42",155400
16650,-800,500,"sd","10:10:42",152700
16650,-800,2000,"sd","10:10:42",152200
16650,-800,100,"sd","10:10:42",148700
16650,-800,1300,"sd","10:10:42",150200
16650,-800,200,"sd","10:10:42",148900
16700,-750,100,"sd","10:10:42",148600
16700,-750,100,"sd","10:10:42",148500
16800,-650,100,"bu","10:09:22",148400
16800,-650,200,"sd","10:08:16",148300
16800,-650,2500,"sd","10:08:16",148100
16800,-650,200,"bu","10:07:33",145600
16800,-650,2300,"bu","10:07:33",145400
16800,-650,3000,"bu","10:07:13",143100
16800,-650,100,"bu","10:07:13",140100
16800,-650,200,"bu","10:05:07",140000
16800,-650,100,"bu","10:04:26",139800
16800,-650,600,"bu","10:03:50",139700
16700,-750,900,"bu","10:02:05",139100
16700,-750,100,"bu","10:02:03",138200
16700,-750,2000,"bu","10:01:47",138100
16700,-750,2000,"sd","10:00:34",136100
16700,-750,1000,"sd","10:00:34",134100
16700,-750,200,"sd","09:59:42",133100
16700,-750,200,"sd","09:59:42",132900
16700,-750,1000,"sd","09:59:42",132700
16700,-750,300,"sd","09:59:42",131700
16700,-750,500,"sd","09:59:42",131400
16700,-750,100,"sd","09:59:42",130900
16700,-750,500,"sd","09:59:42",130800
16700,-750,200,"sd","09:59:42",130300
16700,-750,1000,"sd","09:59:32",130100
16700,-750,1000,"sd","09:59:20",129100
16700,-750,500,"sd","09:58:31",128100
16750,-700,1000,"sd","09:57:20",127600
16750,-700,600,"sd","09:57:20",126600
16750,-700,200,"sd","09:57:20",126000
16800,-650,1000,"sd","09:57:20",125800
16800,-650,200,"sd","09:57:20",124800
16850,-600,100,"bu","09:57:06",124600
16800,-650,400,"sd","09:56:57",124500
16800,-650,400,"sd","09:56:52",124100
16800,-650,100,"sd","09:56:52",123700
16800,-650,100,"sd","09:56:52",123600
16800,-650,400,"sd","09:56:52",123500
16800,-650,100,"sd","09:56:10",123100
16800,-650,100,"sd","09:56:10",123000
16800,-650,100,"sd","09:56:10",122900
16800,-650,100,"sd","09:56:10",122800
16800,-650,100,"sd","09:56:10",122700
16800,-650,100,"sd","09:56:10",122600
16800,-650,1000,"sd","09:56:10",122500
16800,-650,200,"sd","09:56:10",121500
16800,-650,200,"sd","09:56:10",121300
16800,-650,8600,"sd","09:55:28",121100
16850,-600,100,"sd","09:55:28",112500
16850,-600,900,"sd","09:55:28",112400
16900,-550,100,"sd","09:54:50",111500
16900,-550,100,"sd","09:54:50",111400
16900,-550,500,"sd","09:54:45",111300
16900,-550,1000,"sd","09:53:52",110800
16900,-550,600,"sd","09:53:34",109800
16900,-550,400,"sd","09:53:34",109200
16900,-550,400,"sd","09:53:28",108800
16900,-550,200,"sd","09:52:57",108400
16900,-550,1000,"sd","09:52:55",108200
16900,-550,10000,"sd","09:52:30",107200
16900,-550,10000,"sd","09:52:30",97200
16950,-500,100,"bu","09:52:23",87200
16950,-500,500,"sd","09:52:13",87100
16950,-500,500,"sd","09:51:26",86600
16950,-500,600,"sd","09:51:26",86100
16950,-500,2700,"sd","09:49:43",85500
16950,-500,100,"sd","09:49:43",82800
16950,-500,100,"sd","09:49:43",82700
16950,-500,100,"sd","09:49:43",82600
16950,-500,400,"sd","09:47:12",82500
16950,-500,100,"sd","09:47:12",82100
16950,-500,400,"sd","09:47:12",82000
16950,-500,1100,"sd","09:47:12",81600
16950,-500,500,"sd","09:43:05",80500
16950,-500,2000,"sd","09:40:52",80000
16950,-500,1400,"sd","09:39:44",78000
16950,-500,100,"sd","09:39:44",76600
17000,-450,100,"bu","09:39:12",76500
17000,-450,100,"sd","09:39:07",76400
17000,-450,100,"sd","09:39:07",76300
17000,-450,100,"sd","09:39:07",76200
17000,-450,600,"sd","09:36:03",76100
17000,-450,100,"sd","09:36:03",75500
17000,-450,300,"sd","09:36:02",75400
17000,-450,200,"sd","09:35:38",75100
17000,-450,100,"sd","09:35:38",74900
17000,-450,1000,"sd","09:35:38",74800
17050,-400,100,"sd","09:35:38",73800
17050,-400,500,"sd","09:35:38",73700
17050,-400,100,"sd","09:35:38",73200
17000,-450,300,"sd","09:33:58",73100
17000,-450,700,"sd","09:33:58",72800
17000,-450,5300,"bu","09:33:48",72100
17000,-450,200,"sd","09:33:24",66800
17000,-450,20000,"sd","09:33:24",66600
17000,-450,300,"sd","09:33:24",46600
17000,-450,200,"sd","09:33:24",46300
17050,-400,100,"sd","09:33:24",46100
17050,-400,200,"sd","09:33:24",46000
17050,-400,100,"sd","09:33:24",45800
17050,-400,100,"sd","09:33:24",45700
17050,-400,3500,"sd","09:33:24",45600
17100,-350,10000,"sd","09:33:24",42100
17100,-350,10000,"sd","09:33:24",32100
17050,-400,900,"sd","09:31:41",22100
17450,0,100,"sd","09:31:41",21200
17450,0,1000,"sd","09:31:39",21100
17450,0,100,"bu","09:31:23",20100
17450,0,300,"bu","09:31:23",20000
17450,0,1000,"bu","09:31:23",19700
17450,0,100,"bu","09:31:23",18700
17400,-50,200,"bu","09:31:23",18600
17400,-50,600,"bu","09:31:23",18400
17400,-50,100,"bu","09:31:23",17800
17350,-100,100,"bu","09:31:23",17700
17350,-100,1400,"bu","09:31:23",17600
17050,-400,600,"sd","09:31:07",16200
17400,-50,100,"bu","09:30:09",15200
17400,-50,400,"bu","09:30:09",15600
17300,-150,100,"unknown","09:30:09",15100
17300,-150,100,"unknown","09:30:09",15000
17300,-150,200,"unknown","09:30:09",14900
17200,-250,100,"bu","09:30:09",14700
17200,-250,100,"bu","09:29:06",14600
17200,-250,400,"bu","09:29:06",14500
17200,-250,1600,"bu","09:28:55",14100
17200,-250,400,"bu","09:28:55",12500
17100,-350,100,"bu","09:26:22",12100
17100,-350,700,"bu","09:25:13",12000
17100,-350,200,"bu","09:24:58",11300
17100,-350,100,"bu","09:24:50",11100
17000,-450,200,"bu","09:24:37",11000
17000,-450,300,"bu","09:24:37",10800
17000,-450,100,"bu","09:23:40",10500
17000,-450,100,"bu","09:23:33",10400
17000,-450,100,"bu","09:23:21",10300
16950,-500,100,"bu","09:22:53",10200
16800,-650,200,"sd","09:21:51",10100
16800,-650,1000,"sd","09:21:06",9900
17000,-450,100,"bu","09:20:53",8900
16750,-700,200,"sd","09:20:17",8800
16750,-700,100,"sd","09:19:57",8600
16800,-650,100,"sd","09:19:57",8500
16800,-650,100,"sd","09:19:57",8400
17050,-400,100,"bu","09:19:55",8300
16700,-750,2300,"bu","09:18:35",8200
16700,-750,200,"bu","09:18:24",5900
16700,-750,100,"bu","09:18:17",5700
16700,-750,100,"bu","09:18:10",5600
16700,-750,1000,"bu","09:18:00",5500
16700,-750,100,"bu","09:17:45",4500
16800,-650,1200,"unknown","09:17:45",4400
16500,-950,100,"sd","09:17:45",3200
16600,-850,200,"sd","09:17:45",3100
16600,-850,100,"sd","09:17:45",2900
16800,-650,100,"sd","09:17:45",2800
16850,-600,1000,"sd","09:17:45",2700
16850,-600,100,"sd","09:17:45",1700
17000,-450,100,"sd","09:17:45",1600
17000,-450,1000,"sd","09:17:45",1500
17000,-450,100,"sd","09:17:45",500
17100,-350,200,"sd","09:17:45",400
17200,-250,100,"sd","09:17:38",200
17200,-250,100,"sd","09:15:00",100
