"price","change","match_qtty","side","time","total_vol"
19800,-1400,46100,"sd","14:45:02",1079500
19800,-1400,500,"sd","14:29:34",1033400
19800,-1400,200,"sd","14:29:34",1032900
19800,-1400,200,"sd","14:29:34",1032700
19850,-1350,100,"sd","14:29:34",1032500
19850,-1350,300,"sd","14:29:11",1032400
19850,-1350,2000,"sd","14:29:11",1032100
19850,-1350,1900,"sd","14:29:11",1030100
19900,-1300,200,"sd","14:29:11",1028200
19950,-1250,600,"sd","14:29:11",1028000
19950,-1250,100,"sd","14:29:07",1027400
19950,-1250,1400,"sd","14:29:07",1027300
20000,-1200,2000,"bu","14:28:13",1025900
19950,-1250,100,"sd","14:28:06",1023900
20000,-1200,200,"bu","14:27:58",1023800
20000,-1200,1300,"bu","14:27:49",1023600
20000,-1200,100,"bu","14:27:49",1022300
19950,-1250,400,"sd","14:26:50",1022200
19850,-1350,100,"sd","14:26:04",1021800
19800,-1400,600,"sd","14:24:07",1021700
19800,-1400,1400,"sd","14:24:07",1021100
19800,-1400,400,"sd","14:24:00",1019700
19900,-1300,100,"sd","14:24:00",1019300
20000,-1200,800,"sd","14:24:00",1019200
20000,-1200,2500,"sd","14:24:00",1018400
20000,-1200,500,"sd","14:23:20",1015900
20000,-1200,200,"sd","14:23:20",1015400
20200,-1000,200,"sd","14:23:20",1015200
20300,-900,500,"sd","14:23:20",1015000
20300,-900,100,"sd","14:23:20",1014500
20300,-900,500,"sd","14:23:20",1014400
20550,-650,100,"bu","14:22:51",1013900
20550,-650,500,"bu","14:22:38",1013800
20550,-650,400,"bu","14:22:30",1013300
20500,-700,900,"bu","14:22:30",1012900
20500,-700,1000,"bu","14:22:30",1012000
20500,-700,100,"bu","14:22:30",1011000
20400,-800,100,"bu","14:22:30",1010900
20400,-800,100,"bu","14:21:41",1010800
20300,-900,1000,"bu","14:20:23",1010700
20200,-1000,4300,"bu","14:20:02",1009700
20200,-1000,700,"bu","14:20:02",1005400
20200,-1000,1600,"bu","14:19:31",1004700
20200,-1000,100,"bu","14:19:31",1003100
20100,-1100,300,"bu","14:19:31",1003000
20000,-1200,300,"sd","14:19:04",1002700
20000,-1200,100,"sd","14:17:57",1002400
20000,-1200,100,"sd","14:17:38",1002300
20000,-1200,500,"bu","14:16:57",1002200
19800,-1400,200,"sd","14:16:55",1001700
19750,-1450,26800,"sd","14:16:18",1001500
19750,-1450,5000,"sd","14:16:18",974700
19750,-1450,100,"sd","14:16:18",969700
19750,-1450,1100,"sd","14:16:18",969600
19800,-1400,100,"sd","14:16:18",968500
19850,-1350,200,"sd","14:16:18",968400
19900,-1300,1700,"sd","14:16:18",968200
20000,-1200,4500,"bu","14:16:11",966500
20000,-1200,100,"bu","14:16:11",962000
20000,-1200,400,"bu","14:16:11",961900
20000,-1200,600,"bu","14:15:53",961500
19950,-1250,500,"bu","14:15:53",960900
19950,-1250,200,"bu","14:15:53",960400
19950,-1250,100,"bu","14:15:53",960200
19900,-1300,100,"bu","14:15:52",960100
19900,-1300,1800,"bu","14:15:52",960000
19900,-1300,1200,"bu","14:14:53",958200
19900,-1300,800,"bu","14:14:53",957000
19800,-1400,100,"sd","14:14:46",956200
19800,-1400,200,"bu","14:14:09",956100
19800,-1400,2700,"bu","14:14:06",955900
19800,-1400,500,"bu","14:14:06",953200
19800,-1400,200,"bu","14:14:00",952700
19800,-1400,1000,"sd","14:13:44",952500
19800,-1400,300,"sd","14:13:44",951500
19800,-1400,100,"sd","14:13:44",951200
19800,-1400,4500,"bu","14:12:53",951100
19800,-1400,300,"bu","14:12:53",946600
19750,-1450,900,"bu","14:12:29",946300
19750,-1450,1000,"bu","14:12:27",945400
19750,-1450,1000,"sd","14:12:17",944400
19750,-1450,500,"sd","14:12:17",943400
19750,-1450,600,"sd","14:12:17",942900
19750,-1450,400,"sd","14:12:07",942300
19750,-1450,600,"sd","14:12:07",941900
19750,-1450,400,"bu","14:11:40",941300
19750,-1450,100,"sd","14:11:12",940900
19750,-1450,100,"sd","14:11:12",940800
19750,-1450,1000,"sd","14:11:12",940700
19750,-1450,1000,"sd","14:11:12",939700
19750,-1450,700,"sd","14:11:12",938700
19750,-1450,5000,"sd","14:11:12",938000
19750,-1450,100,"sd","14:11:12",933000
19750,-1450,100,"sd","14:11:12",932900
19750,-1450,1500,"sd","14:11:12",932800
19750,-1450,1000,"sd","14:08:57",931300
19750,-1450,500,"sd","14:08:57",930300
19750,-1450,100,"sd","14:08:57",929800
19750,-1450,100,"sd","14:08:57",929700
19750,-1450,5000,"sd","14:08:57",929600
19750,-1450,500,"sd","14:08:57",924600
19750,-1450,500,"sd","14:08:57",924100
19750,-1450,2300,"sd","14:08:57",923600
19800,-1400,11000,"bu","14:08:56",921300
19750,-1450,1100,"sd","14:08:30",910300
19800,-1400,100,"bu","14:08:28",909200
19750,-1450,1600,"bu","14:07:40",909100
19750,-1450,200,"bu","14:07:37",907500
19750,-1450,1000,"sd","14:07:19",907300
19750,-1450,1000,"sd","14:07:19",906300
19750,-1450,1800,"sd","14:07:19",905300
19750,-1450,700,"bu","14:06:44",903500
19750,-1450,100,"sd","14:06:38",902800
19750,-1450,2200,"sd","14:06:38",902700
19750,-1450,6000,"sd","14:06:27",900500
19750,-1450,21800,"sd","14:06:23",894500
19750,-1450,200,"sd","14:06:23",872700
19750,-1450,200,"sd","14:06:23",872500
19750,-1450,500,"sd","14:06:23",872300
19750,-1450,100,"sd","14:06:23",871800
19750,-1450,100,"sd","14:06:23",871700
19750,-1450,600,"sd","14:06:23",871600
19750,-1450,100,"sd","14:06:23",871000
19750,-1450,100,"sd","14:06:23",870900
19750,-1450,600,"sd","14:06:23",870800
19750,-1450,5000,"sd","14:06:23",870200
19750,-1450,400,"sd","14:06:23",865200
19750,-1450,300,"sd","14:06:23",864800
19800,-1400,100,"bu","14:06:22",864500
19800,-1400,300,"sd","14:06:02",864400
19900,-1300,200,"bu","14:05:58",864100
19900,-1300,10000,"bu","14:05:58",863900
19850,-1350,200,"bu","14:05:58",853900
19850,-1350,100,"bu","14:05:58",853700
19850,-1350,500,"bu","14:05:58",853600
19750,-1450,200,"sd","14:05:34",853100
19800,-1400,800,"sd","14:05:34",852900
19800,-1400,200,"bu","14:05:33",852100
19800,-1400,7000,"bu","14:05:02",851900
19750,-1450,4400,"bu","14:04:17",844900
19750,-1450,600,"bu","14:04:17",840500
19750,-1450,400,"bu","14:04:04",839900
19750,-1450,50000,"bu","14:04:04",839500
19750,-1450,19300,"bu","14:04:04",789500
19750,-1450,3000,"bu","14:04:04",770200
19750,-1450,7300,"bu","14:04:04",767200
19750,-1450,5000,"bu","14:04:03",759900
19750,-1450,400,"bu","14:04:01",754900
19750,-1450,300,"bu","14:03:48",754500
19750,-1450,200,"bu","14:03:32",754200
19750,-1450,100,"unknown","14:03:26",754000
19750,-1450,500,"sd","14:03:26",753900
19750,-1450,400,"sd","14:03:26",753400
19750,-1450,1100,"sd","14:03:26",753000
19750,-1450,100,"sd","14:03:26",751900
19750,-1450,100,"sd","14:03:26",751800
19750,-1450,200,"sd","14:03:26",751700
19750,-1450,500,"sd","14:03:26",751500
19750,-1450,300,"sd","14:03:26",751000
19750,-1450,100,"sd","14:03:26",750700
19750,-1450,1000,"sd","14:03:26",750600
19750,-1450,2000,"sd","14:03:26",749600
19750,-1450,600,"sd","14:03:26",747600
19750,-1450,1000,"sd","14:03:26",747000
19750,-1450,200,"sd","14:03:26",746000
19750,-1450,100,"sd","14:03:26",745800
19750,-1450,100,"sd","14:03:26",745700
19750,-1450,100,"sd","14:03:26",745600
19750,-1450,100,"sd","14:03:26",745500
19750,-1450,1000,"sd","14:03:26",745400
19750,-1450,500,"sd","14:03:26",744400
19750,-1450,500,"sd","14:03:26",743900
19750,-1450,500,"sd","14:03:26",743400
19750,-1450,100,"sd","14:03:26",742900
19750,-1450,500,"sd","14:03:26",742800
19750,-1450,100,"sd","14:03:26",742300
19750,-1450,500,"sd","14:03:16",742200
19750,-1450,200,"sd","14:03:16",741700
19750,-1450,600,"sd","14:03:16",741500
19750,-1450,300,"sd","14:03:16",740900
19750,-1450,1000,"sd","14:03:16",740600
19750,-1450,1000,"sd","14:03:16",739600
19750,-1450,200,"sd","14:03:16",738600
19750,-1450,200,"sd","14:03:16",738400
19750,-1450,200,"sd","14:03:16",738200
19750,-1450,200,"sd","14:03:16",738000
19750,-1450,300,"sd","14:03:16",737800
19750,-1450,100,"sd","14:03:16",737500
19750,-1450,100,"sd","14:03:16",737400
19750,-1450,2000,"sd","14:03:16",737300
19750,-1450,100,"sd","14:03:16",735300
19750,-1450,2000,"sd","14:03:16",735200
19750,-1450,1000,"sd","14:03:16",733200
19800,-1400,100,"bu","14:03:15",732200
19750,-1450,500,"sd","14:03:13",732100
19750,-1450,1000,"sd","14:03:13",731600
19750,-1450,400,"sd","14:03:13",730600
19800,-1400,200,"sd","14:02:59",730200
19800,-1400,1000,"sd","14:02:59",730000
19800,-1400,1000,"sd","14:02:59",729000
19800,-1400,400,"sd","14:02:59",728000
19800,-1400,500,"sd","14:02:59",727600
19800,-1400,3000,"sd","14:02:59",727100
19800,-1400,100,"sd","14:02:59",724100
19800,-1400,200,"sd","14:02:59",724000
19800,-1400,300,"sd","14:02:59",723800
19800,-1400,400,"sd","14:02:59",723500
19800,-1400,300,"sd","14:02:59",723100
19800,-1400,100,"sd","14:02:59",722800
19800,-1400,400,"sd","14:02:59",722700
19800,-1400,4300,"sd","14:02:59",722300
19800,-1400,100,"sd","14:02:59",718000
19800,-1400,400,"sd","14:02:59",717900
19800,-1400,2000,"sd","14:02:57",717500
19800,-1400,200,"sd","14:02:14",715500
19900,-1300,100,"bu","14:01:56",715300
19850,-1350,900,"sd","14:01:51",715200
19850,-1350,100,"sd","14:01:51",714300
19850,-1350,100,"sd","14:01:40",714200
19850,-1350,1000,"sd","14:01:16",714100
19850,-1350,300,"sd","14:01:04",713100
19850,-1350,700,"sd","14:01:04",712800
19850,-1350,500,"bu","14:00:37",712100
19850,-1350,800,"bu","14:00:37",711600
19850,-1350,4200,"bu","13:59:58",710800
19850,-1350,800,"bu","13:59:58",706600
19850,-1350,100,"sd","13:59:37",705800
19850,-1350,2000,"sd","13:59:37",705700
19850,-1350,400,"sd","13:59:37",703700
19850,-1350,1000,"sd","13:59:37",703300
19850,-1350,1000,"sd","13:58:33",702300
19900,-1300,1500,"bu","13:58:31",701300
19900,-1300,500,"bu","13:58:31",699800
19900,-1300,500,"bu","13:58:16",699300
19900,-1300,400,"bu","13:58:16",698800
19900,-1300,100,"bu","13:58:16",698400
19900,-1300,1000,"bu","13:57:41",698300
19900,-1300,1900,"sd","13:57:14",697300
19900,-1300,4100,"sd","13:56:54",695400
19900,-1300,4000,"sd","13:56:34",691300
19900,-1300,100,"sd","13:56:34",687300
19900,-1300,100,"sd","13:56:34",687200
19900,-1300,800,"sd","13:56:34",687100
20000,-1200,5000,"sd","13:56:30",686300
20000,-1200,100,"sd","13:56:30",681300
20000,-1200,900,"sd","13:56:28",681200
20000,-1200,4000,"bu","13:56:22",680300
19900,-1300,1000,"bu","13:55:12",676300
19900,-1300,200,"bu","13:55:12",675300
19900,-1300,5000,"bu","13:54:34",675100
19800,-1400,2400,"sd","13:54:16",670100
19800,-1400,1600,"sd","13:54:16",667700
19800,-1400,200,"sd","13:54:10",666100
19800,-1400,100,"sd","13:53:37",665900
19850,-1350,3600,"sd","13:53:21",665800
19800,-1400,100,"sd","13:51:47",662200
19800,-1400,400,"sd","13:51:47",662100
19800,-1400,600,"sd","13:51:44",661700
19800,-1400,100,"sd","13:51:44",661100
19800,-1400,500,"sd","13:51:44",661000
19800,-1400,1000,"sd","13:51:44",660500
19800,-1400,700,"sd","13:51:44",659500
19800,-1400,500,"sd","13:51:44",658800
19800,-1400,100,"sd","13:51:44",658300
19800,-1400,100,"sd","13:51:28",658200
19800,-1400,200,"sd","13:51:28",658100
19850,-1350,1000,"sd","13:51:28",657900
19850,-1350,100,"sd","13:51:28",656900
19850,-1350,100,"sd","13:51:28",656800
19900,-1300,100,"sd","13:51:06",656700
19900,-1300,2000,"sd","13:51:06",656600
19900,-1300,500,"sd","13:51:06",654600
19900,-1300,2200,"sd","13:51:06",654100
20000,-1200,500,"bu","13:51:00",651900
19900,-1300,500,"sd","13:50:54",651400
19900,-1300,1300,"sd","13:50:30",650900
19900,-1300,1000,"sd","13:50:02",649600
20000,-1200,500,"bu","13:50:02",648600
20000,-1200,300,"bu","13:49:56",648100
20000,-1200,100,"bu","13:49:56",647800
20000,-1200,900,"bu","13:49:05",647700
20000,-1200,100,"bu","13:49:05",646800
20000,-1200,900,"sd","13:48:16",646700
20000,-1200,100,"bu","13:48:02",645800
20000,-1200,500,"bu","13:46:30",645700
20000,-1200,100,"bu","13:46:24",645200
20000,-1200,3000,"sd","13:46:05",645100
20000,-1200,1000,"sd","13:46:05",642100
20000,-1200,5000,"sd","13:46:05",641100
20000,-1200,300,"sd","13:46:05",636100
20200,-1000,100,"bu","13:44:14",635800
20200,-1000,100,"bu","13:43:56",635700
20200,-1000,300,"bu","13:43:26",635600
20000,-1200,700,"bu","13:43:02",635300
20000,-1200,3300,"bu","13:42:58",634600
20000,-1200,100,"bu","13:42:58",631300
20000,-1200,100,"bu","13:42:45",631200
19900,-1300,300,"sd","13:41:29",631100
19900,-1300,1000,"sd","13:41:29",630800
19900,-1300,200,"sd","13:41:29",629800
19900,-1300,500,"sd","13:41:29",629600
20000,-1200,1800,"bu","13:41:20",629100
20000,-1200,200,"bu","13:41:20",627300
19900,-1300,1500,"bu","13:41:06",627100
19900,-1300,1000,"bu","13:40:49",625600
19900,-1300,300,"bu","13:40:48",624600
19900,-1300,100,"bu","13:40:45",624300
19900,-1300,3000,"bu","13:40:41",624200
19900,-1300,1400,"bu","13:40:39",621200
19900,-1300,200,"bu","13:40:36",619800
19900,-1300,1000,"bu","13:40:29",619600
19900,-1300,1000,"bu","13:40:05",618600
19900,-1300,500,"bu","13:40:05",617600
20000,-1200,5000,"bu","13:39:50",617100
19850,-1350,100,"sd","13:38:33",612100
19800,-1400,300,"sd","13:36:25",612000
19800,-1400,200,"sd","13:36:25",611700
19800,-1400,100,"sd","13:36:25",611500
19850,-1350,200,"sd","13:36:25",611400
19850,-1350,300,"sd","13:36:25",611200
19850,-1350,900,"sd","13:36:25",610900
20000,-1200,800,"sd","13:36:23",610000
19900,-1300,2200,"bu","13:36:11",609200
19900,-1300,800,"bu","13:36:11",607000
19900,-1300,2100,"bu","13:36:11",606200
19900,-1300,4100,"bu","13:36:11",604100
19850,-1350,100,"bu","13:35:39",600000
19900,-1300,500,"bu","13:35:07",599900
19900,-1300,100,"bu","13:34:35",599400
19900,-1300,100,"bu","13:34:29",599300
19900,-1300,100,"bu","13:33:57",599200
19900,-1300,300,"sd","13:33:45",599100
20000,-1200,4800,"sd","13:33:45",598800
20000,-1200,100,"bu","13:33:31",594000
20000,-1200,700,"bu","13:33:31",593900
20000,-1200,100,"bu","13:33:31",593200
20000,-1200,3700,"bu","13:33:31",593100
19950,-1250,600,"bu","13:33:31",589400
19950,-1250,100,"bu","13:33:29",588800
19900,-1300,700,"bu","13:33:29",588700
19950,-1250,100,"bu","13:33:22",588000
19800,-1400,7900,"sd","13:33:20",587900
19800,-1400,500,"sd","13:33:20",580000
19900,-1300,1600,"sd","13:33:20",579500
19950,-1250,200,"bu","13:33:13",577900
19900,-1300,1400,"bu","13:33:07",577700
19800,-1400,1000,"sd","13:32:44",576300
19800,-1400,100,"sd","13:32:24",575300
19800,-1400,900,"bu","13:32:24",575200
19750,-1450,2000,"sd","13:31:49",574300
19800,-1400,100,"bu","13:31:43",572300
19750,-1450,100,"bu","13:31:38",572200
19750,-1450,100,"bu","13:31:35",572100
19750,-1450,200,"sd","13:31:30",572000
19750,-1450,300,"sd","13:31:30",571800
19750,-1450,300,"sd","13:31:30",571500
19750,-1450,200,"sd","13:31:29",571200
19750,-1450,500,"sd","13:31:25",571000
19750,-1450,100,"sd","13:31:25",570500
19750,-1450,100,"sd","13:31:25",570400
19750,-1450,300,"sd","13:31:25",570300
19750,-1450,1700,"sd","13:31:15",570000
19750,-1450,300,"sd","13:31:15",568300
19750,-1450,2000,"sd","13:31:10",568000
19750,-1450,1000,"sd","13:31:10",566000
19750,-1450,100,"sd","13:31:10",565000
19750,-1450,200,"sd","13:31:10",564900
19750,-1450,100,"sd","13:31:09",564700
19750,-1450,1000,"sd","13:31:09",564600
19750,-1450,5000,"sd","13:31:09",563600
19750,-1450,700,"sd","13:31:09",558600
19750,-1450,1000,"sd","13:31:09",557900
19750,-1450,100,"sd","13:31:09",556900
19750,-1450,300,"sd","13:31:09",556800
19750,-1450,100,"sd","13:31:09",556500
19750,-1450,2000,"sd","13:31:09",556400
19750,-1450,300,"sd","13:31:09",554400
19750,-1450,500,"sd","13:31:09",554100
19750,-1450,100,"sd","13:31:09",553600
19750,-1450,5000,"sd","13:31:09",553500
19750,-1450,200,"sd","13:31:09",548500
19750,-1450,300,"sd","13:31:09",548300
19750,-1450,300,"sd","13:31:09",548000
19750,-1450,1000,"sd","13:31:09",547700
19750,-1450,200,"sd","13:31:09",546700
19750,-1450,2900,"sd","13:31:09",546500
19750,-1450,2500,"sd","13:31:09",543600
19750,-1450,10000,"sd","13:31:09",541100
19750,-1450,500,"sd","13:31:09",531100
19800,-1400,300,"sd","13:31:09",530600
19800,-1400,2000,"sd","13:31:09",530300
19750,-1450,1000,"sd","13:31:09",528300
19800,-1400,500,"sd","13:31:09",527300
19800,-1400,200,"sd","13:31:09",526800
19750,-1450,100,"sd","13:31:09",526600
19800,-1400,1800,"sd","13:31:09",526500
19750,-1450,500,"sd","13:31:09",524700
19800,-1400,6800,"sd","13:31:09",524200
19750,-1450,8000,"sd","13:31:09",517400
19800,-1400,1000,"sd","13:31:09",509400
19800,-1400,300,"sd","13:31:09",508400
19800,-1400,100,"sd","13:31:09",508100
19800,-1400,500,"sd","13:30:36",508000
19800,-1400,700,"sd","13:30:31",507500
19800,-1400,100,"sd","13:30:31",506800
19800,-1400,500,"sd","13:30:31",506700
19800,-1400,700,"sd","13:30:31",506200
19800,-1400,1300,"sd","13:30:30",505500
19800,-1400,200,"sd","13:30:24",504200
19800,-1400,300,"sd","13:30:24",504000
19800,-1400,100,"sd","13:30:07",503700
19800,-1400,700,"sd","13:29:58",503600
19800,-1400,1000,"sd","13:29:35",502900
19800,-1400,100,"sd","13:29:19",501900
19800,-1400,17800,"sd","13:29:18",501800
19800,-1400,400,"sd","13:29:18",484000
19800,-1400,100,"sd","13:29:18",483600
19800,-1400,500,"sd","13:29:18",483500
19800,-1400,700,"sd","13:29:18",483000
19800,-1400,5000,"sd","13:29:18",482300
19800,-1400,2400,"sd","13:29:18",477300
19800,-1400,100,"sd","13:29:18",474900
19800,-1400,2000,"sd","13:29:18",474800
19800,-1400,5000,"sd","13:29:18",472800
19800,-1400,5000,"sd","13:29:18",467800
19800,-1400,200,"sd","13:29:18",462800
19850,-1350,400,"sd","13:29:18",462600
19800,-1400,200,"sd","13:29:18",462200
19800,-1400,200,"sd","13:29:18",462000
19800,-1400,5000,"sd","13:29:18",461800
19850,-1350,300,"sd","13:29:11",456800
19850,-1350,300,"sd","13:29:03",456500
19900,-1300,500,"sd","13:28:36",456200
19900,-1300,300,"sd","13:28:36",455700
19900,-1300,100,"sd","13:28:36",455400
19900,-1300,2000,"sd","13:28:36",455300
19900,-1300,3600,"sd","13:28:36",453300
19950,-1250,100,"sd","13:28:36",449700
19950,-1250,100,"sd","13:28:36",449600
19950,-1250,400,"sd","13:27:49",449500
20000,-1200,1000,"sd","13:27:05",449100
20000,-1200,2000,"sd","13:27:05",448100
20000,-1200,700,"sd","13:27:05",446100
20000,-1200,500,"sd","13:26:59",445400
20000,-1200,400,"sd","13:26:40",444900
20000,-1200,100,"sd","13:26:09",444500
20050,-1150,100,"sd","13:26:09",444400
20150,-1050,100,"bu","13:24:53",444300
20150,-1050,200,"bu","13:24:39",444200
20000,-1200,500,"sd","13:22:46",444000
20000,-1200,100,"sd","13:22:31",443500
20000,-1200,200,"sd","13:21:45",443400
20000,-1200,1000,"sd","13:21:27",443200
20000,-1200,300,"bu","13:21:19",442200
20000,-1200,1200,"bu","13:21:19",441900
20000,-1200,300,"bu","13:21:11",440700
20000,-1200,1100,"bu","13:20:33",440400
20000,-1200,200,"bu","13:20:26",439300
20000,-1200,100,"bu","13:19:58",439100
20000,-1200,400,"sd","13:19:53",439000
20000,-1200,500,"sd","13:19:49",438600
20000,-1200,2000,"sd","13:19:41",438100
20000,-1200,1300,"bu","13:19:34",436100
20000,-1200,300,"bu","13:19:34",434800
20000,-1200,400,"bu","13:19:34",434500
20000,-1200,4600,"bu","13:19:34",434100
19950,-1250,500,"bu","13:19:34",429500
19950,-1250,500,"bu","13:18:19",429000
19950,-1250,200,"bu","13:17:59",428500
19950,-1250,200,"sd","13:17:55",428300
20000,-1200,400,"bu","13:17:04",428100
20000,-1200,100,"bu","13:17:04",427700
19900,-1300,2400,"sd","13:17:01",427600
19900,-1300,2100,"sd","13:17:01",425200
20000,-1200,3000,"bu","13:16:55",423100
20000,-1200,100,"bu","13:16:49",420100
20000,-1200,100,"bu","13:16:45",420000
20000,-1200,1000,"bu","13:16:16",419900
20000,-1200,100,"bu","13:15:58",418900
19900,-1300,900,"sd","13:15:27",418800
19900,-1300,2000,"sd","13:15:27",417900
19900,-1300,100,"sd","13:15:27",415900
19900,-1300,2400,"sd","13:15:27",415800
20000,-1200,200,"sd","13:15:27",413400
20000,-1200,500,"sd","13:15:27",413200
20000,-1200,200,"sd","13:15:27",412700
20000,-1200,500,"sd","13:15:27",412500
20000,-1200,600,"sd","13:15:27",412000
20000,-1200,1600,"sd","13:15:27",411400
20000,-1200,700,"sd","13:15:04",409800
20200,-1000,100,"bu","13:14:46",409100
20000,-1200,900,"sd","13:14:46",409000
20000,-1200,400,"sd","13:14:00",408100
20000,-1200,500,"sd","13:13:48",407700
20000,-1200,900,"bu","13:13:47",407200
20000,-1200,1100,"bu","13:13:44",406300
20000,-1200,900,"bu","13:13:44",405200
20000,-1200,1000,"bu","13:13:39",404300
20000,-1200,2000,"sd","13:13:35",403300
20000,-1200,400,"sd","13:13:27",401300
20000,-1200,1500,"sd","13:13:27",400900
20000,-1200,1000,"sd","13:13:23",399400
20000,-1200,1300,"bu","13:13:17",398400
19900,-1300,2600,"sd","13:13:11",397100
19900,-1300,100,"sd","13:13:11",394500
19900,-1300,100,"sd","13:13:11",394400
19900,-1300,2200,"sd","13:13:11",394300
19900,-1300,800,"sd","13:13:01",392100
19950,-1250,200,"sd","13:13:01",391300
20000,-1200,200,"bu","13:12:54",391100
20000,-1200,300,"bu","13:12:54",390900
19900,-1300,1000,"sd","13:12:30",390600
19900,-1300,1000,"sd","13:12:29",389600
20000,-1200,100,"bu","13:12:25",388600
20000,-1200,500,"sd","13:12:22",388500
20000,-1200,500,"sd","13:12:22",388000
20000,-1200,100,"sd","13:12:22",387500
20000,-1200,2000,"sd","13:12:22",387400
20000,-1200,2000,"sd","13:12:22",385400
20000,-1200,400,"sd","13:12:22",383400
20000,-1200,100,"sd","13:12:22",383000
20000,-1200,1000,"sd","13:12:22",382900
20000,-1200,3000,"sd","13:12:22",381900
20000,-1200,100,"sd","13:12:21",378900
20000,-1200,200,"sd","13:12:21",378800
20000,-1200,200,"sd","13:12:05",378600
20000,-1200,100,"sd","13:12:05",378400
20000,-1200,100,"sd","13:12:05",378300
20000,-1200,600,"sd","13:12:05",378200
20000,-1200,100,"sd","13:12:05",377600
20000,-1200,2000,"sd","13:12:05",377500
20000,-1200,1000,"sd","13:12:05",375500
20000,-1200,500,"sd","13:12:05",374500
20000,-1200,100,"sd","13:12:05",374000
20000,-1200,1000,"sd","13:12:05",373900
20000,-1200,1000,"sd","13:12:05",372900
20000,-1200,100,"sd","13:12:05",371900
20000,-1200,100,"sd","13:12:05",371800
20000,-1200,2000,"sd","13:12:05",371700
20000,-1200,200,"sd","13:12:05",369700
20000,-1200,100,"sd","13:12:05",369500
20000,-1200,100,"sd","13:12:05",369400
20000,-1200,700,"sd","13:12:05",369300
20000,-1200,1000,"sd","13:12:05",368600
20050,-1150,100,"sd","13:11:51",367600
20050,-1150,1000,"sd","13:11:51",367500
20050,-1150,1700,"sd","13:11:51",366500
20050,-1150,1500,"sd","13:11:47",364800
20050,-1150,500,"sd","13:11:44",363300
20050,-1150,3000,"sd","13:11:34",362800
20050,-1150,4700,"sd","13:11:31",359800
20100,-1100,100,"bu","13:11:30",355100
20050,-1150,3000,"sd","13:11:24",355000
20100,-1100,200,"bu","13:11:19",352000
20050,-1150,100,"sd","13:11:19",351800
20050,-1150,200,"sd","13:11:08",351200
20050,-1150,500,"sd","13:11:08",351700
20100,-1100,6000,"sd","13:11:08",351000
20100,-1100,8300,"sd","13:11:08",345000
20100,-1100,2700,"sd","13:10:50",336700
20100,-1100,5000,"sd","13:10:50",334000
20100,-1100,1300,"sd","13:10:50",329000
20100,-1100,1000,"sd","13:10:50",327700
20200,-1000,100,"bu","13:10:21",326700
20200,-1000,100,"bu","13:10:15",326600
20100,-1100,2000,"sd","13:10:10",326500
20100,-1100,200,"sd","13:10:10",324500
20100,-1100,500,"sd","13:10:10",324300
20100,-1100,500,"sd","13:10:10",323800
20100,-1100,200,"sd","13:10:10",323300
20100,-1100,100,"sd","13:10:10",323100
20200,-1000,500,"bu","13:10:07",323000
20200,-1000,2000,"sd","13:10:00",322500
20200,-1000,100,"sd","13:10:00",320500
20200,-1000,1000,"sd","13:10:00",320400
20200,-1000,1000,"sd","13:10:00",319400
20200,-1000,500,"sd","13:10:00",318400
20200,-1000,100,"sd","13:09:51",317900
20200,-1000,100,"sd","13:09:51",317800
20200,-1000,400,"sd","13:09:50",317700
20200,-1000,2000,"sd","13:09:50",317300
20200,-1000,100,"sd","13:09:50",315300
20200,-1000,2500,"sd","13:09:37",315200
20200,-1000,800,"sd","13:09:34",312700
20200,-1000,6400,"sd","13:09:32",311900
20200,-1000,200,"sd","13:09:32",305500
20200,-1000,200,"sd","13:09:32",305300
20200,-1000,1000,"sd","13:09:32",305100
20200,-1000,100,"sd","13:09:32",304100
20200,-1000,100,"sd","13:09:32",304000
20200,-1000,200,"sd","13:09:17",303900
20250,-950,100,"bu","13:09:11",303700
20250,-950,200,"bu","13:08:49",303600
20250,-950,1000,"sd","13:08:46",303400
20250,-950,5000,"sd","13:08:46",302400
20250,-950,400,"sd","13:08:46",297400
20250,-950,100,"sd","13:08:42",297000
20250,-950,2000,"sd","13:08:42",296900
20250,-950,400,"sd","13:08:42",294900
20250,-950,1000,"sd","13:08:40",294500
20250,-950,300,"sd","13:08:40",293500
20300,-900,500,"bu","13:07:52",293200
20250,-950,300,"sd","13:07:37",292700
20250,-950,700,"sd","13:07:37",292400
20250,-950,300,"bu","13:07:32",291700
20250,-950,2000,"bu","13:07:22",291400
20250,-950,400,"bu","13:06:59",289400
20250,-950,500,"bu","13:06:59",289000
20250,-950,3100,"bu","13:06:59",288500
20300,-900,500,"bu","13:06:42",285400
20250,-950,500,"sd","13:06:12",284900
20250,-950,1000,"sd","13:06:02",284400
20250,-950,1400,"sd","13:05:47",283400
20300,-900,500,"sd","13:05:15",282000
20300,-900,500,"sd","13:05:15",281500
20300,-900,3000,"sd","13:05:15",281000
20300,-900,2500,"sd","13:05:15",278000
20400,-800,100,"sd","13:04:20",275500
20400,-800,500,"sd","13:04:20",275400
20500,-700,100,"bu","13:03:50",274900
20400,-800,500,"bu","13:03:35",274800
20300,-900,300,"sd","13:01:53",274300
20300,-900,200,"sd","13:01:20",274000
20350,-850,200,"bu","13:01:16",273800
20350,-850,1500,"sd","13:01:09",273600
20350,-850,200,"sd","13:01:05",272100
20400,-800,500,"bu","13:00:13",271900
20500,-700,300,"bu","13:00:13",271400
20350,-850,300,"sd","13:00:08",271100
20350,-850,1000,"sd","13:00:07",270800
20350,-850,100,"sd","13:00:07",269800
20350,-850,200,"sd","13:00:07",269700
20350,-850,300,"sd","13:00:07",269500
20400,-800,100,"unknown","13:00:06",269200
20400,-800,500,"unknown","13:00:05",269100
20400,-800,100,"unknown","13:00:04",268600
20450,-750,1000,"unknown","13:00:04",268500
20500,-700,200,"unknown","13:00:04",267500
20500,-700,1200,"unknown","13:00:03",267300
20700,-500,100,"bu","11:28:16",266100
20500,-700,4400,"sd","11:27:22",266000
20600,-600,600,"sd","11:27:22",261600
20700,-500,100,"bu","11:27:20",261000
20500,-700,4000,"sd","11:26:30",260900
20550,-650,1000,"sd","11:26:29",256900
20700,-500,100,"bu","11:24:55",255900
20500,-700,400,"sd","11:24:43",255800
20500,-700,200,"sd","11:24:43",255400
20500,-700,8600,"sd","11:24:43",255200
20550,-650,500,"sd","11:24:43",246600
20550,-650,300,"sd","11:24:43",246100
20550,-650,300,"sd","11:24:09",245800
20700,-500,100,"bu","11:24:09",245500
20550,-650,400,"sd","11:23:44",245400
20600,-600,100,"sd","11:23:44",245000
20700,-500,3000,"bu","11:19:49",244900
20700,-500,3600,"bu","11:16:32",241900
20600,-600,500,"bu","11:16:32",238300
20600,-600,900,"bu","11:16:32",237800
20600,-600,100,"bu","11:14:00",236900
20550,-650,200,"sd","11:10:01",236800
20600,-600,1000,"sd","11:09:51",236600
20600,-600,1000,"sd","11:09:51",235600
20700,-500,100,"bu","11:07:53",234600
20600,-600,500,"bu","11:07:08",234500
20600,-600,500,"bu","11:07:08",234000
20600,-600,100,"bu","11:06:36",233500
20600,-600,900,"bu","11:06:36",233400
20600,-600,100,"bu","11:06:33",232500
20500,-700,600,"bu","11:06:01",232400
20500,-700,100,"bu","11:05:52",231800
20500,-700,1000,"bu","11:04:43",231700
20500,-700,2000,"bu","11:04:17",230700
20450,-750,100,"sd","10:57:43",228700
20500,-700,1000,"bu","10:55:50",228600
20500,-700,200,"bu","10:53:18",227600
20450,-750,400,"sd","10:53:17",227400
20450,-750,1100,"sd","10:53:17",227000
20450,-750,900,"sd","10:52:54",225900
20450,-750,500,"sd","10:52:54",225000
20500,-700,100,"bu","10:51:36",224500
20500,-700,100,"bu","10:49:39",224400
20500,-700,1900,"bu","10:49:39",224300
20500,-700,200,"bu","10:46:12",222400
20500,-700,1000,"bu","10:46:01",222200
20500,-700,1000,"bu","10:46:00",221200
20500,-700,3000,"bu","10:45:44",220200
20500,-700,100,"bu","10:45:39",217200
20450,-750,200,"sd","10:43:08",217100
20450,-750,1000,"bu","10:41:28",216900
20450,-750,300,"bu","10:41:28",215900
20450,-750,200,"bu","10:39:22",215600
20450,-750,500,"bu","10:38:56",215400
20400,-800,700,"sd","10:38:23",214900
20400,-800,200,"sd","10:38:23",214200
20400,-800,100,"sd","10:38:23",214000
20500,-700,500,"bu","10:38:09",213900
20500,-700,700,"bu","10:38:07",213400
20500,-700,300,"bu","10:37:56",212700
20500,-700,500,"bu","10:37:51",212400
20500,-700,1900,"bu","10:37:47",211900
20500,-700,1000,"bu","10:37:46",210000
20500,-700,500,"bu","10:37:12",209000
20500,-700,400,"bu","10:36:59",208500
20450,-750,300,"bu","10:34:31",208100
20450,-750,100,"bu","10:34:23",207800
20450,-750,200,"bu","10:34:23",207700
20450,-750,1000,"bu","10:34:18",207500
20450,-750,1700,"bu","10:34:18",206500
20450,-750,2000,"bu","10:33:58",204800
20450,-750,100,"bu","10:33:28",202800
20400,-800,3000,"sd","10:30:24",202700
20400,-800,300,"bu","10:30:23",199700
20400,-800,700,"bu","10:30:23",199400
20400,-800,200,"sd","10:27:54",198700
20400,-800,100,"sd","10:27:54",198500
20400,-800,2000,"unknown","10:25:28",198400
20400,-800,4000,"bu","10:25:02",196400
20400,-800,1000,"bu","10:25:02",192400
20350,-850,400,"sd","10:24:33",191400
20350,-850,1000,"bu","10:24:03",191000
20350,-850,300,"bu","10:24:03",190000
20350,-850,300,"bu","10:23:59",189700
20350,-850,400,"bu","10:23:53",189400
20350,-850,600,"bu","10:23:53",189000
20350,-850,5000,"bu","10:23:38",188400
20350,-850,400,"bu","10:23:03",183400
20350,-850,500,"bu","10:23:03",183000
20300,-900,100,"bu","10:23:03",182500
20300,-900,100,"bu","10:23:03",182400
20300,-900,100,"bu","10:23:03",182300
20300,-900,800,"bu","10:23:03",182200
20300,-900,4200,"bu","10:23:02",181400
20250,-950,100,"sd","10:22:36",177200
20200,-1000,200,"sd","10:21:10",177100
20300,-900,1000,"bu","10:21:06",176900
20300,-900,100,"sd","10:19:36",175900
20300,-900,1400,"sd","10:19:36",175800
20300,-900,1500,"sd","10:19:32",174400
20300,-900,2100,"sd","10:19:25",172900
20300,-900,800,"sd","10:19:24",170800
20300,-900,300,"sd","10:19:24",170000
20300,-900,200,"sd","10:19:24",169700
20300,-900,500,"sd","10:19:24",169500
20300,-900,100,"sd","10:19:24",169000
20300,-900,300,"sd","10:19:22",168900
20300,-900,1600,"sd","10:18:34",168600
20300,-900,100,"sd","10:18:15",167000
20350,-850,900,"sd","10:17:23",166900
20350,-850,100,"sd","10:17:23",166000
20350,-850,100,"sd","10:17:23",165900
20350,-850,100,"sd","10:17:23",165800
20350,-850,1000,"sd","10:17:23",165700
20350,-850,2500,"sd","10:16:59",164700
20350,-850,2000,"sd","10:16:55",162200
20400,-800,1200,"sd","10:15:31",160200
20400,-800,1000,"sd","10:15:26",159000
20400,-800,300,"sd","10:15:18",158000
20400,-800,2500,"sd","10:15:12",157700
20400,-800,900,"sd","10:15:12",155200
20400,-800,2100,"bu","10:14:50",154300
20400,-800,500,"sd","10:14:12",152200
20400,-800,100,"sd","10:13:27",151700
20400,-800,100,"sd","10:13:12",151600
20400,-800,100,"sd","10:13:12",151500
20400,-800,100,"sd","10:13:04",151400
20400,-800,100,"sd","10:12:56",151300
20400,-800,500,"sd","10:12:08",151200
20400,-800,300,"sd","10:12:08",150700
20400,-800,100,"sd","10:12:08",150400
20400,-800,100,"sd","10:12:08",150300
20450,-750,2000,"sd","10:11:50",150200
20450,-750,500,"sd","10:11:50",148200
20450,-750,700,"sd","10:11:50",147700
20500,-700,4000,"bu","10:11:48",147000
20500,-700,6000,"bu","10:11:48",143000
20500,-700,900,"bu","10:11:48",137000
20450,-750,900,"sd","10:11:45",136100
20450,-750,1900,"sd","10:11:22",135200
20500,-700,1000,"bu","10:08:42",133300
20500,-700,700,"bu","10:07:29",132300
20500,-700,1600,"bu","10:07:11",131600
20500,-700,2000,"bu","10:06:42",130000
20450,-750,100,"sd","10:06:29",128000
20500,-700,1000,"bu","10:05:56",127900
20500,-700,100,"bu","10:05:41",126900
20500,-700,400,"bu","10:04:22",126800
20500,-700,100,"bu","10:04:22",126400
20450,-750,1800,"bu","10:03:33",126300
20450,-750,2000,"bu","10:03:19",124500
20400,-800,300,"sd","10:03:10",122500
20400,-800,1000,"sd","10:03:10",122200
20400,-800,200,"sd","10:03:10",121200
20400,-800,100,"sd","10:03:10",121000
20450,-750,200,"sd","10:02:49",120900
20450,-750,1000,"sd","10:02:49",120700
20500,-700,200,"bu","10:02:44",119700
20500,-700,500,"bu","10:02:44",119500
20500,-700,100,"bu","10:02:44",119000
20500,-700,200,"bu","10:02:44",118900
20500,-700,100,"bu","10:02:21",118700
20500,-700,1000,"bu","10:02:16",118600
20500,-700,500,"bu","10:02:13",117600
20450,-750,500,"bu","10:01:07",117100
20450,-750,100,"bu","10:00:47",116600
20450,-750,1900,"bu","09:59:42",116500
20450,-750,100,"bu","09:59:42",114600
20450,-750,100,"sd","09:58:24",114500
20450,-750,200,"sd","09:58:24",114400
20450,-750,800,"sd","09:57:25",114200
20450,-750,100,"sd","09:57:25",113400
20450,-750,200,"sd","09:57:25",113300
20450,-750,400,"sd","09:57:25",113100
20500,-700,3000,"bu","09:57:24",112700
20500,-700,100,"sd","09:57:04",109700
20500,-700,100,"sd","09:57:04",109600
20500,-700,500,"sd","09:56:40",109500
20500,-700,500,"sd","09:56:40",109000
20500,-700,500,"sd","09:56:26",108500
20500,-700,100,"sd","09:56:26",108000
20500,-700,1000,"sd","09:55:30",107900
20500,-700,1000,"sd","09:55:30",106900
20600,-600,100,"bu","09:54:22",105900
20500,-700,1500,"sd","09:53:59",105800
20500,-700,200,"sd","09:53:53",104300
20600,-600,100,"bu","09:52:59",104100
20500,-700,1000,"sd","09:52:56",104000
20500,-700,300,"sd","09:52:28",103000
20500,-700,500,"sd","09:52:06",102700
20500,-700,500,"sd","09:51:28",102200
20600,-600,100,"sd","09:50:36",101700
20600,-600,400,"sd","09:50:36",101600
20600,-600,1000,"sd","09:50:36",101200
20600,-600,1000,"sd","09:49:53",100200
20600,-600,100,"sd","09:49:53",99200
20600,-600,200,"sd","09:49:53",99100
20650,-550,100,"sd","09:49:53",98900
20650,-550,100,"sd","09:49:53",98800
20650,-550,100,"bu","09:46:19",98700
20650,-550,500,"bu","09:45:45",98600
20650,-550,500,"unknown","09:45:39",98100
20650,-550,1000,"sd","09:45:07",97600
20700,-500,100,"bu","09:42:23",96600
20700,-500,200,"bu","09:41:58",96500
20750,-450,600,"sd","09:41:18",96300
20750,-450,200,"sd","09:40:59",95700
20750,-450,200,"bu","09:40:52",95500
20700,-500,100,"unknown","09:40:37",95300
20700,-500,300,"sd","09:40:37",95200
20700,-500,200,"sd","09:40:37",94900
20700,-500,100,"sd","09:39:50",94700
20700,-500,100,"sd","09:39:23",94600
20700,-500,1800,"sd","09:38:04",94500
20700,-500,3000,"sd","09:38:04",92700
20700,-500,3000,"sd","09:38:04",89700
20700,-500,1000,"sd","09:38:04",86700
20700,-500,100,"sd","09:38:04",85700
20700,-500,500,"sd","09:38:04",85600
20700,-500,500,"sd","09:38:04",85100
20700,-500,100,"sd","09:38:04",84600
20700,-500,600,"sd","09:36:41",84500
20700,-500,100,"sd","09:36:41",83900
20800,-400,200,"sd","09:36:41",83800
20850,-350,100,"sd","09:36:41",83600
20850,-350,100,"sd","09:36:16",83500
20850,-350,100,"bu","09:35:25",83400
20850,-350,100,"sd","09:34:57",83300
20850,-350,300,"sd","09:34:57",83200
20850,-350,1000,"sd","09:34:32",82900
20850,-350,1700,"bu","09:34:02",81900
20850,-350,300,"bu","09:33:52",80200
20700,-500,200,"bu","09:32:17",79900
20700,-500,100,"bu","09:32:06",79700
20700,-500,200,"bu","09:31:50",79600
20700,-500,900,"sd","09:31:35",79400
20800,-400,300,"sd","09:30:32",78500
20800,-400,500,"sd","09:30:32",78200
20800,-400,2800,"sd","09:30:32",77700
20850,-350,1000,"bu","09:30:22",74900
20800,-400,1700,"bu","09:29:43",73900
20800,-400,1300,"bu","09:29:24",72200
20800,-400,700,"bu","09:29:24",70900
20600,-600,100,"sd","09:28:37",70200
20600,-600,200,"sd","09:28:25",70100
20600,-600,6000,"sd","09:28:19",69900
20450,-750,2000,"sd","09:27:15",63900
20400,-800,500,"bu","09:26:20",61900
20400,-800,1000,"bu","09:26:17",61400
20400,-800,300,"sd","09:26:09",60400
20400,-800,1400,"sd","09:26:09",60100
20400,-800,3000,"sd","09:26:09",58700
20400,-800,600,"sd","09:26:09",55700
20400,-800,1000,"sd","09:26:09",55100
20350,-850,1600,"bu","09:24:38",54100
20350,-850,1000,"bu","09:24:37",52500
20350,-850,1200,"bu","09:24:31",51500
20350,-850,2000,"bu","09:24:29",50300
20350,-850,100,"bu","09:24:17",48300
20350,-850,1000,"bu","09:24:17",48200
20350,-850,1000,"sd","09:23:58",47200
20350,-850,100,"sd","09:23:58",46200
20400,-800,2800,"sd","09:23:58",46100
20400,-800,1000,"sd","09:23:58",43300
20400,-800,200,"sd","09:23:58",42300
20450,-750,1000,"sd","09:23:58",42100
20700,-500,2000,"sd","09:23:58",41100
20700,-500,3000,"bu","09:23:55",39100
20700,-500,100,"bu","09:23:39",36100
20350,-850,200,"sd","09:23:17",36000
20300,-900,1500,"sd","09:22:55",35800
20300,-900,100,"sd","09:22:55",34300
20300,-900,2000,"sd","09:22:55",34200
20300,-900,2400,"sd","09:22:55",32200
20700,-500,200,"bu","09:22:50",29800
20300,-900,500,"sd","09:22:16",29600
20300,-900,100,"bu","09:22:04",29100
20200,-1000,500,"sd","09:22:00",29000
20200,-1000,600,"sd","09:22:00",28500
20200,-1000,1400,"bu","09:21:49",27900
20200,-1000,1000,"bu","09:21:46",26500
20200,-1000,1000,"bu","09:21:40",25500
20200,-1000,300,"sd","09:21:39",24500
20200,-1000,800,"sd","09:21:39",24200
20200,-1000,200,"sd","09:21:23",23400
20100,-1100,100,"sd","09:21:03",23200
20000,-1200,100,"sd","09:21:02",23100
20000,-1200,100,"sd","09:21:02",23000
20000,-1200,3300,"sd","09:21:02",22900
20000,-1200,500,"sd","09:21:02",19600
20000,-1200,200,"sd","09:21:02",19100
20000,-1200,300,"sd","09:21:02",18900
20000,-1200,500,"sd","09:21:02",18600
20400,-800,1000,"bu","09:20:56",18100
20400,-800,2000,"bu","09:20:46",17100
20400,-800,200,"sd","09:20:36",15100
20400,-800,1000,"sd","09:20:36",14900
20400,-800,500,"sd","09:20:36",13900
20400,-800,500,"sd","09:20:36",13400
20400,-800,300,"sd","09:20:36",12900
20500,-700,1000,"sd","09:20:28",12600
20550,-650,100,"sd","09:20:28",11600
20600,-600,500,"sd","09:20:28",11500
20700,-500,300,"bu","09:20:24",11000
20700,-500,500,"bu","09:19:34",10700
20700,-500,900,"sd","09:19:33",10200
20700,-500,400,"sd","09:19:15",9300
21000,-200,100,"sd","09:19:15",8900
20700,-500,1700,"sd","09:19:06",8800
20800,-400,100,"sd","09:19:06",7100
20800,-400,100,"sd","09:19:06",7000
20800,-400,100,"sd","09:19:06",6900
20900,-300,500,"sd","09:19:06",6800
21000,-200,100,"sd","09:18:49",6300
21100,-100,1000,"sd","09:17:50",6200
21200,0,5200,"sd","09:15:00",5200
