"price","change","match_qtty","side","time","total_vol"
3320,-240,6600,"sd","14:45:02",426200
3330,-230,5000,"bu","14:29:12",419600
3320,-240,3700,"sd","14:27:14",414600
3330,-230,300,"bu","14:26:36",410900
3320,-240,3300,"sd","14:26:27",410600
3330,-230,700,"bu","14:24:37",407300
3330,-230,400,"bu","14:24:17",406600
3330,-230,300,"bu","14:24:08",406200
3320,-240,700,"bu","14:24:08",405900
3320,-240,10000,"bu","14:24:01",405200
3320,-240,500,"bu","14:23:39",395200
3320,-240,3000,"bu","14:23:33",394700
3320,-240,100,"bu","14:21:57",391700
3320,-240,100,"bu","14:21:50",391600
3320,-240,1000,"bu","14:21:37",391500
3320,-240,500,"bu","14:21:21",390500
3320,-240,100,"bu","14:21:11",390000
3320,-240,1500,"bu","14:20:57",389900
3320,-240,500,"bu","14:20:53",388400
3320,-240,500,"bu","14:20:22",387900
3320,-240,100,"bu","14:20:14",387400
3320,-240,100,"bu","14:20:06",387300
3320,-240,100,"bu","14:20:05",387200
3320,-240,100,"bu","14:19:49",387100
3320,-240,2000,"bu","14:19:47",387000
3320,-240,2700,"bu","14:19:39",385000
3320,-240,4500,"bu","14:19:39",382300
3320,-240,2800,"bu","14:19:39",377800
3320,-240,100,"bu","14:18:48",375000
3320,-240,400,"bu","14:18:38",374900
3320,-240,100,"bu","14:18:09",374500
3320,-240,200,"bu","14:17:01",374400
3320,-240,100,"bu","14:15:51",374200
3320,-240,5000,"sd","14:15:49",374100
3320,-240,100,"sd","14:15:49",369100
3320,-240,300,"sd","14:15:49",369000
3320,-240,200,"sd","14:15:49",368700
3320,-240,1000,"sd","14:15:49",368500
3320,-240,500,"sd","14:15:49",367500
3320,-240,500,"sd","14:15:49",367000
3320,-240,100,"sd","14:15:49",366500
3320,-240,100,"sd","14:15:49",366400
3320,-240,100,"sd","14:15:49",366300
3320,-240,100,"sd","14:15:49",366200
3320,-240,1000,"sd","14:15:49",366100
3320,-240,500,"sd","14:15:49",365100
3320,-240,2000,"sd","14:15:49",364600
3320,-240,500,"sd","14:15:49",362600
3320,-240,100,"sd","14:15:49",362100
3320,-240,100,"sd","14:15:49",362000
3320,-240,2000,"sd","14:15:49",361900
3320,-240,22100,"sd","14:15:49",359900
3330,-230,100,"bu","14:14:16",337800
3330,-230,100,"bu","14:12:37",337700
3330,-230,500,"sd","14:11:43",337600
3330,-230,200,"sd","14:11:43",337100
3330,-230,200,"sd","14:11:43",336900
3330,-230,500,"sd","14:11:43",336700
3340,-220,300,"sd","14:10:36",336200
3340,-220,300,"sd","14:08:18",335900
3340,-220,400,"sd","14:07:17",335600
3340,-220,200,"sd","14:06:31",335200
3380,-180,400,"bu","13:57:33",335000
3380,-180,300,"bu","13:57:33",334600
3370,-190,100,"bu","13:57:33",334300
3360,-200,100,"bu","13:57:33",334200
3350,-210,100,"bu","13:57:33",334100
3380,-180,100,"bu","13:55:33",334000
3390,-170,300,"bu","13:53:15",333900
3390,-170,200,"bu","13:53:15",333600
3390,-170,600,"bu","13:51:24",333400
3390,-170,900,"bu","13:51:24",332800
3380,-180,1000,"bu","13:51:24",331900
3380,-180,500,"bu","13:51:24",330900
3320,-240,7900,"sd","13:50:49",330400
3320,-240,100,"sd","13:50:49",322500
3330,-230,100,"sd","13:50:49",322400
3330,-230,3500,"sd","13:50:49",322300
3330,-230,3300,"sd","13:50:49",318800
3330,-230,1000,"sd","13:50:49",315500
3330,-230,500,"sd","13:50:49",314500
3330,-230,500,"sd","13:50:49",314000
3330,-230,1800,"sd","13:50:49",313500
3330,-230,200,"sd","13:50:49",311700
3330,-230,1000,"sd","13:50:49",311500
3330,-230,3700,"sd","13:50:49",310500
3390,-170,500,"bu","13:43:03",306800
3390,-170,900,"sd","13:39:37",306300
3400,-160,100,"sd","13:39:37",305400
3390,-170,100,"bu","13:38:38",305300
3330,-230,300,"bu","13:38:00",305200
3330,-230,500,"bu","13:37:40",304900
3330,-230,500,"bu","13:37:40",304400
3330,-230,200,"bu","13:37:34",303900
3330,-230,500,"bu","13:37:31",303700
3330,-230,200,"bu","13:37:11",303200
3330,-230,3000,"bu","13:36:52",303000
3330,-230,400,"bu","13:36:42",300000
3330,-230,5000,"bu","13:36:26",299600
3330,-230,4000,"bu","13:36:22",294600
3330,-230,100,"bu","13:36:00",290600
3320,-240,200,"sd","13:35:29",290500
3330,-230,100,"bu","13:35:16",290300
3320,-240,3000,"sd","13:33:57",290200
3330,-230,2000,"sd","13:31:41",287200
3330,-230,2900,"sd","13:31:41",285200
3340,-220,3200,"sd","13:31:41",282300
3350,-210,100,"sd","13:31:41",279100
3350,-210,800,"sd","13:31:41",279000
3400,-160,100,"sd","13:26:46",278200
3400,-160,100,"sd","13:26:44",278100
3410,-150,100,"unknown","13:26:21",278000
3400,-160,200,"sd","13:25:45",277900
3400,-160,100,"sd","13:24:51",277700
3330,-230,200,"bu","13:23:13",277600
3330,-230,100,"bu","13:22:35",277400
3320,-240,1700,"bu","13:22:19",277300
3320,-240,500,"sd","13:22:15",275600
3320,-240,2000,"sd","13:22:15",275100
3320,-240,100,"sd","13:22:15",273100
3320,-240,500,"sd","13:22:15",273000
3320,-240,10000,"sd","13:22:15",272500
3320,-240,1000,"sd","13:22:15",262500
3320,-240,100,"sd","13:22:15",261500
3320,-240,4100,"sd","13:22:15",261400
3330,-230,100,"bu","13:21:40",257300
3320,-240,5900,"sd","13:21:30",257200
3320,-240,200,"sd","13:21:30",251300
3320,-240,500,"sd","13:21:30",251100
3320,-240,100,"sd","13:21:30",250600
3320,-240,200,"sd","13:21:30",250500
3320,-240,100,"sd","13:21:30",250300
3320,-240,1000,"sd","13:21:30",250200
3320,-240,10100,"sd","13:21:30",249200
3320,-240,9200,"sd","13:21:29",239100
3320,-240,700,"sd","13:21:18",229900
3320,-240,100,"sd","13:21:18",229200
3320,-240,500,"sd","13:21:18",229100
3320,-240,4000,"sd","13:21:18",228600
3320,-240,500,"sd","13:21:18",224600
3320,-240,600,"sd","13:21:18",224100
3320,-240,100,"sd","13:21:18",223500
3320,-240,1000,"sd","13:21:18",223400
3320,-240,100,"sd","13:21:18",219600
3320,-240,2700,"sd","13:21:18",222400
3320,-240,100,"sd","13:21:18",219700
3330,-230,200,"bu","13:21:03",219500
3330,-230,1000,"sd","13:20:35",219300
3330,-230,1000,"sd","13:20:35",218300
3330,-230,2100,"sd","13:20:35",217300
3330,-230,900,"sd","13:20:16",215200
3330,-230,700,"sd","13:20:16",214300
3330,-230,1500,"sd","13:20:16",213600
3330,-230,200,"sd","13:20:16",212100
3330,-230,1700,"sd","13:20:16",211900
3330,-230,300,"sd","13:19:48",210200
3330,-230,700,"sd","13:19:48",209900
3330,-230,3300,"sd","13:19:15",209200
3330,-230,1000,"sd","13:19:15",205900
3330,-230,500,"sd","13:19:15",200900
3330,-230,400,"sd","13:19:15",204900
3330,-230,3600,"sd","13:19:15",204500
3340,-220,200,"sd","13:19:15",200400
3340,-220,1000,"sd","13:19:15",200200
3350,-210,100,"bu","13:18:48",199200
3350,-210,200,"bu","13:17:02",199100
3350,-210,1300,"bu","13:16:34",198900
3350,-210,100,"bu","13:16:24",197600
3350,-210,500,"bu","13:16:10",197500
3350,-210,300,"sd","13:11:33",197000
3350,-210,100,"sd","13:11:33",196700
3350,-210,18200,"sd","13:11:33",196600
3350,-210,1800,"sd","13:11:19",178400
3350,-210,1700,"sd","13:11:19",176600
3350,-210,200,"sd","13:11:19",174900
3350,-210,300,"sd","13:10:54",174700
3350,-210,1000,"sd","13:10:54",174400
3350,-210,1000,"sd","13:10:54",173400
3380,-180,500,"sd","13:10:54",172400
3380,-180,100,"sd","13:10:54",171900
3380,-180,100,"sd","13:10:54",171800
3390,-170,100,"sd","13:09:59",171700
3390,-170,400,"sd","13:09:59",171600
3390,-170,100,"sd","13:09:29",171200
3390,-170,100,"sd","13:09:29",171100
3390,-170,100,"bu","13:05:48",171000
3390,-170,600,"bu","13:05:18",170900
3390,-170,100,"sd","13:04:21",168300
3390,-170,2000,"sd","13:04:21",170300
3400,-160,1000,"sd","13:04:21",168200
3400,-160,500,"sd","13:04:21",167200
3400,-160,100,"sd","13:04:21",166700
3400,-160,100,"sd","13:04:21",166600
3400,-160,100,"sd","13:00:10",166500
3400,-160,1300,"sd","11:29:10",166400
3400,-160,2000,"sd","11:29:10",165100
3400,-160,500,"sd","11:29:10",163100
3400,-160,1000,"sd","11:29:10",162600
3400,-160,20000,"sd","11:29:10",161600
3400,-160,1000,"sd","11:29:10",141600
3400,-160,600,"sd","11:29:10",140600
3410,-150,2000,"sd","11:29:10",140000
3430,-130,300,"sd","11:29:10",138000
3430,-130,1300,"sd","11:29:10",137700
3440,-120,500,"sd","11:27:36",136400
3440,-120,3000,"sd","11:27:36",135900
3450,-110,500,"sd","11:27:36",132900
3450,-110,100,"sd","11:27:36",132400
3450,-110,100,"sd","11:27:36",132300
3450,-110,100,"sd","11:25:44",132200
3450,-110,900,"sd","11:25:44",132100
3460,-100,2000,"bu","11:20:26",131200
3450,-110,700,"sd","11:19:15",129200
3460,-100,200,"bu","11:16:55",128500
3450,-110,200,"sd","11:16:51",128300
3450,-110,1200,"sd","11:16:10",128100
3450,-110,500,"sd","11:16:10",126900
3450,-110,100,"sd","11:16:10",126400
3450,-110,2500,"sd","11:16:10",126300
3450,-110,600,"sd","11:14:05",123800
3450,-110,3000,"sd","11:13:40",123200
3450,-110,200,"sd","11:12:32",120200
3450,-110,1000,"sd","11:07:13",120000
3450,-110,1000,"sd","11:07:13",119000
3490,-70,300,"bu","10:56:30",118000
3490,-70,100,"bu","10:53:19",117700
3450,-110,800,"bu","10:47:24",117600
3450,-110,500,"sd","10:46:50",116800
3490,-70,100,"bu","10:45:44",116300
3440,-120,3500,"bu","10:38:50",116200
3440,-120,100,"bu","10:37:05",112700
3440,-120,2000,"bu","10:36:37",112600
3440,-120,14000,"bu","10:36:20",110600
3440,-120,400,"bu","10:31:58",96600
3440,-120,10000,"bu","10:29:57",96200
3440,-120,7500,"sd","10:28:51",86200
3460,-100,5000,"sd","10:28:51",78700
3460,-100,200,"sd","10:28:51",73700
3460,-100,1000,"sd","10:28:51",73500
3460,-100,100,"sd","10:28:51",72500
3460,-100,6000,"sd","10:28:51",72400
3460,-100,200,"sd","10:28:51",66400
3460,-100,300,"sd","10:27:52",66200
3460,-100,200,"sd","10:27:52",65900
3460,-100,100,"sd","10:22:20",65700
3470,-90,500,"sd","10:22:20",65600
3460,-100,600,"sd","10:18:50",65100
3460,-100,700,"sd","10:09:54",64500
3470,-90,600,"sd","10:09:54",63800
3460,-100,400,"sd","10:09:13",63200
3460,-100,200,"sd","10:09:13",62800
3460,-100,300,"sd","10:09:13",62600
3500,-60,100,"sd","10:09:13",62300
3500,-60,100,"bu","10:06:19",62200
3500,-60,100,"bu","10:05:44",62100
3490,-70,100,"bu","10:05:44",62000
3460,-100,200,"bu","10:04:51",61900
3450,-110,700,"bu","10:04:51",61700
3450,-110,300,"bu","10:04:37",61000
3460,-100,1000,"bu","10:04:19",60700
3460,-100,1000,"bu","10:03:54",59700
3470,-90,2000,"sd","10:01:40",58700
3480,-80,2000,"sd","10:01:15",56700
3480,-80,200,"sd","10:01:15",54700
3480,-80,1800,"sd","10:01:15",54500
3490,-70,1000,"bu","09:57:43",52700
3490,-70,4200,"bu","09:56:41",51700
3480,-80,200,"sd","09:56:04",47500
3490,-70,2000,"sd","09:53:33",47300
3490,-70,2000,"sd","09:53:33",45300
3500,-60,100,"sd","09:53:33",43300
3500,-60,300,"sd","09:53:33",43200
3500,-60,300,"sd","09:53:33",42900
3500,-60,4700,"sd","09:51:52",42600
3500,-60,1000,"sd","09:51:52",37900
3500,-60,400,"sd","09:51:47",36900
3500,-60,600,"bu","09:51:09",36500
3500,-60,800,"bu","09:50:54",35900
3500,-60,2000,"unknown","09:50:17",35100
3500,-60,300,"sd","09:50:17",33100
3500,-60,500,"sd","09:50:17",32800
3500,-60,1000,"sd","09:50:17",32300
3500,-60,600,"sd","09:50:17",31300
3500,-60,700,"sd","09:50:17",30700
3510,-50,1000,"sd","09:50:17",30000
3500,-60,500,"sd","09:50:17",29000
3500,-60,10000,"sd","09:50:17",28500
3510,-50,200,"bu","09:48:20",18500
3510,-50,1000,"bu","09:48:02",18300
3510,-50,400,"sd","09:47:58",17300
3510,-50,300,"bu","09:46:50",16900
3510,-50,500,"bu","09:46:50",16600
3510,-50,500,"bu","09:46:50",16100
3510,-50,500,"bu","09:45:40",15600
3510,-50,100,"sd","09:44:42",15100
3510,-50,400,"sd","09:44:42",15000
3510,-50,1900,"sd","09:44:13",14600
3510,-50,2000,"sd","09:44:13",12700
3510,-50,800,"sd","09:44:13",10700
3520,-40,500,"sd","09:44:13",9900
3550,-10,900,"sd","09:37:10",9400
3550,-10,100,"sd","09:37:09",8500
3550,-10,200,"sd","09:37:09",8400
3560,0,400,"bu","09:32:26",8200
3550,-10,100,"sd","09:29:28",7800
3550,-10,3700,"sd","09:29:28",7700
3550,-10,500,"sd","09:29:28",4000
3550,-10,700,"sd","09:29:28",3500
3550,-10,100,"bu","09:27:38",2800
3550,-10,200,"bu","09:27:38",2700
3550,-10,100,"bu","09:23:12",2500
3550,-10,500,"bu","09:21:56",2400
3550,-10,100,"bu","09:21:33",1900
3550,-10,100,"bu","09:21:11",1800
3500,-60,800,"sd","09:19:46",1700
3500,-60,200,"sd","09:19:46",900
3550,-10,700,"sd","09:18:25",700
