"price","change","match_qtty","side","time","total_vol"
4500,0,20800,"sd","14:45:00",958700
4510,10,200,"bu","14:28:52",937900
4510,10,100,"bu","14:28:38",937700
4510,10,500,"bu","14:27:51",937600
4500,0,1500,"sd","14:27:38",937100
4500,0,2300,"sd","14:27:38",935600
4500,0,100,"sd","14:27:38",933300
4500,0,2000,"sd","14:27:38",933200
4500,0,3100,"sd","14:27:38",931200
4510,10,1000,"bu","14:27:30",928100
4510,10,3800,"sd","14:26:31",927100
4510,10,1000,"sd","14:25:02",923300
4510,10,200,"bu","14:23:48",922300
4500,0,10000,"bu","14:19:10",922100
4500,0,1000,"bu","14:19:10",912100
4500,0,900,"bu","14:19:10",911100
4500,0,200,"bu","14:18:46",910200
4500,0,500,"bu","14:18:46",910000
4500,0,4300,"bu","14:18:46",909500
4500,0,100,"bu","14:18:20",905200
4500,0,100,"bu","14:17:10",905100
4500,0,100,"bu","14:17:04",905000
4500,0,200,"bu","14:16:49",904900
4500,0,100,"bu","14:16:41",904700
4500,0,200,"bu","14:16:12",904600
4500,0,500,"bu","14:15:50",904400
4500,0,200,"bu","14:14:24",903900
4500,0,400,"bu","14:11:22",903700
4500,0,200,"bu","14:10:22",903300
4490,-10,100,"sd","14:04:39",903100
4500,0,600,"sd","14:04:20",903000
4500,0,9400,"sd","14:03:18",902400
4500,0,300,"sd","14:03:18",893000
4500,0,300,"sd","14:03:18",892700
4500,0,200,"bu","13:57:31",892400
4490,-10,100,"sd","13:54:52",892200
4490,-10,100,"sd","13:54:52",892100
4490,-10,100,"sd","13:54:52",892000
4490,-10,500,"sd","13:54:52",891900
4490,-10,1000,"sd","13:54:52",891400
4490,-10,500,"sd","13:54:52",890400
4490,-10,400,"sd","13:54:52",889900
4490,-10,100,"sd","13:53:36",889500
4500,0,2300,"bu","13:51:37",889400
4500,0,2700,"bu","13:51:37",887100
4500,0,200,"bu","13:49:36",884400
4500,0,100,"sd","13:47:46",884200
4500,0,2000,"sd","13:47:46",884100
4510,10,100,"bu","13:47:20",882100
4510,10,900,"bu","13:47:20",882000
4500,0,100,"bu","13:45:26",881100
4500,0,400,"bu","13:44:56",881000
4500,0,100,"bu","13:44:05",880600
4500,0,300,"bu","13:43:35",880500
4500,0,500,"sd","13:43:15",880200
4500,0,100,"sd","13:43:15",879700
4500,0,100,"sd","13:43:15",879600
4500,0,100,"sd","13:43:15",879500
4500,0,200,"sd","13:43:15",879400
4500,0,100,"sd","13:43:15",879200
4510,10,100,"bu","13:41:47",879100
4510,10,2000,"sd","13:38:44",879000
4510,10,3000,"sd","13:35:17",877000
4500,0,500,"sd","13:32:48",874000
4500,0,200,"sd","13:32:48",873500
4500,0,200,"sd","13:32:48",873300
4500,0,500,"sd","13:32:48",873100
4500,0,1000,"sd","13:32:48",872600
4500,0,100,"sd","13:32:48",871600
4500,0,1100,"sd","13:32:48",871500
4520,20,1500,"sd","13:30:50",870400
4530,30,2500,"bu","13:29:42",868900
4530,30,1000,"bu","13:29:42",866400
4530,30,500,"bu","13:29:42",865400
4530,30,500,"bu","13:29:42",864900
4530,30,100,"bu","13:29:31",864400
4530,30,300,"bu","13:28:14",864300
4520,20,500,"bu","13:27:56",864000
4520,20,500,"bu","13:27:17",863500
4520,20,200,"bu","13:27:17",863000
4520,20,1000,"bu","13:27:17",862800
4520,20,300,"bu","13:27:17",861800
4510,10,2700,"bu","13:24:57",861500
4510,10,100,"bu","13:24:39",858800
4510,10,200,"bu","13:24:19",858700
4510,10,200,"bu","13:22:27",858500
4520,20,400,"bu","13:19:23",858300
4500,0,900,"sd","13:19:04",857900
4520,20,800,"bu","13:17:50",857000
4520,20,200,"bu","13:17:50",856200
4520,20,100,"bu","13:09:00",856000
4500,0,1000,"sd","13:04:02",855900
4510,10,2000,"sd","13:04:02",854900
4500,0,300,"sd","13:04:02",852900
4500,0,200,"sd","13:04:02",852600
4500,0,300,"sd","13:04:02",852400
4500,0,400,"sd","13:04:02",852100
4500,0,200,"sd","13:04:02",851700
4500,0,10000,"sd","13:04:02",851500
4500,0,100,"sd","13:04:02",841500
4500,0,200,"sd","13:04:02",841400
4510,10,300,"sd","13:04:02",841200
4510,10,1000,"sd","13:00:20",840900
4510,10,200,"sd","13:00:04",839900
4510,10,600,"sd","13:00:04",839700
4520,20,200,"sd","13:00:04",839100
4540,40,100,"bu","13:00:00",838900
4530,30,300,"unknown","13:00:00",838800
4540,40,100,"bu","12:59:59",838500
4510,10,9400,"sd","11:29:39",838400
4520,20,4500,"sd","11:29:39",829000
4520,20,1100,"sd","11:29:39",824500
4520,20,1000,"sd","11:29:14",823400
4520,20,200,"sd","11:29:01",822400
4520,20,800,"sd","11:28:27",822200
4520,20,200,"sd","11:28:27",821400
4540,40,300,"bu","11:24:35",821200
4540,40,1000,"bu","11:24:35",820900
4540,40,8700,"bu","11:24:35",819900
4540,40,1300,"bu","11:24:25",811200
4540,40,8700,"bu","11:24:25",809900
4540,40,1300,"bu","11:23:59",801200
4540,40,6600,"bu","11:23:59",799900
4530,30,100,"bu","11:23:59",793300
4530,30,700,"bu","11:23:04",793200
4530,30,1000,"bu","11:22:34",792500
4520,20,200,"sd","11:17:19",791500
4530,30,1500,"sd","11:16:16",791300
4530,30,1000,"sd","11:16:16",789800
4530,30,200,"sd","11:15:57",788800
4530,30,300,"bu","11:14:27",788600
4530,30,4500,"bu","11:14:27",788300
4530,30,1200,"bu","11:13:01",783800
4520,20,2800,"bu","11:12:38",782600
4520,20,2000,"bu","11:12:27",779800
4520,20,1400,"sd","11:12:27",777800
4520,20,3600,"sd","11:12:16",776400
4520,20,1000,"sd","11:12:16",772800
4520,20,100,"sd","11:12:16",771800
4520,20,200,"sd","11:12:16",771700
4520,20,100,"sd","11:12:16",771500
4520,20,2900,"bu","11:09:54",771400
4520,20,1900,"bu","11:09:46",768500
4520,20,100,"bu","11:09:46",766600
4520,20,400,"sd","11:08:19",766500
4520,20,100,"sd","11:07:31",766100
4520,20,500,"sd","11:07:04",766000
4530,30,600,"bu","11:06:26",765500
4530,30,500,"bu","11:06:17",764900
4500,0,4800,"sd","11:05:54",764400
4500,0,200,"sd","11:05:54",759600
4530,30,12000,"bu","11:05:46",759400
4530,30,200,"bu","11:05:44",747400
4540,40,3400,"bu","11:05:33",747200
4540,40,200,"bu","11:05:33",743800
4540,40,1400,"bu","11:05:33",743600
4530,30,100,"bu","11:05:21",742200
4530,30,2000,"bu","11:05:21",742100
4520,20,700,"bu","11:05:20",740100
4500,0,1000,"sd","11:05:10",739400
4520,20,200,"bu","11:05:03",738400
4470,-30,100,"sd","11:04:30",738200
4470,-30,1100,"sd","11:04:30",738100
4490,-10,5000,"sd","11:04:30",737000
4470,-30,600,"sd","11:04:11",732000
4470,-30,600,"sd","11:04:11",731400
4470,-30,500,"sd","11:04:11",730800
4470,-30,2000,"sd","11:04:11",730300
4470,-30,500,"sd","11:04:11",728300
4470,-30,600,"sd","11:04:11",727800
4470,-30,5000,"sd","11:04:11",727200
4480,-20,1000,"sd","11:04:11",722200
4480,-20,300,"sd","11:04:11",721200
4480,-20,1100,"sd","11:04:11",720900
4480,-20,3000,"sd","11:04:11",719800
4480,-20,100,"sd","11:04:11",716800
4470,-30,8900,"sd","11:04:11",716700
4480,-20,1000,"sd","11:04:11",707800
4470,-30,100,"sd","11:04:11",706800
4490,-10,100,"sd","11:04:11",706700
4470,-30,100,"sd","11:04:11",706600
4490,-10,500,"sd","11:04:11",706500
4470,-30,2700,"sd","11:04:11",706000
4470,-30,300,"sd","11:04:11",703300
4490,-10,900,"sd","11:04:11",703000
4470,-30,1000,"sd","11:04:11",702100
4470,-30,1000,"sd","11:04:11",701100
4470,-30,1000,"sd","11:04:11",700100
4470,-30,100,"sd","11:04:11",699100
4510,10,2000,"sd","11:03:59",699000
4490,-10,100,"sd","11:03:44",697000
4500,0,400,"sd","11:03:44",696900
4500,0,600,"sd","11:03:34",696500
4500,0,5000,"sd","11:03:34",695900
4500,0,500,"sd","11:03:34",690900
4500,0,500,"sd","11:03:34",690400
4500,0,300,"sd","11:03:34",689900
4510,10,200,"sd","11:03:23",689600
4510,10,500,"sd","11:03:23",689400
4510,10,600,"sd","11:03:23",688900
4520,20,100,"bu","11:03:20",688300
4520,20,1000,"sd","11:03:00",688200
4530,30,1600,"bu","11:02:53",687200
4530,30,3200,"bu","11:02:44",685600
4530,30,2000,"bu","11:02:36",682400
4530,30,3000,"bu","11:02:26",680400
4530,30,200,"sd","11:02:23",677400
4530,30,800,"sd","11:01:41",677200
4530,30,200,"sd","11:01:41",676400
4530,30,500,"sd","11:01:31",676200
4530,30,300,"sd","10:59:43",675700
4530,30,200,"sd","10:59:43",675400
4530,30,1900,"sd","10:59:06",675200
4530,30,2900,"sd","10:58:58",673300
4530,30,100,"sd","10:58:58",670400
4530,30,500,"bu","10:54:41",670300
4530,30,300,"bu","10:54:27",669800
4530,30,600,"bu","10:54:12",669500
4520,20,600,"bu","10:54:12",668900
4520,20,600,"bu","10:54:04",668300
4520,20,1000,"bu","10:53:59",667700
4520,20,300,"bu","10:53:48",666700
4500,0,700,"sd","10:53:28",666400
4500,0,500,"sd","10:53:28",665700
4500,0,1000,"sd","10:53:28",665200
4520,20,800,"sd","10:53:11",664200
4530,30,100,"sd","10:52:55",663400
4530,30,1000,"bu","10:52:23",663300
4520,20,500,"sd","10:52:17",662300
4530,30,5000,"bu","10:51:28",661800
4530,30,200,"sd","10:50:33",656800
4530,30,500,"sd","10:50:17",656600
4530,30,100,"sd","10:49:54",656100
4530,30,1000,"bu","10:49:46",656000
4530,30,300,"bu","10:49:46",655000
4530,30,1000,"bu","10:49:46",654700
4530,30,1000,"bu","10:49:46",653700
4530,30,300,"bu","10:49:46",652700
4530,30,1500,"bu","10:49:46",652400
4530,30,4100,"bu","10:49:46",650900
4530,30,7000,"bu","10:49:37",646800
4520,20,700,"sd","10:49:22",639800
4520,20,500,"sd","10:49:22",639100
4500,0,500,"sd","10:49:00",638600
4500,0,1000,"sd","10:49:00",638100
4510,10,500,"sd","10:49:00",637100
4530,30,1500,"bu","10:48:37",636600
4530,30,2100,"bu","10:48:27",635100
4530,30,900,"bu","10:48:27",633000
4510,10,4500,"sd","10:48:10",632100
4510,10,500,"sd","10:48:10",627600
4530,30,100,"bu","10:47:09",627100
4530,30,100,"bu","10:47:09",627000
4470,-30,1000,"bu","10:46:27",626900
4470,-30,200,"bu","10:46:23",625900
4470,-30,12000,"sd","10:46:13",625700
4470,-30,300,"sd","10:46:13",613700
4470,-30,500,"sd","10:46:13",613400
4470,-30,600,"sd","10:46:13",612900
4470,-30,500,"sd","10:46:13",612300
4470,-30,1300,"sd","10:46:13",611800
4470,-30,5000,"sd","10:46:13",610500
4470,-30,1000,"sd","10:46:13",605500
4470,-30,100,"sd","10:46:13",604500
4470,-30,500,"sd","10:46:13",604400
4470,-30,100,"sd","10:46:13",603900
4470,-30,100,"sd","10:46:13",603800
4480,-20,1000,"sd","10:46:13",603700
4480,-20,500,"sd","10:46:13",602700
4480,-20,1000,"sd","10:46:13",602200
4480,-20,500,"sd","10:46:13",601200
4480,-20,300,"sd","10:46:13",600700
4480,-20,900,"sd","10:46:13",600400
4490,-10,1000,"sd","10:46:13",599500
4490,-10,500,"sd","10:46:13",598500
4490,-10,2000,"sd","10:46:13",598000
4520,20,100,"sd","10:46:13",596000
4520,20,300,"sd","10:46:03",595900
4520,20,4700,"bu","10:45:18",595600
4520,20,3000,"bu","10:45:09",590900
4520,20,4300,"bu","10:45:02",587900
4520,20,500,"bu","10:45:02",583600
4520,20,200,"bu","10:45:02",583100
4500,0,600,"sd","10:44:16",582900
4500,0,400,"sd","10:44:16",582300
4500,0,500,"sd","10:41:17",581900
4500,0,4500,"sd","10:40:59",581400
4500,0,300,"sd","10:40:59",576900
4500,0,100,"sd","10:40:59",576600
4500,0,100,"sd","10:40:59",576500
4520,20,200,"sd","10:40:31",576400
4520,20,100,"sd","10:40:31",576200
4520,20,1200,"bu","10:35:35",576100
4520,20,600,"bu","10:34:39",574900
4520,20,300,"bu","10:34:14",574300
4520,20,1000,"bu","10:34:06",574000
4520,20,200,"bu","10:34:05",573000
4520,20,600,"bu","10:33:47",572800
4520,20,500,"bu","10:33:37",572200
4520,20,300,"bu","10:33:29",571700
4500,0,1400,"sd","10:32:53",571400
4500,0,1000,"sd","10:32:53",570000
4510,10,600,"sd","10:32:53",569000
4520,20,2000,"bu","10:32:05",568400
4520,20,100,"bu","10:30:39",566400
4520,20,2800,"bu","10:29:26",566300
4520,20,1200,"bu","10:29:12",563500
4520,20,300,"bu","10:28:59",562300
4520,20,500,"bu","10:28:48",562000
4520,20,100,"bu","10:28:39",561500
4520,20,1200,"bu","10:28:36",561400
4520,20,600,"bu","10:28:19",560200
4490,-10,13800,"sd","10:27:57",559600
4490,-10,1000,"sd","10:27:57",545800
4500,0,200,"sd","10:27:57",544800
4500,0,800,"sd","10:27:57",544600
4510,10,200,"sd","10:27:57",543800
4520,20,1500,"bu","10:27:24",543600
4520,20,2000,"bu","10:27:13",542100
4510,10,1000,"sd","10:26:51",540100
4520,20,3000,"bu","10:25:59",539100
4500,0,4200,"sd","10:25:23",536100
4500,0,500,"sd","10:25:23",531900
4510,10,300,"sd","10:25:23",531400
4530,30,400,"bu","10:21:48",531100
4530,30,100,"bu","10:21:48",530700
4510,10,800,"bu","10:21:36",530600
4510,10,200,"sd","10:21:20",529800
4480,-20,100,"sd","10:20:02",529600
4480,-20,1100,"sd","10:20:02",529500
4480,-20,300,"sd","10:20:02",528400
4480,-20,2000,"sd","10:20:02",528100
4480,-20,500,"sd","10:20:02",526100
4490,-10,500,"sd","10:20:02",525600
4490,-10,1000,"sd","10:20:02",525100
4500,0,500,"sd","10:20:02",524100
4500,0,2000,"sd","10:20:02",523600
4530,30,1500,"bu","10:19:13",521600
4530,30,14200,"bu","10:18:31",520100
4530,30,200,"bu","10:18:31",505900
4530,30,600,"bu","10:18:31",505700
4530,30,9400,"bu","10:18:23",505100
4530,30,2600,"bu","10:18:23",495700
4530,30,5000,"bu","10:18:15",493100
4470,-30,100,"sd","10:17:49",488100
4470,-30,1000,"sd","10:17:49",488000
4470,-30,1000,"sd","10:17:49",487000
4470,-30,500,"sd","10:17:49",486000
4470,-30,300,"sd","10:17:49",485500
4470,-30,11100,"sd","10:17:49",485200
4470,-30,500,"sd","10:17:49",474100
4470,-30,200,"sd","10:17:49",473600
4470,-30,1000,"sd","10:17:49",473400
4470,-30,8900,"sd","10:17:49",472400
4480,-20,1800,"sd","10:17:49",463500
4470,-30,100,"sd","10:17:49",461700
4480,-20,500,"sd","10:17:49",461600
4480,-20,500,"sd","10:17:49",461100
4480,-20,400,"sd","10:17:49",460600
4470,-30,1700,"sd","10:17:49",460200
4490,-10,200,"sd","10:17:49",458500
4470,-30,500,"sd","10:17:49",458300
4480,-20,500,"sd","10:17:49",457800
4470,-30,2000,"sd","10:17:49",452000
4480,-20,5300,"sd","10:17:49",457300
4480,-20,200,"sd","10:17:49",450000
4500,0,300,"sd","10:17:49",449800
4480,-20,300,"sd","10:17:49",449500
4480,-20,100,"sd","10:17:49",449200
4480,-20,2000,"sd","10:17:49",449100
4480,-20,1000,"sd","10:17:49",447100
4480,-20,100,"sd","10:17:49",446100
4480,-20,300,"sd","10:17:49",446000
4480,-20,100,"sd","10:17:49",445700
4480,-20,500,"sd","10:17:49",445600
4530,30,2400,"bu","10:16:28",445100
4530,30,300,"bu","10:16:28",442700
4530,30,300,"bu","10:16:28",442400
4480,-20,100,"bu","10:14:39",442100
4480,-20,100,"bu","10:14:32",442000
4480,-20,500,"bu","10:14:22",441900
4480,-20,1000,"bu","10:14:12",441400
4480,-20,1200,"bu","10:14:11",440400
4480,-20,800,"bu","10:13:54",439200
4480,-20,100,"bu","10:13:48",438400
4480,-20,100,"bu","10:13:48",438300
4480,-20,500,"bu","10:13:48",438200
4480,-20,300,"sd","10:13:48",437700
4480,-20,1000,"sd","10:13:48",437400
4480,-20,10000,"sd","10:13:48",436400
4480,-20,1500,"sd","10:13:48",426400
4480,-20,5000,"sd","10:13:48",424900
4480,-20,3000,"sd","10:13:48",419900
4480,-20,100,"sd","10:13:48",416900
4480,-20,500,"sd","10:13:48",416800
4480,-20,100,"sd","10:13:48",416300
4480,-20,1000,"sd","10:13:48",416200
4480,-20,900,"sd","10:13:48",415200
4490,-10,500,"sd","10:13:48",414300
4490,-10,1000,"sd","10:13:48",413800
4490,-10,100,"sd","10:13:48",412800
4490,-10,500,"sd","10:13:48",412700
4490,-10,14300,"sd","10:13:48",412200
4490,-10,200,"sd","10:13:48",397900
4500,0,1100,"sd","10:13:48",397700
4490,-10,1000,"sd","10:13:48",396600
4500,0,100,"sd","10:13:48",395600
4490,-10,2000,"sd","10:13:48",395500
4490,-10,100,"sd","10:13:48",393500
4490,-10,800,"sd","10:13:48",393400
4490,-10,500,"sd","10:13:48",392600
4500,0,2900,"sd","10:12:04",392100
4500,0,1000,"sd","10:12:04",389200
4490,-10,5700,"sd","10:06:49",388200
4490,-10,500,"sd","10:06:49",382500
4490,-10,400,"sd","10:06:49",382000
4500,0,400,"sd","10:06:49",381600
4500,0,2000,"sd","10:06:49",381200
4500,0,1000,"sd","10:06:49",379200
4500,0,1000,"sd","10:06:27",378200
4500,0,1900,"bu","10:04:56",377200
4490,-10,400,"sd","10:04:47",375300
4500,0,5000,"bu","10:04:42",374900
4500,0,500,"bu","10:04:39",369900
4500,0,1000,"bu","10:04:15",369400
4500,0,200,"bu","10:03:12",368400
4490,-10,200,"sd","10:02:43",368200
4490,-10,200,"sd","10:02:43",368000
4490,-10,600,"sd","10:02:43",367800
4500,0,300,"bu","10:02:19",367200
4500,0,200,"sd","10:01:54",366900
4500,0,700,"sd","10:01:54",366700
4510,10,300,"sd","10:01:54",366000
4500,0,300,"sd","10:01:29",365700
4500,0,2300,"sd","10:01:29",365400
4510,10,100,"sd","10:01:29",363100
4510,10,300,"sd","10:01:29",363000
4520,20,1200,"sd","09:58:52",362700
4540,40,100,"bu","09:57:48",361500
4540,40,3500,"bu","09:57:48",361400
4540,40,3500,"bu","09:57:41",357900
4540,40,3000,"bu","09:57:25",354400
4500,0,15500,"sd","09:57:02",351400
4500,0,1500,"sd","09:57:02",335900
4500,0,100,"sd","09:57:02",334400
4500,0,100,"sd","09:57:02",334300
4500,0,1800,"sd","09:57:02",334200
4550,50,10000,"bu","09:53:58",332400
4550,50,1200,"bu","09:53:27",322400
4530,30,500,"sd","09:53:23",321200
4500,0,200,"sd","09:53:23",320700
4520,20,300,"sd","09:53:23",320500
4530,30,1000,"sd","09:53:23",320200
4550,50,4400,"bu","09:52:46",319200
4550,50,5600,"bu","09:52:46",314800
4550,50,1200,"bu","09:52:18",309200
4550,50,1000,"bu","09:52:10",308000
4550,50,500,"bu","09:52:03",307000
4550,50,200,"bu","09:51:37",306500
4550,50,1500,"bu","09:50:40",306300
4550,50,3500,"bu","09:50:40",304800
4550,50,900,"bu","09:48:59",301300
4550,50,2000,"bu","09:48:59",300400
4480,-20,100,"bu","09:48:59",298400
4480,-20,1900,"sd","09:48:51",298300
4480,-20,8100,"sd","09:48:41",296400
4480,-20,3000,"sd","09:48:41",288300
4480,-20,500,"sd","09:48:41",285300
4480,-20,500,"sd","09:48:41",284800
4480,-20,500,"sd","09:48:41",284300
4480,-20,1000,"sd","09:48:41",283800
4480,-20,500,"sd","09:48:41",282800
4480,-20,1000,"sd","09:48:41",282300
4480,-20,200,"sd","09:48:41",281300
4480,-20,300,"sd","09:48:41",281100
4490,-10,10000,"sd","09:48:41",280800
4490,-10,1500,"sd","09:48:41",270800
4490,-10,1600,"sd","09:48:41",269300
4490,-10,500,"sd","09:48:41",267700
4490,-10,4000,"sd","09:48:41",267200
4490,-10,500,"sd","09:48:41",263200
4490,-10,1000,"sd","09:48:41",262700
4490,-10,1000,"sd","09:48:41",261700
4500,0,2000,"sd","09:48:41",260700
4500,0,1300,"sd","09:48:41",258700
4520,20,1000,"sd","09:48:19",257400
4520,20,500,"sd","09:48:19",256400
4530,30,1000,"sd","09:48:00",255900
4550,50,900,"sd","09:47:34",254900
4550,50,300,"sd","09:47:28",254000
4550,50,3800,"bu","09:47:28",253700
4550,50,9700,"bu","09:47:20",249900
4550,50,2300,"bu","09:47:20",240200
4550,50,7700,"bu","09:47:14",237900
4550,50,2300,"bu","09:47:14",230200
4550,50,3300,"bu","09:47:05",227900
4540,40,1700,"bu","09:47:05",224600
4540,40,3000,"bu","09:46:58",222900
4540,40,3000,"bu","09:46:06",219900
4540,40,2000,"bu","09:45:59",216900
4500,0,13800,"sd","09:45:35",214900
4500,0,100,"sd","09:45:35",201100
4500,0,100,"sd","09:45:35",201000
4500,0,100,"sd","09:45:35",200900
4500,0,400,"sd","09:45:35",200800
4520,20,300,"sd","09:45:35",200400
4530,30,200,"sd","09:45:35",200100
4540,40,200,"bu","09:45:09",199900
4540,40,100,"bu","09:44:57",199700
4550,50,100,"bu","09:44:06",199600
4500,0,300,"sd","09:43:37",199500
4500,0,1000,"sd","09:43:37",199200
4500,0,600,"sd","09:43:37",198200
4510,10,100,"sd","09:43:37",197600
4510,10,1000,"sd","09:43:37",197500
4520,20,400,"sd","09:43:37",196500
4500,0,100,"sd","09:43:37",196100
4500,0,500,"sd","09:43:37",196000
4500,0,500,"sd","09:43:37",195500
4500,0,500,"sd","09:43:37",195000
4530,30,800,"sd","09:42:59",194500
4530,30,200,"sd","09:42:59",193700
4550,50,1000,"bu","09:42:33",193500
4550,50,500,"bu","09:39:42",192500
4550,50,300,"bu","09:39:32",192000
4540,40,900,"sd","09:39:17",191700
4540,40,100,"sd","09:39:17",190800
4550,50,500,"bu","09:39:03",190700
4550,50,2000,"bu","09:38:53",190200
4560,60,300,"bu","09:37:52",188200
4560,60,4000,"bu","09:37:21",187900
4560,60,500,"bu","09:35:51",183900
4560,60,300,"bu","09:35:41",183400
4560,60,200,"bu","09:35:31",183100
4560,60,600,"bu","09:35:17",182900
4560,60,400,"bu","09:35:12",182300
4560,60,500,"bu","09:34:58",181900
4560,60,600,"sd","09:34:48",181400
4560,60,3000,"sd","09:34:42",180800
4560,60,1000,"bu","09:34:21",177800
4560,60,300,"bu","09:34:21",176800
4560,60,5100,"bu","09:34:21",176500
4560,60,300,"bu","09:34:10",171400
4560,60,4600,"bu","09:33:58",171100
4560,60,100,"bu","09:33:58",166500
4560,60,4000,"bu","09:33:58",166400
4560,60,600,"bu","09:33:58",162400
4560,60,2000,"bu","09:33:58",161800
4560,60,300,"bu","09:33:58",159800
4560,60,1000,"bu","09:33:58",159500
4560,60,4900,"bu","09:33:58",158500
4550,50,7500,"bu","09:33:58",153600
4550,50,100,"sd","09:33:49",146100
4550,50,600,"sd","09:33:49",146000
4550,50,500,"sd","09:33:49",145400
4550,50,1300,"sd","09:33:49",144900
4560,60,500,"bu","09:33:48",143600
4550,50,1000,"sd","09:32:15",143100
4550,50,3700,"sd","09:32:15",142100
4550,50,300,"bu","09:32:07",138400
4540,40,2000,"sd","09:31:58",138100
4550,50,6000,"bu","09:30:46",136100
4550,50,1000,"bu","09:30:46",130100
4550,50,10000,"bu","09:30:46",129100
4550,50,6500,"bu","09:30:46",119100
4550,50,6500,"bu","09:30:46",112600
4550,50,400,"bu","09:29:26",106100
4550,50,3100,"bu","09:29:18",105700
4530,30,100,"sd","09:28:39",102600
4560,60,800,"bu","09:27:24",102500
4550,50,200,"bu","09:27:24",101700
4550,50,300,"sd","09:27:19",101500
4560,60,500,"bu","09:27:18",101200
4550,50,3000,"sd","09:27:09",100700
4550,50,1900,"sd","09:26:34",97700
4550,50,1000,"bu","09:26:29",95800
4550,50,1800,"bu","09:26:29",94800
4550,50,300,"bu","09:26:25",93000
4550,50,3000,"bu","09:26:19",92700
4550,50,2000,"bu","09:26:14",89700
4550,50,100,"bu","09:26:07",87700
4550,50,800,"bu","09:26:02",87600
4540,40,400,"bu","09:26:02",86800
4540,40,600,"bu","09:25:50",86400
4550,50,200,"bu","09:25:43",85800
4520,20,100,"sd","09:25:42",85600
4530,30,300,"sd","09:25:42",85500
4550,50,500,"bu","09:25:37",85200
4550,50,1000,"bu","09:25:29",84700
4550,50,300,"bu","09:25:24",83700
4560,60,200,"bu","09:24:27",83400
4560,60,100,"bu","09:22:59",83200
4500,0,7400,"sd","09:22:39",83100
4500,0,2000,"sd","09:22:39",75700
4510,10,1000,"sd","09:22:39",73700
4510,10,600,"sd","09:22:39",72700
4520,20,1000,"sd","09:22:39",72100
4560,60,200,"sd","09:22:28",71100
4560,60,100,"sd","09:22:17",70900
4560,60,1700,"bu","09:22:11",70800
4560,60,6900,"bu","09:21:56",69100
4560,60,1600,"bu","09:21:56",62200
4560,60,1000,"bu","09:21:56",60600
4560,60,1000,"bu","09:21:56",59600
4560,60,1000,"bu","09:21:56",58600
4560,60,500,"bu","09:21:56",57600
4560,60,500,"bu","09:21:49",57100
4560,60,5000,"bu","09:21:49",56600
4550,50,500,"bu","09:21:49",51600
4550,50,4000,"bu","09:21:49",51100
4550,50,2000,"bu","09:21:33",47100
4510,10,1400,"bu","09:21:25",45100
4510,10,3000,"bu","09:20:59",43700
4550,50,1900,"bu","09:20:49",40700
4480,-20,100,"bu","09:20:49",38800
4480,-20,8600,"sd","09:20:46",38700
4480,-20,100,"sd","09:20:46",30100
4480,-20,100,"sd","09:20:46",30000
4480,-20,1000,"sd","09:20:46",29900
4480,-20,100,"sd","09:20:46",28900
4480,-20,100,"sd","09:20:46",28800
4480,-20,100,"sd","09:20:46",28700
4480,-20,100,"sd","09:20:46",28600
4480,-20,1000,"sd","09:20:46",28500
4480,-20,2000,"sd","09:20:46",27500
4480,-20,200,"sd","09:20:46",25500
4490,-10,100,"sd","09:20:46",25300
4510,10,5000,"sd","09:20:46",25200
4490,-10,4000,"sd","09:20:46",20200
4490,-10,100,"sd","09:20:46",16200
4490,-10,100,"sd","09:20:46",16100
4490,-10,100,"sd","09:20:46",16000
4490,-10,100,"sd","09:20:46",15900
4490,-10,100,"sd","09:20:46",15800
4490,-10,100,"sd","09:20:46",15700
4490,-10,300,"sd","09:20:46",15600
4500,0,100,"sd","09:20:46",15300
4500,0,700,"sd","09:20:46",15200
4500,0,200,"sd","09:20:46",14500
4500,0,500,"sd","09:20:46",14300
4510,10,5000,"unknown","09:20:09",13800
4550,50,500,"bu","09:19:57",8300
4550,50,500,"bu","09:19:57",8800
4520,20,200,"bu","09:18:41",7800
4520,20,200,"bu","09:18:33",7600
4520,20,2200,"bu","09:18:12",7400
4520,20,200,"bu","09:15:50",5200
4500,0,5000,"sd","09:15:00",5000
