"price","change","match_qtty","side","time","total_vol"
25800,200,66700,"bu","14:45:01",902300
25750,150,500,"bu","14:29:50",835600
25750,150,100,"bu","14:29:29",835100
25750,150,6000,"bu","14:29:18",835000
25750,150,1800,"bu","14:29:04",829000
25750,150,3000,"sd","14:28:37",827200
25750,150,100,"sd","14:28:37",824200
25750,150,2000,"sd","14:28:37",824100
25750,150,1000,"sd","14:28:34",822100
25750,150,100,"sd","14:28:22",821100
25800,200,600,"bu","14:28:11",821000
25800,200,100,"bu","14:28:11",820400
25800,200,300,"bu","14:28:11",820300
25750,150,2000,"bu","14:27:49",820000
25750,150,100,"bu","14:27:44",818000
25750,150,400,"bu","14:27:44",817900
25750,150,1600,"sd","14:27:30",817500
25750,150,400,"bu","14:27:21",815900
25750,150,200,"bu","14:27:21",815500
25750,150,500,"bu","14:27:20",815300
25750,150,5000,"sd","14:27:19",814800
25750,150,3900,"sd","14:27:19",809800
25750,150,100,"sd","14:27:04",805900
25750,150,1000,"bu","14:26:53",805800
25750,150,6000,"bu","14:26:52",804800
25750,150,100,"bu","14:26:52",798800
25750,150,5000,"bu","14:26:52",798700
25750,150,500,"bu","14:26:52",793700
25750,150,100,"bu","14:26:52",793200
25750,150,500,"bu","14:26:52",793100
25750,150,700,"bu","14:26:52",792600
25750,150,100,"bu","14:26:52",791900
25750,150,2000,"bu","14:26:52",791800
25700,100,200,"bu","14:26:35",789800
25700,100,10000,"bu","14:26:35",789600
25700,100,1000,"bu","14:26:35",779600
25700,100,200,"bu","14:26:35",778600
25700,100,300,"bu","14:26:29",778400
25700,100,100,"bu","14:26:29",778100
25700,100,700,"bu","14:26:29",778000
25700,100,100,"bu","14:26:29",777300
25700,100,200,"bu","14:26:29",777200
25700,100,600,"bu","14:26:29",777000
25700,100,500,"bu","14:25:49",776400
25700,100,1000,"bu","14:25:49",775900
25700,100,900,"bu","14:25:49",774900
25700,100,400,"bu","14:25:49",774000
25700,100,100,"bu","14:25:49",773600
25700,100,100,"bu","14:25:49",773500
25700,100,4400,"bu","14:25:49",773400
25700,100,100,"bu","14:25:49",769000
25700,100,100,"bu","14:25:49",768900
25700,100,1000,"bu","14:25:49",768800
25700,100,3000,"bu","14:25:49",767800
25700,100,1000,"bu","14:25:49",764800
25700,100,100,"bu","14:25:49",763800
25700,100,5000,"bu","14:25:49",763700
25700,100,300,"bu","14:25:49",758700
25700,100,2000,"bu","14:25:49",758400
25650,50,100,"sd","14:25:42",756400
25650,50,200,"sd","14:25:41",756300
25650,50,100,"sd","14:25:30",756100
25650,50,200,"sd","14:25:30",756000
25650,50,800,"sd","14:24:45",755800
25650,50,200,"sd","14:24:45",755000
25650,50,100,"sd","14:24:28",754800
25650,50,100,"sd","14:23:40",754700
25650,50,2900,"sd","14:23:40",754600
25650,50,7000,"bu","14:22:43",751700
25650,50,1000,"bu","14:22:43",744700
25650,50,2000,"bu","14:22:43",743700
25650,50,100,"bu","14:22:43",741700
25650,50,5000,"bu","14:22:43",741600
25650,50,100,"bu","14:22:43",736600
25650,50,2000,"bu","14:22:43",736500
25650,50,600,"bu","14:22:43",734500
25650,50,300,"bu","14:22:43",733900
25650,50,400,"bu","14:22:43",733600
25650,50,500,"bu","14:22:43",733200
25650,50,10000,"bu","14:22:43",732700
25650,50,8100,"bu","14:22:43",722700
25600,0,10000,"sd","14:22:09",714600
25600,0,800,"sd","14:21:55",704600
25600,0,2000,"sd","14:19:55",703800
25600,0,2100,"sd","14:18:56",701800
25600,0,1800,"sd","14:18:56",699700
25650,50,1900,"bu","14:18:55",697900
25650,50,100,"bu","14:18:55",696000
25650,50,1000,"bu","14:17:34",695900
25650,50,1000,"bu","14:17:34",694900
25600,0,200,"sd","14:17:06",693900
25650,50,300,"bu","14:16:37",693700
25650,50,1700,"bu","14:16:36",693400
25650,50,300,"bu","14:16:36",691700
25650,50,500,"bu","14:15:54",691400
25650,50,2200,"bu","14:15:36",690900
25650,50,800,"bu","14:15:36",688700
25650,50,200,"bu","14:15:15",687900
25650,50,100,"bu","14:15:15",687700
25650,50,1000,"bu","14:13:27",687600
25650,50,100,"bu","14:13:08",686600
25650,50,400,"bu","14:13:08",686500
25650,50,500,"bu","14:12:50",686100
25650,50,10000,"bu","14:12:20",685600
25650,50,100,"bu","14:11:13",675600
25650,50,4000,"bu","14:11:07",675500
25650,50,2500,"bu","14:11:07",671500
25650,50,500,"bu","14:11:07",669000
25650,50,100,"bu","14:11:07",668500
25650,50,100,"bu","14:11:07",668400
25650,50,300,"bu","14:11:07",668300
25650,50,3500,"bu","14:11:07",668000
25650,50,200,"bu","14:09:49",664500
25600,0,1200,"sd","14:09:43",664300
25600,0,100,"sd","14:09:43",663100
25600,0,500,"sd","14:09:43",663000
25600,0,1000,"sd","14:09:43",662500
25600,0,2200,"sd","14:09:43",661500
25600,0,500,"sd","14:09:28",659300
25650,50,700,"bu","14:09:23",658800
25600,0,1000,"sd","14:09:06",658100
25600,0,100,"sd","14:08:35",657100
25650,50,100,"bu","14:07:34",657000
25600,0,1000,"bu","14:07:21",656900
25600,0,2000,"bu","14:07:21",655900
25600,0,3200,"bu","14:07:21",653900
25600,0,1000,"bu","14:07:10",650700
25600,0,400,"bu","14:06:56",649700
25600,0,400,"bu","14:06:43",649300
25600,0,200,"bu","14:06:43",648900
25600,0,400,"bu","14:06:43",648700
25600,0,600,"bu","14:06:25",648300
25600,0,1000,"bu","14:06:25",647700
25600,0,100,"bu","14:06:25",646700
25600,0,200,"bu","14:06:25",646600
25600,0,1000,"bu","14:06:25",646400
25600,0,5000,"bu","14:06:25",645400
25600,0,1000,"bu","14:06:25",640400
25600,0,200,"bu","14:06:25",639400
25600,0,300,"bu","14:06:25",639200
25600,0,100,"bu","14:06:25",638900
25600,0,800,"bu","14:06:25",638800
25600,0,1000,"bu","14:06:25",638000
25600,0,400,"bu","14:06:25",637000
25600,0,500,"bu","14:06:25",636600
25600,0,5000,"bu","14:06:25",636100
25600,0,100,"bu","14:06:25",631100
25600,0,1000,"bu","14:06:25",631000
25600,0,1700,"bu","14:06:25",630000
25600,0,3000,"bu","14:05:57",628300
25550,-50,400,"sd","14:05:57",625300
25550,-50,600,"sd","14:05:57",624900
25600,0,100,"bu","14:05:43",624300
25600,0,100,"bu","14:05:25",624200
25600,0,900,"bu","14:05:09",624100
25600,0,100,"bu","14:05:09",623200
25600,0,100,"bu","14:05:09",623100
25600,0,1500,"bu","14:05:09",623000
25600,0,400,"bu","14:05:09",621500
25600,0,300,"bu","14:04:51",621100
25600,0,1000,"bu","14:03:31",620800
25550,-50,9400,"sd","14:03:06",619800
25550,-50,600,"sd","14:03:06",610400
25550,-50,300,"sd","14:02:54",609800
25600,0,2000,"bu","14:02:31",609500
25550,-50,700,"sd","14:02:24",607500
25600,0,1300,"bu","14:01:03",606800
25600,0,500,"bu","14:01:03",605500
25600,0,3200,"bu","14:01:03",605000
25550,-50,10000,"sd","14:00:57",601800
25550,-50,100,"sd","14:00:29",591800
25550,-50,100,"sd","14:00:27",591700
25550,-50,1000,"bu","14:00:18",591600
25550,-50,1000,"bu","14:00:18",590600
25550,-50,2000,"bu","14:00:18",589600
25550,-50,1000,"bu","14:00:18",587600
25550,-50,1000,"bu","14:00:18",586600
25550,-50,2000,"bu","14:00:18",585600
25550,-50,1000,"bu","14:00:18",583600
25550,-50,4200,"bu","14:00:18",582600
25550,-50,800,"bu","14:00:12",578400
25550,-50,500,"bu","14:00:12",577600
25550,-50,3700,"bu","14:00:12",577100
25500,-100,200,"sd","13:59:53",573400
25500,-100,200,"sd","13:58:40",573200
25500,-100,100,"sd","13:58:13",573000
25500,-100,600,"sd","13:58:13",572900
25500,-100,100,"sd","13:58:13",572300
25500,-100,100,"sd","13:58:13",572200
25500,-100,100,"sd","13:58:13",572100
25500,-100,200,"sd","13:58:13",572000
25500,-100,400,"sd","13:58:13",571800
25500,-100,900,"sd","13:58:13",571400
25500,-100,500,"sd","13:58:13",570500
25500,-100,100,"sd","13:58:05",570000
25500,-100,100,"sd","13:57:31",569900
25500,-100,100,"sd","13:57:31",569800
25500,-100,1200,"sd","13:57:31",569700
25500,-100,100,"sd","13:57:31",568500
25500,-100,400,"sd","13:57:31",568400
25500,-100,100,"sd","13:57:31",568000
25500,-100,3900,"sd","13:56:55",567900
25500,-100,100,"sd","13:56:55",564000
25550,-50,2000,"bu","13:55:26",563900
25500,-100,1000,"sd","13:55:16",561900
25550,-50,1100,"bu","13:54:39",560900
25550,-50,2700,"bu","13:54:39",559800
25550,-50,100,"bu","13:54:08",557100
25550,-50,100,"bu","13:54:01",557000
25550,-50,100,"bu","13:53:39",556900
25550,-50,100,"bu","13:53:18",556800
25550,-50,300,"bu","13:52:19",556700
25550,-50,100,"bu","13:52:12",556400
25550,-50,200,"bu","13:52:06",556300
25500,-100,4000,"sd","13:52:01",556100
25500,-100,100,"sd","13:52:01",552100
25500,-100,400,"sd","13:52:01",552000
25500,-100,500,"sd","13:52:01",551600
25500,-100,100,"sd","13:52:01",551100
25500,-100,100,"sd","13:52:01",551000
25500,-100,500,"sd","13:52:01",550900
25500,-100,1000,"sd","13:52:01",550400
25500,-100,100,"sd","13:52:01",549400
25500,-100,800,"sd","13:52:01",549300
25550,-50,200,"bu","13:51:56",548500
25550,-50,500,"bu","13:51:39",548300
25550,-50,100,"bu","13:51:25",547800
25550,-50,400,"bu","13:51:13",547700
25500,-100,200,"sd","13:48:44",547300
25500,-100,1300,"sd","13:48:44",547100
25550,-50,100,"bu","13:48:34",545800
25550,-50,3000,"sd","13:48:27",545700
25550,-50,200,"sd","13:48:27",542700
25550,-50,200,"sd","13:48:27",542500
25550,-50,1600,"sd","13:48:27",542300
25550,-50,300,"sd","13:48:16",540700
25550,-50,100,"sd","13:48:16",540400
25600,0,500,"bu","13:45:54",540300
25550,-50,100,"bu","13:45:11",539800
25550,-50,300,"bu","13:45:11",539700
25500,-100,200,"sd","13:44:52",539400
25500,-100,200,"sd","13:44:52",539200
25500,-100,100,"sd","13:44:52",539000
25500,-100,500,"sd","13:44:52",538900
25550,-50,700,"bu","13:44:19",538400
25550,-50,2300,"bu","13:44:19",537700
25550,-50,1100,"bu","13:43:34",535400
25500,-100,300,"sd","13:43:20",534300
25500,-100,500,"sd","13:43:20",534000
25500,-100,200,"sd","13:43:20",533500
25550,-50,100,"sd","13:43:07",533300
25550,-50,400,"bu","13:42:54",533200
25550,-50,100,"bu","13:42:31",532800
25500,-100,200,"sd","13:42:03",532700
25500,-100,100,"sd","13:41:48",532500
25500,-100,200,"sd","13:41:18",532400
25500,-100,300,"sd","13:41:16",532200
25500,-100,200,"sd","13:41:16",531900
25500,-100,300,"sd","13:41:16",531700
25500,-100,300,"sd","13:41:16",531400
25500,-100,400,"sd","13:41:16",531100
25500,-100,400,"sd","13:40:31",530700
25500,-100,100,"sd","13:40:31",530300
25500,-100,100,"sd","13:40:31",530200
25500,-100,300,"sd","13:40:31",530100
25500,-100,500,"sd","13:40:31",529800
25500,-100,1000,"sd","13:40:31",529300
25500,-100,100,"sd","13:40:31",528300
25500,-100,100,"sd","13:40:31",528200
25500,-100,100,"sd","13:40:31",528100
25500,-100,200,"sd","13:40:31",528000
25500,-100,19100,"sd","13:40:31",527800
25500,-100,900,"sd","13:39:39",508700
25500,-100,5500,"sd","13:39:39",507800
25550,-50,800,"sd","13:39:39",502300
25550,-50,2800,"sd","13:39:39",501500
25550,-50,2200,"sd","13:39:14",498700
25550,-50,100,"sd","13:39:14",496500
25550,-50,100,"sd","13:39:14",496400
25550,-50,2000,"sd","13:39:14",496300
25550,-50,1600,"sd","13:39:14",494300
25550,-50,1900,"sd","13:38:57",492700
25550,-50,200,"sd","13:38:57",490800
25550,-50,100,"sd","13:38:57",490600
25550,-50,100,"sd","13:38:57",490500
25550,-50,700,"sd","13:38:57",490400
25550,-50,1000,"sd","13:38:57",489700
25550,-50,100,"sd","13:38:57",488700
25550,-50,1500,"sd","13:38:57",488600
25550,-50,200,"sd","13:38:57",487100
25550,-50,200,"sd","13:38:57",486900
25550,-50,100,"sd","13:38:57",486700
25550,-50,700,"sd","13:38:57",486600
25550,-50,100,"sd","13:38:39",485900
25550,-50,100,"sd","13:37:18",485800
25550,-50,600,"sd","13:37:17",485700
25550,-50,500,"sd","13:36:47",485100
25550,-50,200,"sd","13:36:28",484600
25550,-50,1600,"sd","13:35:11",484400
25550,-50,1000,"sd","13:34:30",482800
25550,-50,200,"sd","13:33:52",481800
25550,-50,400,"sd","13:33:52",481600
25550,-50,1200,"sd","13:33:48",481200
25550,-50,100,"sd","13:32:31",480000
25550,-50,1100,"sd","13:32:18",479900
25550,-50,1500,"sd","13:31:52",478800
25550,-50,2000,"sd","13:31:25",477300
25550,-50,1000,"sd","13:31:08",475300
25550,-50,300,"sd","13:30:45",474300
25550,-50,2700,"sd","13:30:45",474000
25550,-50,1700,"sd","13:26:49",471300
25550,-50,5000,"sd","13:26:49",469600
25550,-50,100,"sd","13:26:49",464600
25550,-50,1200,"sd","13:26:49",464500
25550,-50,3000,"sd","13:26:22",463300
25550,-50,5000,"sd","13:26:03",460300
25600,0,100,"bu","13:25:12",455300
25550,-50,100,"sd","13:24:03",455200
25550,-50,700,"sd","13:24:03",455100
25550,-50,2300,"bu","13:24:03",454400
25550,-50,100,"bu","13:24:03",452100
25550,-50,3500,"bu","13:24:02",452000
25550,-50,200,"bu","13:23:53",448500
25550,-50,2000,"bu","13:23:33",448300
25500,-100,100,"sd","13:22:23",446300
25500,-100,4400,"sd","13:21:14",446200
25500,-100,600,"sd","13:21:14",441800
25500,-100,400,"sd","13:19:08",441200
25500,-100,100,"sd","13:19:08",440800
25500,-100,1100,"sd","13:19:08",440700
25500,-100,500,"sd","13:18:06",439600
25500,-100,400,"bu","13:17:16",439100
25500,-100,100,"bu","13:17:04",438700
25500,-100,100,"bu","13:17:04",438600
25500,-100,2000,"bu","13:16:58",438500
25500,-100,200,"bu","13:16:42",436500
25500,-100,1000,"sd","13:16:32",436300
25500,-100,300,"sd","13:16:32",435300
25500,-100,100,"sd","13:16:32",435000
25500,-100,400,"sd","13:16:32",434900
25500,-100,500,"sd","13:16:32",434500
25500,-100,100,"sd","13:16:32",434000
25500,-100,300,"sd","13:16:32",433900
25500,-100,500,"sd","13:16:02",433600
25500,-100,200,"bu","13:13:41",433100
25500,-100,2000,"bu","13:13:35",432900
25500,-100,100,"bu","13:13:22",430900
25500,-100,100,"bu","13:13:15",430800
25500,-100,1600,"sd","13:12:59",430700
25500,-100,2000,"bu","13:12:57",429100
25500,-100,100,"sd","13:12:34",427100
25500,-100,500,"sd","13:12:34",427000
25500,-100,500,"sd","13:12:34",426500
25500,-100,6000,"sd","13:12:34",426000
25500,-100,900,"sd","13:12:34",420000
25500,-100,100,"sd","13:12:14",419100
25550,-50,100,"sd","13:10:42",419000
25550,-50,500,"sd","13:10:42",418900
25550,-50,2000,"sd","13:10:42",418400
25550,-50,900,"sd","13:10:42",416400
25550,-50,1000,"sd","13:10:17",415500
25550,-50,1400,"bu","13:08:25",414500
25500,-100,100,"sd","13:08:01",413100
25500,-100,1300,"sd","13:08:01",413000
25550,-50,100,"bu","13:08:00",411700
25550,-50,500,"bu","13:08:00",411600
25550,-50,100,"bu","13:08:00",411100
25550,-50,500,"bu","13:08:00",411000
25550,-50,200,"bu","13:08:00",410500
25550,-50,5000,"bu","13:08:00",410300
25500,-100,100,"sd","13:06:13",405300
25500,-100,100,"sd","13:05:58",405200
25500,-100,200,"sd","13:05:55",405100
25500,-100,100,"sd","13:05:52",404900
25500,-100,200,"sd","13:05:44",404800
25500,-100,300,"sd","13:05:44",404600
25500,-100,700,"bu","13:05:35",404300
25500,-100,400,"bu","13:05:28",403600
25500,-100,100,"bu","13:05:28",403200
25450,-150,500,"sd","13:05:25",403100
25450,-150,600,"sd","13:04:47",402600
25450,-150,400,"sd","13:04:32",402000
25500,-100,200,"bu","13:04:30",401600
25500,-100,1300,"bu","13:04:20",401400
25500,-100,1000,"bu","13:04:20",400100
25500,-100,2700,"bu","13:04:20",399100
25450,-150,1800,"sd","13:03:15",396400
25450,-150,100,"sd","13:03:15",394600
25450,-150,100,"sd","13:03:15",394500
25450,-150,100,"sd","13:03:15",394400
25450,-150,500,"sd","13:03:15",394300
25450,-150,500,"sd","13:03:15",393800
25450,-150,100,"sd","13:03:15",393300
25450,-150,300,"sd","13:03:15",393200
25450,-150,200,"sd","13:02:50",392900
25450,-150,100,"sd","13:02:44",392700
25450,-150,200,"sd","13:02:44",392600
25450,-150,100,"sd","13:02:38",392400
25450,-150,400,"sd","13:02:38",392300
25450,-150,100,"sd","13:02:38",391900
25450,-150,300,"sd","13:01:50",391800
25450,-150,100,"sd","13:01:50",391500
25450,-150,600,"sd","13:01:50",391400
25500,-100,2300,"bu","13:00:57",390800
25500,-100,2300,"bu","13:00:57",388500
25500,-100,400,"bu","13:00:57",386200
25500,-100,500,"bu","13:00:32",385800
25500,-100,400,"bu","13:00:29",385300
25500,-100,500,"sd","13:00:27",384900
25500,-100,700,"sd","13:00:27",384400
25500,-100,100,"sd","13:00:27",383700
25500,-100,100,"sd","13:00:27",383600
25500,-100,1000,"sd","13:00:27",383500
25500,-100,100,"sd","13:00:27",382500
25500,-100,200,"sd","13:00:27",382400
25500,-100,200,"sd","13:00:27",382200
25500,-100,100,"sd","13:00:27",382000
25500,-100,700,"sd","13:00:27",381900
25500,-100,300,"sd","13:00:20",381200
25500,-100,400,"sd","13:00:20",380900
25500,-100,500,"sd","13:00:03",380500
25500,-100,500,"sd","13:00:03",380000
25500,-100,100,"sd","13:00:03",379500
25500,-100,1000,"sd","13:00:03",379400
25500,-100,300,"sd","13:00:03",378400
25500,-100,4600,"sd","13:00:03",378100
25500,-100,4500,"sd","13:00:03",373500
25500,-100,5200,"sd","13:00:03",369000
25500,-100,100,"sd","13:00:03",363800
25500,-100,1000,"sd","13:00:02",363700
25500,-100,100,"sd","13:00:02",362700
25500,-100,100,"sd","13:00:02",362600
25500,-100,1000,"sd","13:00:02",362500
25500,-100,1000,"sd","13:00:02",361500
25500,-100,100,"sd","13:00:02",360500
25500,-100,1300,"sd","13:00:02",360400
25500,-100,1500,"sd","13:00:02",359100
25500,-100,100,"sd","13:00:02",357600
25500,-100,100,"sd","13:00:02",357500
25500,-100,3000,"sd","13:00:02",357400
25500,-100,600,"sd","13:00:02",354400
25500,-100,2000,"sd","13:00:01",353800
25500,-100,1200,"sd","13:00:01",351800
25500,-100,100,"sd","13:00:01",350600
25500,-100,100,"sd","13:00:01",350500
25500,-100,100,"sd","13:00:01",350400
25500,-100,100,"sd","13:00:01",350300
25500,-100,100,"sd","13:00:01",350200
25500,-100,100,"sd","13:00:01",350100
25500,-100,800,"sd","13:00:00",350000
25500,-100,100,"sd","13:00:00",349200
25500,-100,200,"sd","13:00:00",349100
25500,-100,100,"sd","13:00:00",348900
25500,-100,100,"sd","13:00:00",348800
25500,-100,100,"sd","12:59:59",348700
25500,-100,100,"sd","12:59:59",348600
25500,-100,500,"sd","12:59:59",348500
25500,-100,500,"sd","11:29:56",348000
25500,-100,1000,"sd","11:29:38",347500
25500,-100,300,"sd","11:29:38",346500
25500,-100,200,"sd","11:29:38",346200
25500,-100,3500,"sd","11:29:38",346000
25550,-50,100,"sd","11:28:19",342500
25550,-50,200,"sd","11:28:18",342400
25550,-50,100,"sd","11:27:58",342200
25500,-100,6500,"sd","11:26:33",342100
25500,-100,100,"sd","11:26:33",335600
25500,-100,700,"sd","11:26:33",335500
25500,-100,100,"sd","11:26:33",334800
25500,-100,200,"sd","11:26:33",334700
25500,-100,1200,"sd","11:26:33",334500
25500,-100,100,"sd","11:26:33",333300
25550,-50,200,"sd","11:26:33",333200
25550,-50,100,"sd","11:26:33",333000
25550,-50,800,"sd","11:26:33",332900
25550,-50,200,"sd","11:26:26",332100
25550,-50,100,"sd","11:26:26",331900
25550,-50,100,"sd","11:26:26",331800
25550,-50,500,"sd","11:26:26",331700
25550,-50,100,"sd","11:26:23",331200
25550,-50,200,"sd","11:26:11",331100
25550,-50,400,"sd","11:26:07",330900
25550,-50,700,"sd","11:26:04",330500
25550,-50,200,"sd","11:26:04",329800
25550,-50,1000,"sd","11:26:04",329600
25550,-50,100,"sd","11:26:04",328600
25550,-50,100,"sd","11:26:04",328500
25550,-50,2900,"sd","11:26:04",328400
25550,-50,1000,"sd","11:25:35",325500
25550,-50,500,"sd","11:25:00",324500
25550,-50,500,"sd","11:24:14",324000
25550,-50,100,"sd","11:22:09",323500
25550,-50,200,"sd","11:22:09",323400
25550,-50,100,"sd","11:22:09",323200
25550,-50,100,"sd","11:22:09",323100
25600,0,1000,"bu","11:22:08",323000
25600,0,300,"bu","11:21:32",322000
25600,0,100,"bu","11:20:46",321700
25550,-50,200,"sd","11:19:19",321600
25550,-50,300,"sd","11:18:22",321400
25550,-50,2100,"sd","11:16:27",321100
25550,-50,500,"sd","11:16:27",319000
25550,-50,1000,"sd","11:16:27",318500
25550,-50,200,"sd","11:16:27",317500
25550,-50,500,"sd","11:16:27",317300
25550,-50,100,"sd","11:16:27",316800
25550,-50,900,"sd","11:16:27",316700
25550,-50,100,"sd","11:16:27",315800
25550,-50,100,"sd","11:16:27",315700
25550,-50,500,"sd","11:16:27",315600
25600,0,400,"bu","11:16:24",315100
25600,0,400,"bu","11:15:31",314700
25600,0,500,"bu","11:13:44",314300
25600,0,500,"bu","11:13:10",313800
25550,-50,100,"sd","11:12:23",313300
25550,-50,100,"sd","11:12:23",313200
25550,-50,100,"sd","11:11:57",313100
25550,-50,1000,"sd","11:11:35",313000
25600,0,200,"sd","11:09:58",312000
25600,0,500,"sd","11:09:58",311800
25600,0,2000,"sd","11:09:58",311300
25600,0,300,"sd","11:09:58",309300
25600,0,700,"sd","11:09:36",309000
25600,0,300,"sd","11:09:36",308300
25600,0,200,"sd","11:08:17",308000
25600,0,500,"bu","11:07:27",307800
25600,0,4500,"bu","11:07:23",307300
25600,0,300,"bu","11:07:23",302800
25600,0,200,"bu","11:07:23",302500
25600,0,100,"bu","11:06:58",302300
25600,0,300,"bu","11:04:48",302200
25600,0,100,"bu","11:03:59",301900
25600,0,100,"bu","11:02:13",301800
25600,0,2000,"bu","11:02:09",301700
25550,-50,100,"sd","11:01:32",299700
25550,-50,700,"sd","10:59:23",299600
25550,-50,100,"sd","10:59:23",298900
25550,-50,100,"sd","10:59:23",298800
25550,-50,100,"sd","10:59:23",298700
25600,0,2000,"sd","10:59:23",298600
25600,0,500,"sd","10:59:23",296600
25600,0,1300,"sd","10:59:23",296100
25600,0,8000,"sd","10:56:38",294800
25600,0,2000,"sd","10:56:29",286800
25600,0,700,"bu","10:56:14",284800
25600,0,100,"bu","10:55:45",284100
25600,0,500,"bu","10:53:48",284000
25600,0,100,"bu","10:53:28",283500
25600,0,900,"bu","10:53:28",283400
25600,0,500,"bu","10:53:23",282500
25600,0,1000,"bu","10:53:03",282000
25600,0,1000,"bu","10:52:17",281000
25600,0,1000,"bu","10:52:05",280000
25600,0,200,"bu","10:52:05",279000
25600,0,700,"bu","10:52:05",278800
25600,0,500,"bu","10:52:04",278100
25600,0,1000,"bu","10:52:02",277600
25600,0,500,"bu","10:51:48",276600
25600,0,3000,"bu","10:51:13",276100
25600,0,1000,"bu","10:50:01",273100
25550,-50,100,"sd","10:49:42",272100
25550,-50,100,"sd","10:49:42",272000
25550,-50,100,"sd","10:49:42",271900
25550,-50,100,"sd","10:49:42",271800
25550,-50,300,"sd","10:49:09",271700
25550,-50,100,"sd","10:49:09",271400
25550,-50,100,"sd","10:49:09",271300
25550,-50,100,"sd","10:49:09",271200
25550,-50,1000,"sd","10:49:09",271100
25550,-50,100,"sd","10:49:09",270100
25550,-50,100,"sd","10:49:09",270000
25550,-50,100,"sd","10:49:09",269900
25550,-50,100,"sd","10:49:09",269800
25550,-50,100,"sd","10:49:09",269700
25550,-50,200,"sd","10:49:09",269600
25550,-50,100,"sd","10:49:09",269400
25550,-50,200,"sd","10:49:09",269300
25550,-50,100,"sd","10:49:09",269100
25550,-50,1000,"sd","10:49:09",269000
25550,-50,1000,"sd","10:49:09",268000
25550,-50,3000,"sd","10:49:09",267000
25550,-50,100,"sd","10:49:09",264000
25550,-50,100,"sd","10:49:09",263900
25550,-50,100,"sd","10:49:09",263800
25550,-50,200,"sd","10:46:12",263700
25550,-50,200,"sd","10:43:43",263500
25550,-50,200,"sd","10:43:43",263300
25550,-50,100,"sd","10:43:43",263100
25550,-50,200,"sd","10:43:43",263000
25550,-50,5000,"sd","10:43:43",262800
25550,-50,4000,"sd","10:43:43",257800
25550,-50,100,"sd","10:43:43",253800
25550,-50,100,"sd","10:43:43",253700
25550,-50,100,"sd","10:43:43",253600
25600,0,1300,"bu","10:42:15",253500
25600,0,2000,"bu","10:41:35",252200
25600,0,1000,"bu","10:41:31",250200
25600,0,700,"bu","10:41:31",249200
25600,0,300,"bu","10:40:45",248500
25600,0,3000,"bu","10:40:10",248200
25600,0,1000,"bu","10:40:09",245200
25600,0,500,"bu","10:39:52",244200
25600,0,100,"bu","10:39:52",243700
25600,0,900,"bu","10:39:52",243600
25600,0,500,"bu","10:39:07",242700
25550,-50,500,"sd","10:37:15",242200
25600,0,300,"bu","10:36:26",241700
25550,-50,1400,"sd","10:34:31",241400
25550,-50,2000,"sd","10:34:04",240000
25550,-50,200,"sd","10:34:04",238000
25550,-50,3000,"sd","10:34:04",237800
25550,-50,100,"sd","10:34:04",234800
25600,0,500,"bu","10:33:52",234700
25600,0,200,"bu","10:32:21",234200
25600,0,1600,"bu","10:31:51",234000
25600,0,100,"bu","10:31:51",232400
25600,0,200,"bu","10:31:51",232300
25600,0,100,"bu","10:31:43",232100
25550,-50,1000,"sd","10:31:31",232000
25550,-50,100,"sd","10:31:31",231000
25550,-50,200,"sd","10:31:31",230900
25550,-50,200,"sd","10:31:31",230700
25550,-50,500,"sd","10:31:31",230500
25600,0,100,"bu","10:30:16",230000
25600,0,500,"bu","10:28:40",229900
25600,0,100,"bu","10:27:09",229400
25600,0,4000,"bu","10:27:09",229300
25600,0,900,"bu","10:27:09",225300
25600,0,100,"bu","10:26:39",224400
25600,0,100,"bu","10:26:39",224300
25600,0,800,"bu","10:26:39",224200
25600,0,2200,"bu","10:26:20",223400
25600,0,3000,"bu","10:25:03",221200
25600,0,400,"bu","10:24:31",218200
25600,0,1000,"bu","10:23:32",217800
25600,0,2600,"sd","10:21:48",216800
25600,0,200,"sd","10:21:30",214200
25600,0,400,"bu","10:21:12",214000
25600,0,200,"bu","10:21:12",213600
25600,0,6600,"bu","10:21:12",213400
25600,0,100,"bu","10:21:03",206800
25600,0,300,"bu","10:20:31",206700
25550,-50,5000,"sd","10:15:17",206400
25600,0,100,"sd","10:15:17",201400
25550,-50,100,"sd","10:15:17",201300
25600,0,1000,"sd","10:15:17",201200
25550,-50,100,"sd","10:15:17",200200
25550,-50,100,"sd","10:15:17",200100
25600,0,3000,"sd","10:15:17",200000
25550,-50,500,"sd","10:15:17",197000
25550,-50,5000,"sd","10:15:17",196500
25600,0,6500,"sd","10:15:17",191500
25550,-50,100,"sd","10:15:17",185000
25550,-50,100,"sd","10:15:17",184900
25550,-50,500,"sd","10:15:17",184800
25550,-50,100,"sd","10:15:17",184300
25600,0,700,"sd","10:15:17",184200
25600,0,100,"sd","10:15:17",183500
25600,0,1000,"sd","10:15:17",183400
25600,0,3000,"sd","10:15:17",182400
25600,0,3000,"sd","10:15:17",179400
25650,50,200,"bu","10:12:52",176400
25650,50,5300,"bu","10:12:38",176200
25650,50,500,"bu","10:12:38",170900
25650,50,500,"bu","10:09:10",170400
25650,50,1000,"bu","10:09:10",169900
25650,50,100,"bu","10:09:10",168900
25650,50,200,"bu","10:09:10",168800
25650,50,200,"bu","10:09:10",168600
25650,50,300,"bu","10:08:57",168400
25650,50,1700,"bu","10:08:57",168100
25600,0,300,"sd","10:08:53",166400
25650,50,1300,"bu","10:08:51",166100
25650,50,700,"bu","10:08:51",164800
25650,50,100,"bu","10:06:46",164100
25650,50,100,"bu","10:06:45",164000
25650,50,100,"bu","10:06:25",163900
25650,50,100,"bu","10:06:25",163800
25650,50,500,"bu","10:05:51",163700
25650,50,1400,"bu","10:04:44",163200
25650,50,500,"bu","10:04:44",161800
25650,50,100,"bu","10:04:44",161300
25600,0,3200,"sd","10:04:01",161200
25600,0,100,"sd","10:04:01",158000
25600,0,2000,"sd","10:04:01",157900
25600,0,200,"sd","10:04:01",155900
25600,0,500,"sd","10:04:01",155700
25600,0,100,"sd","10:04:01",155200
25600,0,100,"sd","10:04:01",155100
25600,0,600,"sd","10:04:01",155000
25600,0,100,"sd","10:04:01",154400
25600,0,100,"sd","10:04:01",154300
25600,0,1000,"sd","10:04:01",154200
25650,50,2000,"bu","10:02:26",153200
25650,50,100,"sd","10:01:44",151200
25650,50,500,"sd","10:01:44",151100
25650,50,2300,"sd","10:01:44",150600
25650,50,2700,"sd","10:01:16",148300
25650,50,3000,"sd","10:01:16",145600
25650,50,3000,"sd","10:01:16",142600
25650,50,300,"sd","10:01:16",139600
25650,50,100,"sd","10:00:35",139300
25650,50,100,"sd","09:59:46",139200
25650,50,3000,"sd","09:59:43",139100
25650,50,100,"bu","09:59:42",136100
25650,50,200,"bu","09:59:42",136000
25650,50,500,"bu","09:59:42",135800
25650,50,700,"bu","09:59:42",135300
25650,50,300,"bu","09:59:33",134600
25650,50,100,"bu","09:59:33",134300
25650,50,600,"bu","09:59:33",134200
25650,50,600,"bu","09:59:32",133600
25650,50,1200,"bu","09:59:32",133000
25650,50,200,"bu","09:59:32",131800
25650,50,1000,"bu","09:59:32",131600
25650,50,200,"bu","09:58:50",130600
25600,0,200,"sd","09:57:18",130400
25600,0,600,"sd","09:56:11",130200
25600,0,2000,"sd","09:54:58",129600
25600,0,300,"bu","09:53:37",127600
25600,0,300,"bu","09:53:37",127300
25550,-50,4200,"sd","09:53:33",127000
25550,-50,900,"sd","09:53:33",122800
25550,-50,100,"sd","09:53:33",121900
25550,-50,1000,"sd","09:53:33",121800
25550,-50,200,"sd","09:53:33",120800
25550,-50,500,"sd","09:53:33",120600
25550,-50,1000,"sd","09:53:33",120100
25550,-50,1000,"sd","09:53:33",119100
25550,-50,100,"sd","09:53:33",118100
25600,0,1000,"sd","09:53:08",118000
25600,0,1700,"sd","09:53:08",117000
25600,0,1000,"bu","09:51:42",115300
25600,0,1000,"bu","09:51:42",114300
25600,0,1000,"bu","09:51:42",113300
25600,0,300,"bu","09:51:42",112300
25550,-50,800,"sd","09:51:34",112000
25550,-50,200,"sd","09:51:34",111200
25550,-50,1000,"sd","09:51:32",111000
25550,-50,600,"sd","09:50:51",110000
25550,-50,100,"sd","09:50:51",109400
25600,0,800,"sd","09:50:04",109300
25600,0,100,"sd","09:50:04",108500
25600,0,100,"sd","09:50:04",108400
25600,0,700,"sd","09:50:04",108300
25600,0,100,"sd","09:49:12",107600
25600,0,700,"sd","09:48:48",107500
25600,0,200,"sd","09:48:48",106800
25600,0,100,"sd","09:48:48",106600
25600,0,400,"sd","09:48:20",106500
25600,0,500,"sd","09:48:20",106100
25600,0,100,"sd","09:48:20",105600
25600,0,4700,"sd","09:47:54",105500
25600,0,1800,"sd","09:47:50",100800
25600,0,3500,"sd","09:47:34",99000
25600,0,200,"sd","09:47:34",95500
25600,0,1300,"sd","09:47:34",95300
25600,0,500,"sd","09:47:15",94000
25600,0,900,"sd","09:46:45",93500
25600,0,2000,"sd","09:46:34",92600
25600,0,300,"sd","09:46:09",90600
25600,0,100,"sd","09:46:09",90300
25600,0,300,"sd","09:46:09",90200
25600,0,100,"sd","09:46:05",89900
25600,0,300,"sd","09:46:00",89800
25600,0,300,"sd","09:45:26",89500
25600,0,100,"sd","09:45:26",89200
25600,0,300,"sd","09:45:26",89100
25600,0,300,"sd","09:45:26",88800
25600,0,1400,"sd","09:44:50",88500
25650,50,200,"bu","09:44:17",87100
25650,50,300,"bu","09:42:08",86900
25650,50,200,"bu","09:41:54",86600
25650,50,800,"bu","09:41:54",86400
25650,50,200,"bu","09:41:35",85600
25650,50,100,"bu","09:41:35",85400
25650,50,200,"bu","09:41:35",85300
25650,50,200,"bu","09:41:12",85100
25650,50,200,"sd","09:40:08",84900
25650,50,100,"sd","09:40:08",84700
25650,50,200,"bu","09:38:52",84600
25650,50,800,"bu","09:38:05",84400
25650,50,200,"bu","09:38:05",83600
25600,0,100,"sd","09:37:13",83400
25600,0,300,"sd","09:37:13",83300
25600,0,3400,"sd","09:37:13",83000
25600,0,100,"sd","09:37:13",79600
25600,0,100,"sd","09:37:13",79500
25600,0,3400,"sd","09:37:13",79400
25600,0,2000,"sd","09:37:13",76000
25600,0,100,"sd","09:37:13",74000
25600,0,500,"sd","09:37:13",73900
25650,50,100,"bu","09:37:11",73400
25650,50,700,"sd","09:36:59",73300
25650,50,1000,"sd","09:36:48",72600
25650,50,1000,"bu","09:35:55",71600
25650,50,300,"bu","09:35:55",70600
25650,50,1900,"bu","09:35:50",70300
25650,50,100,"bu","09:35:50",68400
25650,50,100,"bu","09:35:36",68300
25650,50,800,"bu","09:35:36",68200
25650,50,100,"bu","09:35:36",67400
25650,50,2800,"sd","09:34:37",67300
25650,50,400,"sd","09:34:37",64500
25650,50,500,"sd","09:34:37",64100
25650,50,1200,"sd","09:34:37",63600
25650,50,200,"sd","09:34:26",62400
25650,50,4800,"sd","09:34:26",62200
25650,50,100,"sd","09:33:41",57400
25650,50,1000,"bu","09:32:49",57300
25650,50,100,"bu","09:32:49",56300
25650,50,1000,"bu","09:32:49",56200
25650,50,500,"bu","09:32:49",55200
25650,50,1000,"bu","09:32:47",54700
25650,50,2000,"bu","09:31:32",53700
25650,50,2000,"bu","09:31:23",51700
25650,50,5000,"bu","09:30:46",49700
25600,0,800,"sd","09:30:34",44700
25600,0,100,"sd","09:30:13",43900
25650,50,1400,"sd","09:29:28",43800
25650,50,3200,"sd","09:29:28",42400
25650,50,600,"sd","09:29:14",39200
25650,50,3000,"bu","09:29:00",38600
25650,50,300,"bu","09:29:00",35600
25650,50,2900,"bu","09:29:00",35300
25650,50,700,"bu","09:27:59",32400
25650,50,1400,"bu","09:27:40",31700
25650,50,200,"bu","09:27:40",30300
25650,50,1000,"bu","09:27:40",30100
25650,50,400,"bu","09:27:40",29100
25600,0,100,"bu","09:26:47",28700
25600,0,600,"bu","09:26:47",28600
25600,0,100,"bu","09:25:09",28000
25600,0,100,"sd","09:25:06",27900
25600,0,3200,"sd","09:25:06",27800
25600,0,100,"sd","09:25:06",24600
25600,0,100,"sd","09:25:06",24500
25600,0,1000,"sd","09:25:06",24400
25600,0,100,"sd","09:25:06",23400
25600,0,100,"sd","09:25:06",23300
25600,0,1200,"sd","09:25:06",23200
25650,50,100,"bu","09:24:58",22000
25650,50,400,"bu","09:24:58",21900
25600,0,100,"sd","09:20:50",21500
25600,0,900,"sd","09:20:50",21400
25600,0,1000,"sd","09:20:30",20500
25650,50,100,"sd","09:20:15",19500
25650,50,900,"sd","09:20:15",19400
25650,50,100,"sd","09:20:15",18500
25700,100,200,"bu","09:18:07",18400
25700,100,100,"bu","09:17:48",18200
25700,100,7600,"bu","09:17:44",18100
25700,100,4000,"bu","09:17:44",10500
25700,100,2000,"bu","09:17:44",6500
25700,100,100,"bu","09:17:44",4500
25700,100,100,"bu","09:16:49",4400
25800,200,500,"bu","09:15:26",4300
25800,200,3800,"bu","09:15:01",3800
