"price","change","match_qtty","side","time","total_vol"
11800,50,20900,"unknown","14:45:00",331300
11800,50,200,"bu","14:28:36",310400
11800,50,3700,"bu","14:28:28",310200
11800,50,100,"bu","14:28:28",306500
11800,50,1000,"bu","14:28:28",306400
11800,50,2000,"bu","14:28:28",305400
11800,50,200,"bu","14:28:28",303400
11800,50,300,"bu","14:27:48",303200
11800,50,100,"bu","14:27:35",302900
11750,0,2000,"bu","14:26:03",302800
11750,0,900,"bu","14:26:03",300800
11750,0,2600,"bu","14:26:00",299900
11750,0,400,"bu","14:26:00",297300
11750,0,300,"bu","14:25:31",296900
11750,0,200,"bu","14:25:31",296600
11750,0,500,"bu","14:25:27",296400
11750,0,100,"bu","14:25:16",295900
11750,0,900,"sd","14:24:29",295800
11750,0,500,"sd","14:24:29",294900
11750,0,100,"sd","14:24:29",294400
11750,0,700,"sd","14:24:29",294300
11750,0,3000,"sd","14:24:12",293600
11750,0,1000,"sd","14:22:17",290600
11750,0,300,"sd","14:19:46",289600
11750,0,700,"sd","14:19:46",289300
11750,0,100,"sd","14:16:40",288600
11750,0,2200,"sd","14:16:39",288500
11750,0,2800,"sd","14:16:39",286300
11750,0,400,"sd","14:16:13",283500
11750,0,100,"sd","14:15:51",283100
11750,0,1000,"sd","14:15:08",283000
11800,50,100,"bu","14:13:41",282000
11750,0,400,"sd","14:13:19",281900
11750,0,100,"sd","14:12:24",281500
11750,0,200,"sd","14:11:59",281400
11750,0,400,"sd","14:11:58",281200
11750,0,3000,"sd","14:11:58",280800
11750,0,1400,"sd","14:11:58",277800
11750,0,5000,"sd","14:10:38",276400
11800,50,200,"bu","14:05:15",271400
11750,0,1200,"bu","14:04:55",271200
11750,0,2400,"bu","14:04:55",270000
11750,0,2600,"sd","14:04:04",267600
11750,0,500,"bu","14:03:16",265000
11750,0,1900,"bu","14:03:16",264500
11750,0,100,"bu","14:03:08",262600
11750,0,300,"bu","14:01:42",262500
11750,0,800,"bu","14:01:42",262200
11750,0,100,"bu","14:00:25",261400
11700,-50,500,"sd","13:58:13",261300
11700,-50,1600,"sd","13:57:56",260800
11700,-50,300,"sd","13:57:43",259200
11700,-50,1000,"sd","13:57:28",258900
11700,-50,100,"sd","13:57:12",257900
11750,0,1000,"bu","13:56:10",257800
11750,0,3800,"sd","13:55:48",256800
11750,0,3400,"sd","13:55:48",253000
11750,0,100,"sd","13:55:13",249600
11750,0,100,"bu","13:53:51",249500
11750,0,4300,"bu","13:53:51",249400
11750,0,500,"sd","13:52:21",245100
11750,0,500,"sd","13:51:06",244600
11750,0,500,"sd","13:51:06",244100
11750,0,500,"sd","13:50:57",243600
11750,0,100,"sd","13:49:03",243100
11800,50,500,"bu","13:43:34",243000
11700,-50,1100,"sd","13:40:58",242500
11700,-50,700,"sd","13:40:19",241400
11700,-50,100,"sd","13:40:19",240700
11750,0,1200,"sd","13:40:19",240600
11700,-50,800,"bu","13:34:24",239400
11700,-50,1000,"bu","13:34:21",238600
11700,-50,100,"bu","13:34:17",237600
11700,-50,500,"bu","13:34:14",237500
11700,-50,5000,"bu","13:34:13",237000
11700,-50,5000,"bu","13:33:50",232000
11700,-50,5000,"bu","13:33:00",227000
11700,-50,50000,"bu","13:32:16",222000
11650,-100,500,"sd","13:30:57",172000
11650,-100,500,"sd","13:26:13",171500
11650,-100,100,"bu","13:25:21",171000
11650,-100,200,"bu","13:25:21",170900
11650,-100,1000,"bu","13:25:06",170700
11650,-100,3000,"bu","13:25:05",169700
11650,-100,100,"bu","13:25:01",166700
11650,-100,700,"bu","13:24:47",166600
11650,-100,2400,"bu","13:24:47",165900
11650,-100,2900,"bu","13:24:47",163500
11650,-100,300,"bu","13:24:45",160600
11650,-100,2200,"bu","13:24:42",160300
11650,-100,500,"bu","13:22:26",158100
11650,-100,500,"bu","13:22:24",157600
11650,-100,600,"bu","13:22:00",157100
11650,-100,400,"bu","13:22:00",156500
11650,-100,100,"bu","13:21:38",156100
11650,-100,1000,"bu","13:21:23",156000
11650,-100,100,"bu","13:21:18",155000
11650,-100,100,"bu","13:20:40",154900
11650,-100,100,"bu","13:19:40",154800
11600,-150,2000,"sd","13:17:35",154700
11600,-150,1300,"sd","13:17:35",152700
11600,-150,5000,"sd","13:17:35",151400
11600,-150,200,"sd","13:17:35",146400
11600,-150,500,"sd","13:17:35",146200
11600,-150,100,"sd","13:17:35",145700
11600,-150,1000,"sd","13:17:35",145600
11600,-150,1000,"sd","13:17:35",144600
11650,-100,200,"sd","13:16:01",143600
11650,-100,100,"bu","13:14:51",143400
11650,-100,300,"bu","13:14:48",143300
11650,-100,5000,"unknown","13:14:48",143000
11650,-100,2000,"sd","13:14:48",138000
11650,-100,1000,"sd","13:14:48",136000
11650,-100,1000,"sd","13:14:48",135000
11650,-100,100,"sd","13:14:48",134000
11650,-100,500,"sd","13:14:48",133900
11650,-100,500,"sd","13:13:44",133400
11700,-50,200,"bu","13:13:20",132900
11700,-50,1000,"bu","13:10:03",132700
11650,-100,800,"bu","13:09:50",131700
11650,-100,1200,"bu","13:09:47",130900
11650,-100,800,"bu","13:09:47",129700
11650,-100,100,"bu","13:09:24",128900
11650,-100,100,"bu","13:09:08",128800
11650,-100,400,"bu","13:08:57",128700
11650,-100,5000,"bu","13:08:41",128300
11650,-100,2000,"bu","13:08:41",123300
11650,-100,800,"bu","13:08:41",121300
11650,-100,500,"bu","13:08:41",120500
11650,-100,100,"bu","13:08:41",120000
11650,-100,500,"bu","13:08:41",119900
11650,-100,500,"sd","13:08:41",119400
11650,-100,200,"sd","13:08:41",118900
11650,-100,300,"sd","13:08:23",118700
11650,-100,1000,"sd","13:08:23",118400
11650,-100,1000,"sd","13:08:23",117400
11650,-100,1000,"sd","13:07:26",116400
11700,-50,500,"bu","13:06:52",115400
11700,-50,1900,"sd","13:06:30",114900
11700,-50,1000,"sd","13:06:30",113000
11700,-50,100,"sd","13:06:30",112000
11700,-50,200,"sd","13:06:30",111900
11700,-50,500,"sd","13:06:30",111700
11700,-50,5000,"sd","13:06:30",111200
11700,-50,100,"sd","13:06:30",106200
11700,-50,500,"sd","13:06:30",106100
11700,-50,100,"sd","13:06:30",105600
11700,-50,1000,"sd","13:06:30",105500
11700,-50,1000,"sd","13:06:30",104500
11700,-50,100,"sd","13:06:30",103500
11700,-50,100,"sd","13:06:30",103400
11700,-50,500,"sd","13:06:30",103300
11700,-50,1000,"sd","13:06:30",102800
11700,-50,200,"sd","13:06:30",101800
11700,-50,100,"sd","13:06:30",101600
11700,-50,400,"sd","13:05:49",101500
11700,-50,900,"sd","13:05:49",101100
11700,-50,1000,"sd","13:05:49",100200
11700,-50,500,"sd","13:05:49",99200
11700,-50,1000,"sd","13:05:49",98700
11750,0,100,"sd","13:04:50",97700
11750,0,600,"sd","13:04:50",97600
11750,0,400,"sd","13:04:34",97000
11750,0,1000,"sd","13:04:34",96600
11750,0,500,"sd","13:04:34",95600
11750,0,500,"sd","13:04:34",95100
11750,0,800,"sd","13:04:34",94600
11750,0,500,"sd","13:04:34",93800
11750,0,5000,"sd","13:04:34",93300
11750,0,1300,"sd","13:04:34",88300
11750,0,700,"sd","13:03:45",87000
11750,0,500,"sd","13:03:45",86300
11750,0,800,"sd","13:03:45",85800
11750,0,100,"sd","13:03:45",85000
11750,0,200,"sd","13:03:45",84900
11750,0,200,"sd","13:03:45",84700
11750,0,500,"sd","13:03:45",84500
11800,50,3900,"sd","13:02:38",84000
11800,50,500,"sd","13:00:22",80100
11800,50,2000,"sd","13:00:14",79600
11800,50,3600,"bu","13:00:10",77600
11800,50,100,"unknown","13:00:04",74000
11800,50,1100,"sd","13:00:04",73900
11800,50,1000,"sd","11:28:23",72800
11800,50,100,"sd","11:27:52",71800
11800,50,1000,"sd","11:27:24",71700
11800,50,200,"sd","11:27:15",70700
11850,100,800,"bu","11:23:34",70500
11850,100,4200,"bu","11:23:34",69700
11850,100,800,"bu","11:20:25",65500
11850,100,1000,"bu","11:20:25",64700
11850,100,3000,"bu","11:20:25",63700
11850,100,200,"bu","11:20:25",60700
11800,50,2000,"bu","11:17:40",60500
11800,50,4600,"bu","11:17:40",58500
11800,50,300,"bu","11:15:00",53900
11800,50,500,"bu","11:14:24",53600
11800,50,100,"sd","11:13:34",53100
11800,50,2000,"sd","11:13:34",53000
11800,50,200,"sd","11:13:34",51000
11800,50,100,"sd","11:13:34",50800
11800,50,100,"sd","11:13:34",50700
11800,50,600,"sd","11:13:34",50600
11800,50,100,"sd","11:13:34",50000
11800,50,1400,"sd","11:13:34",49900
11800,50,1000,"sd","11:10:02",48500
11800,50,600,"sd","11:09:07",47500
11800,50,100,"sd","11:09:07",46900
11800,50,100,"sd","11:09:07",46800
11800,50,200,"sd","11:09:07",46700
11850,100,200,"bu","11:06:21",46500
11800,50,100,"sd","10:57:49",46300
11850,100,100,"bu","10:52:04",46200
11850,100,3500,"bu","10:47:57",46100
11850,100,100,"bu","10:47:57",42600
11850,100,400,"bu","10:47:57",42500
11850,100,500,"bu","10:45:28",42100
11850,100,500,"bu","10:45:27",41600
11750,0,100,"sd","10:44:20",41100
11850,100,500,"bu","10:40:39",41000
11850,100,4500,"bu","10:40:39",40500
11850,100,4500,"bu","10:38:58",36000
11850,100,500,"bu","10:38:58",31500
11750,0,700,"sd","10:25:09",31000
11750,0,1500,"sd","10:21:31",30300
11850,100,500,"bu","10:21:20",28800
11850,100,500,"bu","10:21:20",28300
11750,0,100,"sd","10:19:24",27800
11750,0,100,"sd","10:15:05",27700
11750,0,200,"bu","10:13:23",27600
11750,0,100,"bu","10:13:23",27400
11750,0,100,"bu","10:13:23",27300
11750,0,1000,"bu","10:13:23",27200
11750,0,600,"bu","10:13:23",26200
11750,0,400,"bu","10:13:14",25600
11750,0,2000,"bu","10:12:46",25200
11750,0,2000,"bu","10:12:46",23200
11750,0,1000,"bu","10:12:46",21200
11700,-50,400,"sd","10:12:11",20200
11700,-50,200,"sd","10:12:11",19800
11700,-50,100,"sd","10:06:50",19600
11750,0,1000,"bu","09:56:31",19500
11750,0,200,"bu","09:55:35",18500
11750,0,1000,"bu","09:49:16",18300
11750,0,200,"bu","09:48:30",17300
11750,0,500,"sd","09:47:42",17100
11750,0,800,"sd","09:47:42",16600
11750,0,1300,"sd","09:47:42",15800
11750,0,100,"sd","09:47:30",14500
11750,0,100,"sd","09:45:58",14400
11750,0,200,"sd","09:38:56",14300
11750,0,3000,"sd","09:38:09",14100
11750,0,1000,"sd","09:38:09",11100
11750,0,300,"sd","09:38:09",10100
11750,0,100,"sd","09:38:09",9800
11750,0,500,"sd","09:38:09",9700
11750,0,4200,"sd","09:38:09",9200
11800,50,500,"sd","09:33:15",5000
11800,50,400,"sd","09:33:15",4500
11800,50,200,"sd","09:25:05",4100
11800,50,400,"sd","09:24:31",3900
11900,150,100,"bu","09:21:00",3500
11900,150,100,"bu","09:18:23",3400
11750,0,2800,"bu","09:16:25",3300
11750,0,500,"bu","09:15:01",500
